3490 4924
168 188 182 53 JLJBL
396 188 526 51 semaine

194 322 21 26 Il
231 331 14 28 y
262 331 15 18 a
293 321 139 37 quelques
445 322 117 30 années,
575 328 37 18 un
627 320 164 34 gentleman
804 321 118 34 anglais,

159 358 35 27 M.
215 358 167 35 Whymper,
403 357 136 34 alpiniste
561 357 167 33 passionné,
743 356 97 27 faisait
859 357 52 26 l'as-

159 393 118 26 cension
292 393 84 26 d'une
389 392 34 26 de
439 400 53 18 nos
506 390 89 27 belles
615 393 170 33 montagnes
803 392 103 34 dauphi-

159 429 109 27 noises.
287 428 41 26 Un
345 429 87 32 jeune
446 426 171 26 instituteur
631 426 38 26 du
689 433 70 27 pays
775 426 33 26 do
826 426 81 34 Yalgo-

159 464 99 26 demar
281 462 237 35 l'accompagnait
533 464 28 24 et
582 462 105 33 portait
706 462 216 27 bénévolement

159 498 26 26 la
200 498 143 35 gibecière
371 506 56 18 aux
452 496 174 34 provisions.
651 497 129 27 Pendant
807 497 26 26 la
859 498 48 26 des-

159 537 80 24 cente
265 536 17 24 à
304 542 39 18 un
359 541 120 26 passage
500 531 34 26 de
557 531 107 35 glacier
686 541 80 18 assez
797 533 125 32 difficile,

159 569 142 26 nécessité
327 568 44 26 fut
399 568 161 26 d'exécuter
588 576 38 17 un
653 569 65 25 saut
735 569 34 25 de
785 568 137 34 quelques

159 605 116 32 mètres,
293 606 27 24 et
333 604 24 26 le
373 604 103 26 maître
489 598 104 31 d'école
608 602 118 26 hésitait
737 602 103 27 devant
852 606 71 24 cette

159 639 213 35 gymnastique.
389 638 161 34 L'Anglais,
563 638 180 34 impatienté,
761 647 86 26 passa
859 639 48 25 der-

159 674 73 26 rière
254 674 40 26 lui
313 677 27 24 et
356 674 25 26 le
394 681 106 26 poussa
513 673 39 26 du
565 673 74 33 pied,
650 681 30 18 ce
692 674 48 32 qui
757 673 38 26 lui
813 674 32 26 fit
853 673 70 27 faiï'è

159 718 54 18 une
226 709 124 27 cabriole
361 707 50 37 qui
419 709 86 33 n'eut,
515 707 156 33 d'ailleurs,
680 709 107 26 d'autre
803 709 119 26 résultat

159 745 119 26 fâcheux
289 752 54 26 que
360 743 26 27 la
403 744 165 34 dispersion
583 744 51 25 des
650 743 163 27 victuailles
831 752 51 18 sur
898 744 25 26 la

158 781 84 34 neige
257 781 28 24 et
304 780 26 25 le
350 778 59 26 bris
432 778 84 26 d'une
533 778 136 26 bouteille
691 778 34 26 do
741 778 177 26 chartreuse.

158 816 37 25 M.
214 815 158 33 Whymper
381 814 70 26 s'est
462 813 116 35 complu
593 815 15 24 à
626 813 104 27 relater
741 816 43 25 cet
795 814 128 27 incident

157 849 163 27 minuscule
331 849 71 26 dans
415 856 52 19 son
478 849 70 26 livre
557 849 115 26 intitulé
684 850 239 32 Mounlaiiicring:

157 885 203 27 Evidemment
373 893 73 26 pour
468 883 80 27 avoir
565 882 151 28 l'occasion
732 885 34 27 de
780 887 143 25 constater

158 921 26 26 la
198 920 144 27 nervosité
359 920 34 26 de
409 920 81 26 notre
510 921 210 33 tempérament
743 920 128 27 national
895 922 27 25 et

158 964 51 19 son
231 957 144 25 contraste
396 964 67 18 avec
485 954 24 26 le
533 954 165 35 sang-froid
724 956 195 34 britannique,

207 990 214 35 mperturbablc
436 993 27 24 et
480 990 194 32 indéfectible,
690 999 111 18 comme
813 991 109 26 chacun

157 1026 65 32 sait,
239 1026 138 34 l'Anglais
389 1033 33 19 se
441 1028 131 33 targuant
588 1026 87 26 d'être
699 1026 131 33 toujours
848 1028 56 25 maî-

157 1064 43 24 tre
215 1061 34 27 de
265 1070 48 18 ses
328 1061 89 27 nerfs.

191 1124 14 13 «
226 1115 21 26 Il
268 1114 129 33 hésitait,
425 1114 41 26 dit
491 1114 169 34 Whymper,
690 1113 18 27 il
728 1114 115 34 prenait
869 1123 52 17 son

157 1150 72 32 élan,
246 1150 67 34 puis
337 1150 143 26 s'arrêtait
500 1152 91 31 court,
607 1149 146 33 proférant
767 1149 50 27 des
830 1149 76 26 inter-

155 1186 124 33 jections
304 1185 156 35 agitées...
485 1183 74 33 Bref,
581 1183 94 26 c'était
691 1193 38 17 un
745 1183 132 33 Français
892 1187 28 24 et

156 1221 70 26 c'est
239 1228 81 19 assez
335 1219 71 27 dire.
423 1230 13 13 »

190 1264 39 26 Hé
250 1264 78 30 bien,
356 1271 52 26 par
423 1271 47 17 ma
497 1261 56 26 foi!
581 1261 19 26 il
622 1270 44 18 me
687 1263 109 26 sërnble
816 1271 54 26 que
896 1263 24 26 le

157 1299 72 33 petit
239 1300 104 25 maître
358 1298 104 26 d'école
480 1297 174 35 dauphinois
669 1297 76 27 ainsi
758 1298 83 27 traité
855 1306 50 26 par-

157 1335 120 25 dessous
293 1332 103 34 jambe,
407 1332 46 33 (de
470 1333 78 26 toute
565 1332 103 35 façon),
685 1341 48 26 par
749 1332 122 27 l'auteur
886 1333 33 27 de

156 1370 228 31 Mountaincrhir/
411 1370 15 25 à
451 1368 26 26 la
503 1368 133 27 descente
666 1368 66 26 d'un
752 1368 105 37 glacier
882 1370 37 25 du

155 1404 136 33 Pelvoux,
302 1406 69 32 peut
385 1404 123 33 prendre
522 1404 184 33 aujourd'hui
720 1411 32 19 sa
781 1404 138 26 revanche

155 1448 51 18 sur
226 1439 25 27 le
270 1440 109 26 célèbre
394 1439 165 35 sang.-froid
579 1439 187 34 britannique
789 1448 67 18 avec,
878 1439 40 27 les

155 1475 78 26 accès
250 1475 33 26 de
302 1475 144 26 nervosité
463 1474 143 26 délirante
634 1474 151 35 (délirante
804 1475 116 34 jusqu'à

155 1509 27 26 la
208 1509 135 27 brutalité
369 1508 159 27 criminelle
542 1508 19 34 1)
574 1508 4 34 :
598 1511 38 25 où
664 1518 31 18 se
726 1509 133 26 convulsé
894 1509 26 26 la

155 1544 168 37 population
344 1545 109 26 entière
472 1544 34 27 de
527 1545 125 26 Londres
678 1546 15 25 à
716 1545 110 34 chaque
844 1553 56 18 nou-

154 1580 71 26 velle
240 1580 65 26 d'un
326 1580 137 33 avantage
485 1580 145 33 remporté
645 1587 50 19 sur
710 1579 40 27 les
767 1580 89 26 Boers
868 1589 51 26 par

155 1615 40 27 les
217 1615 90 26 forces
322 1615 155 26 militaires
497 1613 152 27 colossales
663 1615 152 34 expédiées
831 1615 71 26 d'An-

154 1650 124 35 gleterre
301 1652 17 22 à
338 1650 91 35 grand
444 1649 156 30 rciifort.de
618 1650 126 26 millions
767 1652 98 25 contre
879 1659 38 18 un

155 1685 72 34 petit
252 1685 103 34 peuple
376 1685 34 26 de
431 1693 123 26 paysans
580 1685 155 26 défendant
756 1685 63 26 leur
842 1685 61 26 indé-

154 1720 148 35 pendance
315 1720 4 35 !

185 1763 84 26 Voilà
281 1763 94 26 tantôt
386 1765 67 33 sept
464 1763 74 26 mois
555 1763 102 34 qu'elle
669 1763 79 32 dure,
763 1765 72 26 cette
844 1763 72 28 lutte

154 1799 65 35 plus
231 1798 170 37 qu'inégale,
418 1800 35 26 où
468 1800 19 25 il
498 1808 69 17 aura
582 1798 67 27 fallu
669 1799 76 27 deux
759 1802 65 24 cent
837 1800 80 34 vingt

154 1835 79 26 mille
242 1834 109 27 soldats
363 1835 110 33 anglais
489 1843 72 26 pour
572 1834 156 34 débloquer
742 1835 159 26 successive-

154 1872 79 24 ment
248 1872 30 24 et
287 1871 17 25 à
315 1870 124 26 distants
456 1869 164 27 intervalles
634 1870 172 35 Kirnberle.y,
830 1871 70 33 Lady-

154 1905 90 27 smith
257 1906 27 26 et
301 1905 154 34 Mafeking,
472 1906 27 25 et
509 1905 35 26 où
561 1904 24 27 le
599 1904 112 35 général
729 1905 69 26 bo'cr
811 1906 105 33 Kronje

154 1949 65 18 avec
230 1948 47 19 ses
292 1939 71 27 trois
385 1941 78 25 mille
480 1939 93 33 héros,
591 1949 15 17 a
622 1939 39 26 dû
683 1939 92 33 céder,
793 1943 124 24 terrassé

152 1984 52 26 par
221 1975 158 27 l'infection
406 1975 66 27 d'un
500 1975 131 26 charnier
656 1975 133 33 horrible,
808 1977 15 25 à
849 1985 50 26 qua-

152 2011 79 26 rante
255 2011 79 26 mille
358 2010 180 27 adversaires
559 2011 94 26 armés
676 2011 84 26 d'une
776 2010 138 27 artillerie

152 2046 216 33 démesurée...
392 2046 45 33 Et,
450 2048 17 24 à
480 2046 110 26 chacun
605 2046 35 26 de
652 2053 46 19 ces
718 2047 99 25 succès
844 2047 70 26 —si

152 2089 30 18 ce
197 2088 67 19 nom
279 2081 103 26 mérite
397 2081 87 26 d'être
500 2081 96 26 donné
612 2082 15 24 à
643 2081 33 26 de
689 2081 53 26 tels
759 2081 65 26 faits
841 2081 60 27 d'ar-

152 2124 109 18 mes—
278 2115 40 26 c'a
338 2117 44 25 été
398 2122 32 19 en
457 2115 177 34 Angleterre,
660 2115 73 27 dans
749 2115 25 26 la
793 2115 122 35 capitale

152 2153 124 30 surtout,
309 2160 38 17 un
371 2150 78 27 oubli
476 2151 80 31 total,
581 2160 54 17 une
663 2151 252 28 invraisemblable

152 2186 167 27 défaillance
335 2186 39 26 du
389 2186 163 33 sang-froid
575 2186 163 35 proverbial
752 2187 33 26 de
806 2187 26 26 la
852 2193 63 20 race

151 2220 176 37 anglaise...
350 2223 26 24 et
390 2229 33 18 en
449 2220 92 27 même
561 2223 93 33 temps
671 2230 37 17 un
729 2222 126 27 démenti
873 2219 28 28 in-

150 2257 148 26 conscient
322 2257 74 26 mais
426 2256 91 27 direct
543 2258 27 25 et
589 2256 170 27 formidable
781 2259 102 25 asséné
900 2259 14 24 à

150 2300 52 18 son
224 2301 56 18 non
307 2293 94 26 moins
429 2291 162 34 proverbial
613 2291 119 35 orgueil.
758 2293 53 25 Car
834 2293 57 26 vrai
905 2291 6 26 !

150 2326 213 38 pour'célébrer
373 2335 51 27 par
436 2328 50 25 des
498 2327 235 26 manifestations
746 2327 79 26 aussi
834 2329 65 32 éper-

151 2362 119 27 dument
282 2362 380 34 disproportionnées,aussi
676 2362 237 33 burlesquoment

149 2399 230 33 extravagantes,-
415 2396 110 27 d'aussi
566 2396 51 27 ché
622 2396 46 26 tifs
697 2399 155 31 avantages
887 2399 26 24 et

150 2432 113 26 achetés
278 2433 65 24 d'un
358 2431 37 27 tel
417 2432 74 33 prix,
516 2431 19 25 il
548 2431 61 26 faut
630 2431 79 26 avoir
720 2431 123 34 quelque
857 2440 56 26 peu

150 2466 94 27 oublié
260 2466 90 27 d'être
365 2466 51 27 fier
428 2466 57 27 1...

183 2512 146 26 Peut-être
353 2519 17 26 y
394 2510 131 27 aurait-il
552 2510 57 27 lieu
638 2510 34 27 de
703 2510 133 34 rappeler
857 2519 52 19 aux

146 2546 123 27 scholars
278 2546 51 27 des
340 2546 176 28 universités
527 2546 38 26 du
576 2546 214 35 lloyaumc-tini
803 2548 47 33 qui
863 2550 47 25 ont

149 2582 52 26 fait
216 2582 48 26 des
278 2582 66 26 feux
360 2582 33 26 de
405 2582 57 33 joie
474 2582 152 26 alimentés
638 2590 51 26 par
699 2582 77 26 leurs
784 2582 125 27 bizarres

149 2617 146 34 caloqucts
330 2619 15 25 à
384 2617 187 34 plaie-forme
607 2617 249 34 quadrangulairc,
887 2617 24 27 le

148 2652 106 27 conseil
269 2652 135 26 d'Horace
416 2654 17 24 à
446 2660 53 18 son
511 2652 59 27 ami
586 2650 106 28 DelliuS
706 2661 6 15 :
730 2663 13 12 »
755 2653 139 27 Souviens-

146 2687 40 27 toi
202 2688 33 26 de
252 2695 150 20 conserver
413 2695 39 18 un
468 2687 91 34 esprit
574 2687 61 35 égal
653 2688 72 26 dans
745 2687 40 27 les
809 2688 100 27 choses

146 2722 133 26 difficiles
306 2725 30 24 et
354 2731 57 18 non
429 2720 162 28 autrcrticnt
605 2722 128 34 tempéré
748 2722 84 27 d'une
853 2724 57 33 joie

148 2758 175 27 immodérée
339 2757 70 27 dans
425 2756 41 28 les
490 2757 100 27 choses
617 2758 156 26 heureuses
789 2758 13 26 ?
819 2769 13 12 »
857 2759 54 26 Car

148 2793 46 30 ici,
213 2793 35 26 où
265 2793 124 33 est-elle,
406 2793 14 25 à
436 2793 187 33 proprement
637 2793 104 33 parler,
758 2793 27 26 la
801 2804 13 13 «
826 2793 84 26 chose

146 2828 141 27 heureuse
308 2839 12 13 «
333 2828 13 26 ?

180 2872 43 26 Ah
235 2871 5 34 !
259 2872 102 31 certes,
376 2871 20 26 il
418 2880 15 18 a
459 2872 66 26 tenu
550 2871 105 34 parole,
684 2872 24 26 le
735 2872 175 27 bonhomme

146 2907 111 35 Kriiger
279 2909 162 31 annonçant
470 2915 53 26 que
557 2907 26 26 la
607 2907 157 30 résistance
797 2908 34 27 de
863 2917 46 19 ses

145 2943 152 33 héroïques
313 2943 206 33 compatriotes
530 2953 13 13 «
556 2942 161 26 étonnerait
726 2943 25 26 le
762 2943 105 26 monde
880 2955 12 13 »
902 2942 5 34 !

145 2978 73 26 Tout
234 2980 70 33 peut
318 2978 109 26 arriver
439 2978 180 26 maintenant
633 2976 5 37 :
658 2976 25 26 la
698 2986 150 26 promesse
865 2982 45 25 est

146 3014 91 26 d'ores
252 3015 28 25 et
300 3012 66 37 déjà
386 3012 129 27 réalisée.
534 3012 71 27 Mais
626 3021 30 18 ce
673 3014 84 33 qu'on
771 3014 77 26 n'eût
862 3014 32 38 ja-

145 3048 73 26 mais
233 3051 40 32 pù
285 3048 117 34 prévoir
415 3048 31 26 Ai
471 3048 178 33 s'imaginer,
669 3048 66 26 c'est
757 3058 54 25 que
833 3048 61 27 l'An-

145 3083 131 37 gleterre,
296 3083 53 27 clic
366 3084 92 30 aussi,
470 3093 13 13 «
500 3084 118 25 étonnât
630 3081 25 27 le
669 3084 104 26 monde
787 3094 13 13 »
815 3093 50 26 par
878 3093 31 19 ce

145 3119 47 33 qui
206 3119 45 26 est
261 3118 25 27 le
299 3119 65 33 plus
378 3118 104 34 parfait
498 3118 141 26 contraire
656 3118 38 26 du
707 3119 161 34 sang-froid
881 3122 27 25 et

144 3155 34 25 de
191 3154 27 25 la
231 3154 137 27 véritable
384 3154 78 26 fierté
472 3154 176 35 patriotique
663 3152 5 37 !

177 3197 60 27 Soit
250 3197 51 33 dit,
319 3198 156 31 d'ailleurs,
489 3206 67 19 sans
579 3197 132 27 chicaner
735 3198 172 34 l'hommage

143 3236 14 24 à
172 3233 25 26 la
209 3233 141 27 bravoure
365 3233 174 28 dos,soldats
562 3233 119 33 anglais,
706 3235 14 24 à
744 3233 26 27 la
787 3236 119 26 ténacité'

143 3269 113 33 stoïque
270 3269 39 26 du
325 3269 155 26 défenseur
495 3269 32 26 de
543 3269 155 34 Mafeking,
722 3270 27 25 et
767 3278 53 18 non
839 3268 67 28 saùs

143 3305 178 25 reconnaître
338 3304 70 35 qu'il
420 3306 46 25 est
478 3304 66 26 chez
568 3313 51 18 nos
645 3305 110 26 voisins
778 3305 128 27 d'Outre-

143 3339 117 27 Manche
287 3348 57 17 une
376 3340 177 26 nombreuse,
583 3340 66 26 élite
677 3340 228 35 d'intelligences

142 3374 97 26 saines
252 3376 27 25 et
291 3374 110 26 d'àrttes
411 3374 119 30 droites,
543 3374 70 26 dont
633 3374 25 26 le
674 3374 146 35 loyalisnle
837 3378 27 24 et
882 3376 34 28 10.

141 3409 182 34 patriotisme
340 3411 66 24 sont
419 3409 197 34 péniblement
630 3411 138 33 éprouvés
785 3419 52 26 par
850 3419 54 19 une

141 3444 150 34 sanglante
320 3443 139 35 politique
472 3444 33 26 de
520 3444 83 34 proie
618 3452 54 26 que
694 3445 25 26 fa
738 3445 167 27 conscience

141 3480 38 26 du
194 3487 89 28 genre
301 3478 119 27 Iràsftaift
435 3478 169 27 condamne.

480 3543 89 32 XX

175 3601 69 32 Quel
256 3604 60 25 sort
330 3608 64 20 sera
406 3601 72 27 celui
495 3601 50 27 des
561 3605 60 32 trop
644 3602 144 27 fameuses
811 3604 92 27 mines

139 3638 60 26 d'or
211 3638 38 26 du
266 3638 167 32 Transvaal,
458 3644 99 20 causes
574 3638 35 26 de
638 3639 72 25 cette
736 3645 102 28 guerre
854 3641 33 24 né-

138 3672 85 31 faste,
239 3672 26 26 si
275 3672 28 26 la
319 3672 71 26 lutte
406 3672 137 34 suprême
556 3676 83 22 entre
654 3672 117 35 Anglais
784 3673 118 27 ctßoers

138 3717 31 18 se
184 3707 137 27 déchaîne
334 3716 51 19 sur
406 3706 26 27 te
444 3709 144 26 territoire
613 3707 34 26 de
673 3706 228 38 Johannesburg,

138 3744 34 26 où
188 3743 70 27 elles
272 3744 69 26 sont
354 3742 132 28 situées?

172 3787 74 26 Pour
261 3796 38 18 un
315 3787 104 35 peuple
432 3788 48 34 qui
497 3785 103 28 défend
608 3796 52 18 son
677 3785 224 37 indépendance,

139 3822 21 26 il
174 3822 76 26 n'est
263 3830 64 26 pas,
346 3822 18 26 ri
379 3830 33 18 ne
429 3823 107 25 saurait
553 3823 60 26 être
626 3822 34 27 de
673 3822 118 28 cottsidé
796 3827 40 24 rat
841 3824 63 28 ions

137 3857 171 26 limitatives
324 3855 52 28 des
387 3857 93 27 droits
497 3861 97 24 sacrés
606 3859 34 26 de
660 3857 25 26 la
699 3856 117 28 défense
831 3859 57 35 légi-

138 3893 80 32 time,
233 3892 230 27 considérations
483 3894 142 26 résultant
647 3894 33 26 de
703 3893 27 27 la
752 3894 135 34 complica-

138 3927 59 27 tion
217 3927 149 26 d'intérêts
383 3930 158 33 étrangers.
557 3928 35 27 Et
602 3926 28 31 la
645 3928 96 27 torche
758 3930 48 34 qui
822 3930 81 27 brûla

138 3964 117 26 Moscou
266 3971 35 18 ne
314 3963 155 34 s'inquiéta
481 3972 51 25 pas
544 3964 34 26 de
591 3965 96 26 savoir
698 3965 24 26 si
733 3964 44 27 les
787 3964 115 28 édifices

137 3998 150 26 incendiés
302 4005 52 27 par
378 3998 51 26 elle
451 3998 107 26 étaient
582 3999 64 26 tous
669 3999 163 35 propriétés
850 4007 34 19 au-

137 4033 234 37 thentiquement
386 4033 221 37 moscovites,..

158 4076 4 37 •
171 4077 52 27 Ces
233 4078 94 25 mines
340 4076 60 27 d'or
412 4076 38 26 du
468 4076 163 33 Transvaai,
646 4087 53 26 que
715 4088 34 17 va
761 4088 141 25 menacer,

138 4122 54 26 que
217 4122 117 19 menace
348 4113 66 35 déjà
441 4121 56 18 une
527 4113 177 28 destruction
725 4115 177 33 inexorable,

135 4148 27 26 la
174 4149 146 34 propriété
335 4157 34 17 en
386 4150 46 24 est
444 4148 125 34 répartie
588 4150 28 25 et
630 4157 34 18 en
683 4150 122 35 quelque
822 4150 79 32 façon

136 4185 133 27 émiettée
296 4185 72 27 dans
396 4183 25 27 le
449 4183 105 26 monde
582 4185 98 26 entier.
712 4186 46 30 Or,
781 4187 70 25 dans
876 4186 26 27 le

136 4220 104 26 monde
252 4220 92 27 entier
369 4220 170 34 prédomino
563 4218 25 27 la
617 4220 184 34 réprobation
829 4220 72 28 delà

136 4263 103 25 guerre
262 4257 124 26 suscitée
411 4265 51 26 par
482 4256 67 26 MM.
567 4254 74 26 Cecil
663 4254 112 27 Rhodes
802 4258 27 25 et
852 4257 50 27 Joë

136 4290 211 28 Chamberlain.
365 4292 63 26 Aux
441 4292 115 26 raisons
572 4290 122 27 morales
706 4291 50 34 qui
771 4292 130 27 auraient

136 4324 47 33 dû,
204 4325 73 27 mais
294 4326 79 27 n'ont
385 4335 38 26 pu
438 4326 137 35 jusqu'ici
601 4324 116 27 décider
739 4335 58 17 une
810 4326 76 27 inter-

133 4361 119 26 vention
266 4362 383 34 pacifique,vients'ajouter
663 4361 26 27 le
703 4362 71 34 péril
788 4362 34 26 de
835 4370 66 26 gros

136 4396 120 26 intérêts
269 4396 241 28 internationaux.
528 4398 34 25 Le
575 4396 85 37 poids
676 4396 37 27 de
725 4403 46 20 ces
788 4396 112 37 risques

133 4429 148 28 matériels
308 4433 128 26 sera-t-il
456 4442 38 17 un
520 4433 105 27 mobile
660 4441 83 19 assez
767 4433 135 34 puissant

133 4474 74 27 pour
230 4466 177 27 déterminer
429 4467 252 34 l'improvisation,
706 4476 32 18 en
770 4468 130 26 dernière

132 4502 98 32 heure,
262 4501 66 27 d'un
360 4506 70 21 trust
459 4502 206 28 international
691 4504 184 35 pacificateur
888 4504 13 26 ?

131 4538 163 27 Attendons
312 4546 102 19 encore
428 4546 37 18 un
481 4546 65 26 peu.

165 4674 35 27 Ce
217 4676 61 26 mot
295 4675 33 26 de
343 4680 81 26 trust,
448 4683 56 26 que
524 4674 28 34 je
576 4672 79 27 viens
677 4674 129 32 d'écrire,
823 4682 33 19 on
872 4672 25 28 le

129 4710 100 27 trouve
239 4711 124 26 souveût
371 4709 130 37 employé
511 4710 72 27 dans
598 4708 26 27 le
635 4710 77 25 texte
726 4709 50 26 des
788 4709 109 27 vieilles

129 4744 54 27 lois
196 4746 136 27 barbares
354 4754 76 27 pour
454 4746 132 35 signifier
605 4744 188 33 consolation,
823 4744 72 33 aide,

971 161 169 28 protection.
1160 161 144 32 D'origine
1329 161 197 33 germanique,
1544 161 19 25 il
1587 162 44 25 est
1657 162 74 25 resté

951 190 4 39 ■
970 190 71 26 dans
1055 190 26 26 la
1096 191 102 34 langue
1215 193 129 35 anglaise
1359 196 28 25 et
1403 197 129 32 emporte
1548 204 54 18 une
1623 196 63 26 idée
1700 197 34 26 de

969 224 124 34 loyauté,
1106 227 33 26 de
1153 227 117 34 lidélité,
1283 229 33 26 do
1333 230 122 33 probité.
1478 230 52 26 Les
1553 230 180 27 Américains

970 260 70 27 l'ont
1054 261 135 34 appliqué!
1201 272 34 18 en
1253 266 61 24 tout
1328 265 116 26 dernier
1457 265 57 26 lieu
1531 267 14 25 à
1561 266 48 27 dos
1632 267 84 33 syndi-

969 296 59 26 cats
1042 295 84 27 d'uno
1143 299 99 26 nature
1263 298 66 27 telle
1354 300 70 34 qu'il
1443 301 73 26 n'est
1538 301 65 34 plus
1623 302 109 33 permis

969 331 34 27 de
1020 331 24 27 le
1058 332 122 34 prendre
1199 341 33 19 en
1246 335 96 26 bonne
1357 337 73 32 part.

1004 376 51 26 Los
1072 380 84 25 trmts
1166 378 175 28 américains
1358 387 35 18 ne
1410 380 65 26 sont
1485 381 80 25 autre
1576 380 85 26 chose
1678 389 53 26 que

969 411 50 26 des
1035 413 146 32 syndicats
1198 413 246 35 d'accaparement
1463 417 84 33 ayant
1577 425 71 25 pour
1669 416 61 30 but,

969 445 59 27 cela
1044 456 33 17 va
1097 446 34 27 de
1146 449 54 32 soi,
1217 448 263 30 l'enrichissement
1494 452 15 24 à
1530 452 135 26 outrance
1681 452 51 26 dos

967 482 158 35 syndiqués
1142 491 50 26 par
1205 483 25 27 le
1243 484 262 27 renchérissement
1524 485 132 27 artificiel
1680 487 52 26 des

969 528 13 12 «
997 517 165 34 spécialités
1178 530 13 13 »
1208 522 177 32 accaparées.

1002 562 43 25 Au
1062 566 248 24 commencement
1329 563 34 26 de
1388 565 78 33 1893,
1495 563 19 27 il
1535 574 15 25 y
1576 566 78 26 avait
1676 574 56 18 aux

967 595 163 28 Etats-Unis
1142 599 51 25 353
1209 602 84 24 trusts
1306 608 35 17 au
1354 600 104 34 capital
1470 600 93 35 global
1578 601 35 26 de
1622 601 34 26 30
1667 601 50 26 mil-

967 631 97 27 liards.
1083 633 35 26 Le
1140 634 120 26 nombre
1277 635 60 26 s'en
1354 639 44 22 est
1413 643 83 19 accru
1512 635 103 34 depuis
1641 637 37 31 et,
1695 645 34 17 au
1741 652 6 6 -

966 671 248 24 commencement
1230 669 33 26 de
1281 670 77 31 1900,
1376 679 35 17 on
1428 679 34 18 on
1480 671 139 34 comptait
1641 671 33 26 18
1696 672 34 25 de

967 702 64 34 plus
1048 711 34 18 au
1094 704 103 34 capital
1213 704 34 26 de
1263 705 17 25 0
1294 704 152 28 milliards.

1002 746 51 26 Los
1069 751 93 30 trusts,
1176 756 112 19 comme
1300 749 35 26 l'a
1349 751 90 25 avoué
1461 749 24 27 le
1498 750 64 26 chef
1577 750 38 27 du
1630 750 84 34 syndi-

966 783 44 25 cat
1024 782 119 33 sucrier,
1160 791 31 18 se
1206 784 107 26 mêlent
1328 785 175 26 activement
1517 787 15 25 à
1545 785 26 26 la
1589 785 141 34 politique

966 824 34 19 en
1028 820 113 24 semant
1157 817 119 37 l'argent
1292 821 15 24 à
1323 820 110 34 pleines
1459 821 104 25 mains.
1587 822 34 25 Le
1645 821 84 26 fonds

965 852 34 26 de
1015 854 115 25 réserve
1144 854 39 26 du
1198 855 132 34 syndicat
1345 854 111 28 sucrier
1468 856 45 26 est
1535 856 33 26 do
1591 856 52 26 750
1667 855 47 26 mil-

964 886 124 30 lions...
1108 888 167 27 Seulement
1289 889 40 27 les
1354 893 247 25 consommateurs
1623 891 90 28 améri-

965 922 79 26 cains
1063 922 159 37 dépensent
1240 934 48 25 par
1303 934 45 20 an,
1380 934 72 26 pour
1474 926 61 27 leur
1557 935 91 24 sucre,
1675 934 54 18 une

964 958 131 27 centaine
1113 960 32 25 de
1166 960 129 27 millions
1311 961 34 26 de
1367 961 64 33 plus
1446 961 84 34 qu'ils
1551 970 34 18 no
1607 961 122 26 feraient

964 993 25 26 si
1006 993 25 26 le
1048 997 70 22 trust
1135 996 146 26 n'existait
1297 996 90 34 point.
1417 996 19 26 11
1459 1005 34 18 en
1517 999 44 24 est
1581 996 33 27 do
1635 998 94 25 même

964 1028 51 27 dos
1028 1031 96 25 autres
1141 1033 92 30 trusts,
1251 1039 18 26 y
1281 1032 126 33 compris
1426 1031 71 27 celui
1519 1032 54 27 des
1583 1032 149 34 vinaigras

963 1065 117 33 (United
1111 1065 89 26 States
1221 1068 117 31 vincr/ar
1359 1068 159 33 Company).
1546 1067 43 26 Un
1612 1067 116 26 homme

963 1098 221 28 véritablement
1206 1102 226 27 extraordinaire
1461 1110 111 19 comme
1593 1103 136 26 brasseur

964 1133 152 33 d'affaires,
1135 1136 69 26 c'est
1231 1137 35 26 M.
1281 1137 96 26 James
1394 1137 107 26 Brooks
1518 1137 73 26 Dilk.
1617 1137 50 34 qui
1684 1137 45 26 n'a

964 1178 51 25 pas
1030 1169 83 26 fondé
1127 1172 93 25 moins
1235 1172 34 25 de
1297 1173 181 26 trente-trois
1506 1173 122 26 sociétés
1642 1173 35 26 de
1698 1181 28 18 ce

963 1213 87 25 genre
1067 1207 200 33 représentant
1281 1215 38 18 un
1333 1208 104 33 capital
1465 1207 92 35 global
1584 1208 33 26 de
1633 1208 15 26 4
1667 1208 46 26 mil-

963 1240 104 26 liards!
1082 1241 117 26 Comme
1214 1241 41 26 les
1271 1246 84 22 trusts
1367 1243 129 26 arrivent
1518 1245 92 24 même
1629 1245 15 24 à
1658 1243 69 26 faire

963 1274 112 26 baisser
1085 1276 40 26 les
1144 1276 120 28 salaires
1290 1278 51 26 des
1365 1278 130 27 ouvriers
1509 1286 33 20 on
1561 1278 112 28 faisant,
1693 1286 35 19 an

963 1311 111 32 besoin,
1090 1311 104 27 fermer
1207 1312 40 26 les
1259 1312 109 33 usines,
1385 1313 17 25 il
1415 1313 72 26 n'est
1499 1313 80 33 point
1590 1315 138 25 étonnant

963 1345 89 34 qu'un
1070 1348 77 25 vaste
1175 1348 64 25 toile
1267 1348 148 34 populaire
1442 1348 158 35 s'organise
1629 1351 98 24 contre

963 1388 64 18 eux.
1041 1381 38 25 La
1093 1391 13 13 «
1119 1381 183 37 plate-formé
1312 1383 149 26 électorale
1475 1395 12 11 »
1500 1391 72 26 pour
1587 1383 139 27 l'élection

963 1416 214 34 présidentielle
1200 1426 35 18 va
1260 1426 30 18 se
1315 1417 79 30 faire,
1420 1419 91 33 partie
1534 1427 50 18 sur
1599 1417 26 26 la
1641 1427 71 27 ques-

963 1450 60 26 tion
1039 1450 79 30 Baer,
1136 1453 91 34 partie
1243 1461 52 18 sur
1309 1453 26 26 la
1356 1454 135 34 question
1515 1453 48 27 des
1580 1454 145 34 syndicats

963 1486 161 35 d'accaparé
1128 1495 43 19 me
1176 1495 14 18 n
1199 1489 17 24 t.

998 1531 70 25 Mais
1085 1540 53 26 que
1156 1540 103 26 penser
1276 1532 65 26 d'un
1359 1540 70 27 pays
1446 1533 35 26 où
1498 1532 104 27 le.chef
1615 1533 66 25 d'un
1693 1533 33 26 de

963 1573 45 18 ces
1031 1569 92 30 trusts,
1152 1567 37 25 M.
1221 1566 151 28 itokfeller,
1400 1567 33 26 de
1457 1566 176 34 New-York,
1658 1570 69 31 peut
1749 1566 1 34 ■

963 1600 139 34 dépenser
1115 1609 51 27 par
1179 1602 76 33 jour,
1269 1603 26 25 si
1306 1600 74 27 .celui
1396 1602 40 27 lui
1452 1602 78 35 plaît,
1547 1602 25 26 la
1587 1602 138 35 bagatelle

963 1635 33 26 do
1141 1637 93 26 francs
1244 1637 12 26 ?
1281 1637 38 34 Ça
1348 1637 52 27 fait
1424 1645 52 27 par
1501 1638 74 26 mois
1602 1637 124 35 quelque

961 1671 85 26 chose
1070 1678 111 20 comme
1209 1674 65 33 sept
1294 1672 129 26 millions
1453 1676 27 22 et
1507 1672 86 32 demi,
1618 1674 35 26 .et
1675 1681 52 26 par

963 1701 81 40 au...
1064 1714 46 18 ma
1122 1707 48 30 foi,
1185 1707 122 27 calculez
1323 1709 182 25 vous-même
1518 1707 52 27 !Le
1580 1701 130 40 jimurdon-

963 1743 125 30 nément,
1103 1742 22 25 le
1149 1743 152 26 tintement
1328 1743 33 26 de
1388 1752 46 18 ces
1459 1743 116 26 chiffres
1599 1750 106 19 mammo-

960 1775 98 35 niques
1069 1776 168 35 importune
1250 1776 30 28 et
1302 1778 168 27 déconcerte
1493 1778 27 26 la
1541 1778 138 32 cervelle;
1698 1780 27 24 et

961 1812 54 26 l'on
1032 1812 151 32 n'éprouve
1201 1812 64 35 plus
1279 1814 105 34 qu'une
1401 1812 224 37 demi-surprise
1643 1815 15 24 à
1674 1813 51 27 lire

960 1847 72 27 dans
1048 1847 25 26 le
1089 1848 152 26 New-York
1259 1850 106 25 Hcrakl
1387 1848 50 27 des
1460 1848 204 26 informations
1687 1848 38 26 du

960 1890 86 26 genre
1062 1881 34 27 de
1109 1883 109 26 celle-ci
1233 1881 5 34 :
1263 1893 13 13 «
1291 1884 37 27 Le
1341 1884 154 27 secrétaire
1513 1884 51 26 des
1586 1884 139 30 finances,

961 1917 34 26 M.
1009 1917 85 35 Gage,
1108 1926 15 18 a
1139 1919 103 34 chargé
1254 1918 51 27 des
1318 1922 115 32 experts
1444 1919 34 26 dé
1495 1919 169 26 rechercher
1693 1926 31 19 cc

959 1961 54 26 que
1028 1955 65 24 sont
1108 1952 128 27 devenus
1256 1955 51 25 400
1322 1954 128 27 millions
1466 1955 34 26 de
1517 1954 104 27 dollars
1638 1963 34 17 en
1693 1963 33 17 or

961 1988 112 34 frappés
1090 1996 51 26 par
1157 1989 25 26 le
1195 1990 113 31 Trésor,
1324 1991 27 25 et
1375 1990 33 26 de
1439 1990 125 33 l'emploi
1589 1989 135 34 desquels

959 2030 52 19 son
1026 2023 198 33 département
1234 2024 45 26 n'a
1294 2033 37 25 pu
1343 2027 149 25 retrouver
1508 2027 84 24 trace.
1605 2036 13 13 »

993 2057 51 25 400
1061 2057 126 28 millions
1204 2060 33 26 de
1254 2060 115 31 dollars,
1395 2060 60 26 cela
1470 2060 50 26 fait
1547 2061 17 25 2
1579 2059 143 27 milliards

958 2093 34 26 de
1007 2093 93 27 francs
1117 2095 27 26 et
1162 2095 93 26 même
1269 2095 122 34 quelque
1406 2095 87 33 petite
1502 2095 84 26 chose
1598 2102 35 19 en.
1646 2094 73 34 plus.

957 2128 47 32 Or,
1017 2128 17 26 2
1050 2128 141 27 milliards
1208 2130 33 26 de
1261 2130 92 27 francs
1380 2130 102 35 pèsent
1507 2139 38 17 au
1565 2130 157 27 minimum

957 2163 45 26 six
1018 2166 64 24 cent
1097 2165 77 26 mille
1198 2166 85 25 kilos.
1302 2166 52 30 Qui
1367 2166 113 26 diantre
1495 2174 15 18 a
1525 2174 38 26 pu
1576 2167 148 33 emporter

957 2199 46 26 six
1019 2200 64 24 cent
1098 2199 78 27 mille
1191 2200 73 26 kilos
1278 2200 61 26 dîor
1355 2209 67 18 sans
1434 2209 56 27 que
1506 2209 141 27 personne
1659 2200 61 26 s'en

957 2232 58 27 soit
1029 2242 103 25 aperçu
1144 2233 13 27 '?

993 2276 32 27 Et
1041 2277 27 34 je
1083 2287 70 18 vous
1168 2278 87 27 laisse
1269 2288 54 18 aux
1341 2280 93 34 prises
1452 2289 107 18 avec-ce
1572 2280 148 35 problème

956 2313 26 26 si
996 2311 25 26 le
1037 2321 77 18 cœur
1128 2323 71 18 vous
1213 2323 34 18 en
1259 2315 52 32 dit,
1328 2317 28 24 et
1367 2324 73 26 pour
1453 2324 35 18 ne
1499 2324 51 26 pas
1566 2316 107 34 quitter
1689 2323 30 19 ce

956 2347 79 33 sujet
1046 2356 33 17 en
1088 2348 145 28 médisant
1245 2350 50 26 des
1304 2350 169 26 millions—
1483 2359 46 18 ces
1547 2361 14 14 «
1574 2353 144 25 monstres

957 2385 158 25 couronnés
1129 2383 33 26 de
1186 2392 79 18 roses
1281 2387 27 22 et
1328 2385 89 26 teints
1431 2385 34 26 de
1482 2394 73 25 sang
1570 2386 119 25 humain
1707 2395 12 13 r,

956 2425 111 19 comme
1087 2418 41 26 les
1144 2426 15 17 a
1187 2418 116 34 appelés
1332 2419 99 25 Victor
1447 2420 90 33 Hugo,
1626 2419 27 33 je
1675 2425 45 19 me

957 2452 99 34 plairai
1070 2454 15 24 à
1097 2460 69 19 vous
1178 2452 61 27 dire
1256 2453 57 26 ceci
1329 2461 6 17 :
1351 2453 41 26 Un
1410 2454 144 32 généreux
1569 2453 150 32 donateur,

956 2489 37 26 M.
1007 2487 243 34 Crevat-Durand,
1266 2487 34 27 de
1315 2487 231 34 Fontainebleau,
1563 2487 104 37 simple
1683 2497 37 19 ou

954 2526 155 33 peut-être,
1122 2524 103 28 double
1252 2524 194 28 millionnaire
1481 2525 73 27 mais
1581 2533 57 19 non
1667 2533 52 26 pas

954 2561 187 26 milliardaire
1153 2562 17 25 à
1180 2559 203 34 l'américaine,
1411 2562 86 32 vient,
1524 2563 80 25 entre
1620 2563 98 25 autres

954 2595 157 27 libéralités
1126 2596 220 34 posthumes.de
1361 2596 104 27 laisser
1475 2604 50 26 par
1540 2598 156 25 testament
1711 2595 4 35 :

954 2630 116 33 400,000
1082 2630 94 26 francs
1205 2633 17 24 à
1248 2630 130 27 l'Œuvre
1404 2631 48 26 des
1476 2631 118 26 Enfants
1619 2631 83 27 tuber-

954 2666 100 27 culeux
1071 2666 184 26 d'Ormesson
1264 2675 6 22 ;
1284 2667 116 32 150,000
1419 2667 93 26 francs
1539 2669 15 24 à
1579 2667 139 27 l'lnstitut

953 2702 119 26 Pasteur
1085 2709 6 24 ;
1106 2700 115 32 120,090
1237 2701 92 27 francs
1350 2702 15 26 à
1391 2701 24 26 la
1441 2701 109 27 Société
1577 2702 128 26 d'allaite-

954 2738 80 27 ment
1049 2735 138 27 maternel
1201 2735 5 38 ;
1219 2735 98 30 25..000
1329 2735 94 27 francs
1436 2739 15 24 à
1476 2737 26 26 la
1517 2737 200 37 Croix-Rouge

954 2772 139 33 française
1106 2780 7 22 ;
1128 2771 116 32 400,000
1257 2771 93 27 francs
1364 2780 54 18 aux
1434 2772 141 34 hôpitaux
1596 2773 34 26 de
1643 2773 57 26 Fon-

956 2806 171 32 tainebleau,
1149 2806 28 26 et
1206 2806 96 26 divers
1330 2807 97 25 autres
1452 2806 59 37 legs
1534 2809 34 25 de
1596 2807 107 27 bienfai-

953 2851 96 18 sance.

989 2887 35 26 Ils
1052 2887 51 26 ont
1127 2885 38 26 du
1194 2885 57 26 bon
1278 2885 63 26 tout
1354 2885 32 26 de
1413 2887 104 32 même,
1540 2885 72 27 dans
1633 2889 83 25 notre

953 2922 170 33 France,ces
1139 2928 123 27 pauvres
1277 2920 142 27 millions!
1439 2922 146 26 L'lnstitut
1597 2923 120 26 Pasteur

956 2959 59 25 tout
1030 2956 268 34 particulièrement
1312 2963 34 18 en
1362 2956 58 26 sait
1431 2956 123 34 quelque
1565 2956 96 33 chose,
1675 2957 40 26 lui

953 2993 48 33 qui
1015 2993 79 26 vient
1121 2991 89 26 d'être
1234 2989 112 32 doublé,
1363 2993 83 33 grâce
1474 2993 17 25 à
1519 2991 25 27 la
1566 2992 149 28 fondation

951 3027 113 33 Hirseh,
1081 3035 52 26 par
1147 3034 37 18 un
1206 3025 119 27 Institut
1341 3026 33 26 de
1390 3026 105 27 chimie
1509 3027 164 35 biologique
1689 3031 27 24 et

951 3072 51 25 par
1022 3072 38 17 un
1083 3061 111 33 hôpital
1209 3061 152 32 pastorien.
1385 3061 89 27 Bravo
1489 3061 81 32 donc,
1589 3063 40 27 les
1654 3064 46 26 mil-

951 3099 90 27 lions!
1059 3097 73 27 Mais
1149 3096 85 35 qu'ils
1251 3104 31 19 se
1297 3097 122 34 gardent
1439 3098 34 26 de
1493 3098 112 27 vouloir
1625 3106 73 19 rame-

950 3143 52 18 ner
1012 3133 107 34 malgré
1136 3131 53 27 elle
1208 3131 24 26 la
1247 3131 104 28 France
1359 3141 56 19 aux
1426 3135 137 26 carrières
1577 3142 54 27 que
1645 3143 71 18 vous

950 3178 84 17 savez
1048 3170 84 26 bien,-
1215 3175 54 17 aux
1286 3167 109 35 galères
1413 3169 34 26 de
1460 3169 136 33 l'Affaire,
1681 3170 35 27 do

950 3204 126 26 l'Affaire
1090 3202 136 27 redoutée
1240 3204 27 24 et
1281 3203 136 27 abhorrée
1429 3204 54 28 !...

1290 3265 86 28 XX

984 3322 78 26 Cette
1076 3320 164 33 adjuration
1258 3327 45 19 me
1319 3322 172 26 ramènerait
1507 3332 50 18 sur
1567 3322 26 27 lo
1609 3324 104 25 terrain

948 3359 77 26 de'ia
1038 3356 150 37 politique,
1208 3357 21 30 ji
1253 3353 119 38 laquelle
1393 3365 28 26 je
1443 3365 45 20 me
1514 3358 61 27 suis
1592 3359 119 34 promis,

947 3402 73 27 pour
1036 3391 195 34 aujourd'hui,
1248 3391 33 26 de
1299 3399 33 19 ne
1355 3396 81 31 point
1449 3393 126 26 toucher.
1597 3393 54 26 Elle
1670 3397 43 24 est

947 3430 113 26 rentrée
1087 3425 214 27 officiellement
1325 3435 34 18 en
1384 3428 92 33 scène,
1506 3429 27 26 la
1560 3429 154 34 politique,

947 3472 67 19 avec
1026 3463 41 26 les
1081 3461 157 28 Chambres
1254 3469 138 20 revenues
1416 3463 33 26 de
1476 3463 78 26 leurs
1576 3470 139 21 vacances

947 3501 34 26 de
994 3501 120 33 Pâques.
1139 3496 37 26 Le
1189 3503 69 27 pays
1289 3498 98 33 espère
1419 3500 181 32 fermement,
1625 3501 71 34 impé-

947 3535 175 26 rativement
1153 3539 56 25 que
1238 3534 72 24 cette
1345 3535 111 26 rentrée
1488 3535 39 26 lui
1561 3537 152 32 apportera

947 3570 184 26 l'assurance,
1162 3567 26 26 la
1215 3567 142 27 certitude
1381 3578 63 24 (pic,
1473 3572 14 24 il
1514 3579 28 17 ce
1574 3570 81 33 point
1677 3569 37 27 fin

947 3614 53 19 vue
1022 3607 63 25 tout
1103 3601 107 37 spécial
1230 3604 28 24 et
1273 3604 262 33 particulièrement
1551 3606 162 33 inquiétant

947 3641 65 26 d'un
1032 3639 279 27 recommencement
1326 3639 34 26 de
1375 3639 133 33 l'Affaire,
1524 3638 189 38 i'Rtjmiliou

947 3677 33 27 de
1000 3676 69 27 1900
1084 3683 34 18 ne
1141 3680 65 19 sera
1221 3672 81 34 point
1328 3681 56 18 une
1398 3674 105 35 simple
1521 3677 89 28 trêve,
1626 3678 84 32 après

947 3711 120 35 laquelle
1084 3717 73 19 nous
1172 3707 207 27 retomberions
1401 3710 70 27 dans
1487 3711 26 26 le
1527 3711 100 34 gâchis
1638 3711 58 26 déli-

947 3750 63 24 rant
1025 3749 28 24 et
1067 3745 25 26 le
1106 3744 226 34 pandémonitim
1348 3744 113 27 forcené
1472 3744 7 27 î
1500 3746 35 25 Lo
1552 3750 142 32 gouverne-

946 3784 91 31 ment,
1049 3782 71 26 dans
1136 3787 47 18 ses
1201 3777 198 32 déclarations,
1414 3789 15 17 a
1437 3782 111 26 semblé
1564 3789 130 27 compren-

947 3819 48 25 dre
1012 3815 69 37 qu'il
1097 3815 46 33 n'y
1156 3814 78 26 avait
1248 3814 48 26 nul
1315 3822 111 27 moyen,
1448 3823 34 19 en
1498 3815 111 37 ceci,de
1625 3817 72 35 tergi-

946 3861 106 24 verser,
1069 3852 28 26 ni
1111 3848 214 35 d'équivoquer.

1430 3894 97 28 Simon
1543 3895 116 27 LEVA»!.

1107 4016 219 38 ENTRE
1370 4018 178 39 NOUS

946 4122 96 85 Des
1090 4123 154 99 époux
1290 4120 120 86 due
1462 4122 46 85 le
1552 4123 157 86 train!

979 4278 27 26 Si
1025 4278 53 26 l'on
1096 4276 118 32 excepte
1228 4273 44 27 les
1284 4274 115 27 tintions
1415 4277 60 34 qui,
1491 4280 220 32 respectueuses

944 4310 165 39 d'antiques
1130 4309 156 28 traditions
1309 4312 187 33 nncestraks,
1512 4315 200 33 agrémentent

944 4349 26 26 la
985 4346 164 30 cérémonie
1165 4345 38 26 du
1219 4346 126 33 mariage
1362 4346 50 27 des
1428 4346 151 28 fantaisies
1593 4349 39 26 les
1645 4350 64 34 plus

939 4383 202 31 •inattendues,
1156 4382 27 24 et
1196 4380 41 26 les
1254 4381 118 34 peuples
1387 4390 102 19 encore
1509 4391 150 27 sauvages,

944 4420 53 26 tels
1025 4420 41 26 les
1097 4416 187 34 Esquimaux,
1312 4416 66 27 chez
1407 4419 125 34 lesquels
1563 4419 26 27 le
1600 4411 6 7 '
1619 4419 90 28 fiancé

943 4455 98 26 cuivré
1054 4453 132 27 d'amour
1200 4459 35 18 va
1247 4452 133 26 chercher
1401 4461 32 18 sa
1449 4454 171 27 bien-aimée
1637 4455 71 27 dans

943 4491 26 26 la
978 4498 65 19 case
1052 4489 35 27 de
1096 4495 47 19 ses
1153 4488 116 33 parents
1283 4488 27 25 et
1322 4487 26 27 la
1359 4489 115 26 ramène
1487 4489 71 27 dans
1570 4491 27 25 ha
1607 4491 100 27 sienne

943 4534 34 19 en
998 4526 25 26 la
1051 4524 126 27 traînant
1199 4525 51 31 pà.r
1274 4521 39 27 les
1339 4522 135 32 cheveux,
1492 4524 122 27 histoire
1639 4535 67 19 sans

941 4561 87 26 doute
1041 4561 35 26 de
1087 4560 142 26 s'assurer
1241 4557 84 34 qu'ils
1342 4561 67 24 sont
1424 4559 65 27 bien
1505 4561 15 25 à
1547 4560 64 32 elle,
1682 4561 25 26 le

941 4596 100 27 record
1058 4596 33 26 de
1106 4594 26 26 la
1154 4592 133 26 fantaisie
1318 4593 71 27 dans
1415 4594 25 26 la
1461 4593 171 28 célébration
1656 4597 50 27 des

941 4633 105 25 unions
1081 4628 231 30 matrimoniales
1338 4630 43 25 est
1415 4629 292 31 incontestablement

941 4667 104 26 détenu
1061 4664 103 37 parles
1178 4663 191 28 Américains.

973 4710 32 27 Je
1020 4719 34 19 ne
1070 4709 59 27 sais
1146 4715 51 28 pas
1213 4715 30 19 ce
1259 4708 47 34 qui
1325 4716 30 19 se
1376 4716 85 26 passe
1486 4710 113 27 ensuite
1624 4713 80 25 entre

939 4746 40 27 les
993 4748 92 33 époux
1098 4744 52 26 des
1168 4744 177 26 Etats-Unis.
1375 4743 70 27 Mais
1476 4744 18 26 il
1519 4748 44 25 est
1589 4747 116 27 évident

1763 163 1 40 1
1778 171 54 26 que
1848 171 13 19 s
1874 163 34 27 ils
1923 165 154 33 apportent
2088 163 71 30 clans
2176 165 63 27 leur
2267 167 44 26 vie
2340 167 150 37 conjugale
2518 168 27 27 la

1778 198 93 26 môme
1883 198 69 26 dose
1965 198 190 35 d'inattendu,
2171 201 59 27 cela
2244 203 61 26 doit
2321 203 70 25 faire
2407 202 50 28 des
2486 204 39 26 mé-

1776 241 87 27 nages
1879 242 54 26 peu
1949 235 176 27 ordinaires!

1811 270 24 24 A
1848 269 94 26 moins
1957 278 54 27 que
2028 269 41 27 les
2091 270 132 28 Yankees
2225 269 2 35 :
2237 281 35 18 no
2282 272 111 33 .soient,
2411 282 56 18 une
2487 274 54 27 fois

1776 304 115 33 mariés,
1911 305 71 26 bons
1998 307 103 33 époux,
2117 307 71 26 bons
2202 308 84 33 pères
2302 309 28 25 et
2344 308 72 26 bons
2440 309 102 34 gardes

1776 339 167 33 nationaux,
1961 343 85 32 ayant
2061 341 100 34 épuisé
2185 344 78 25 toute
2298 341 61 27 leur
2378 344 167 35 originalité

1776 373 71 27 dans
1863 374 61 26 leur
1939 374 79 33 façon
2036 376 34 26 do
2086 385 31 18 se
2132 377 181 35 eonjoindre'»
2330 378 122 27 histoire
2483 380 45 26 d'é-

1775 410 80 38 pater
1871 409 26 27 la
1909 410 116 35 gqlerie,
2043 413 27 25 et
2087 412 35 26 de
2134 412 70 27 faire
2220 413 96 34 parler
2327 413 84 26 d'eux
2419 413 70 28 dans
2500 415 40 27 les

1774 444 154 33 journaux.
1945 445 37 27 La
2003 445 56 27 soif
2075 446 34 26 de
2126 446 25 26 la
2166 448 139 34 publicité
2324 449 53 26 fait
2394 449 70 28 faire
2481 452 61 26 tant

1775 480 34 26 de
1825 480 102 27 choses
1941 480 5 27 !

1809 514 144 35 Toujours
1969 517 81 26 est-ii
2062 517 67 33 qu'il
2146 517 46 35 n'y
2210 527 17 18 a
2239 527 52 27 pas
2308 519 34 27 de
2363 521 128 26 semaine
2506 522 35 26 où

1774 549 40 27 les
1841 550 112 26 feuilles
1987 553 188 27 américaines
2204 555 184 34 n'apportent
2417 556 124 34 quelque

1774 585 72 27 récit
1858 585 78 35 plein
1954 586 33 27 de
2003 595 103 19 saveur
2125 595 50 20 sur
2190 588 40 27 les
2256 589 189 34 stupéfiantes
2461 592 64 26 inno-

1774 620 113 28 vations
1900 621 71 27 dont
1985 622 76 26 deux
2074 622 128 35 citoyens
2216 622 34 27 dè
2264 624 27 26 la
2300 624 74 28 libre
2386 625 155 37 Amérique

1774 657 50 24 ont
1835 657 164 34 agrémenté
2016 657 27 26 la
2059 659 174 27 célébration
2250 660 33 26 de
2298 659 63 27 leur
2376 660 99 27 union.

1807 691 104 27 Tantôt
1939 691 33 28 ils
1989 700 31 19 se
2036 694 67 25 sont
2115 693 105 27 mariés
2246 703 52 26 par
2317 693 161 35 téléphone,
2504 705 37 18 ou

1773 733 51 26 par
1838 726 174 34 télégraphe,
2087 737 30 18 ce
2137 730 50 34 qui
2212 732 44 24 est
2278 730 196 28 évidemment
2489 739 35 31 ap-

1773 761 142 35 préciable
1928 771 35 17 au
1980 763 84 34 point
2082 764 34 27 de
2138 772 56 19 vue
2210 764 33 27 de
2270 765 27 26 la
2315 765 133 33 rapidité,
2467 767 73 26 mais

1772 796 66 26 bien
1848 804 59 26 peu
1920 798 176 27 confortable
2122 808 67 18 sous
2211 798 25 27 le
2250 802 119 32 rapport
2393 801 50 27 des
2465 802 74 33 joies

1772 831 34 26 de
1821 830 26 26 la
1863 831 44 26 vie
1922 833 161 35 conjugale.

1808 867 104 26 Tantôt
1941 867 26 27 la
1990 876 69 19 noce
2083 870 61 25 tout
2160 869 110 26 entière
2285 878 17 18 a
2319 869 154 27 enfourché
2489 872 51 27 des

1773 902 174 34 bicyclettes,
1972 912 35 18 ou
2036 906 45 25 est
2096 907 115 25 montée
2242 913 35 19 en
2304 905 112 34 bateau,
2513 909 27 25 et

1773 946 72 18 nous
1860 946 74 18 avec.

1806 973 78 26 Voici
1902 973 141 34 quelques
2059 974 84 31 mois,
2173 984 34 18 on
2233 974 146 37 signal'ait,
2407 977 15 25 à
2438 977 85 27 Louis-

1772 1006 77 33 ville,
1878 1017 54 17 une
1957 1017 67 18 noce
2060 1009 128 27 célébrée
2216 1011 73 26 dans
2316 1019 38 18 un
2383 1012 92 32 arbre,
2500 1019 37 20 un

1772 1043 90 34 grand
1878 1044 81 26 arbre
1977 1045 47 33 qui
2041 1052 30 19 se
2086 1045 124 27 trouvait
2235 1045 72 27 dans
2331 1045 26 26 la
2383 1055 67 18 cour
2463 1048 35 26 de
2511 1046 27 27 la

1772 1078 90 26 ferme
1887 1078 37 26 du
1945 1078 90 28 futur.
2049 1078 2 39 .
2066 1078 5 39 .
2100 1080 113 27 Pourvu
2246 1089 54 26 que
2326 1080 59 27 cela
2405 1082 70 27 n'ait
2487 1091 52 26 pas

1770 1113 171 28 d'influence
1962 1115 110 26 néfaste
2096 1124 51 17 sur
2173 1116 120 27 l'avenir
2316 1116 38 26 du
2376 1117 118 35 ménage
2511 1121 27 24 et

1770 1149 89 33 qu'un
1870 1150 33 25 de
1919 1157 46 19 ces
1976 1150 81 32 jours
2074 1149 25 27 le
2112 1150 91 26 marié
2217 1160 34 17 ne
2267 1153 130 24 constate
2409 1161 47 25 pas
2471 1161 65 26 que,

1770 1192 51 18 sur
1834 1193 32 18 sa
1881 1186 65 31 tète,
1967 1188 141 31 poussent
2122 1186 193 34 d'importuns
2337 1187 200 35 branchages?

1807 1220 37 26 lin
1848 1220 48 32 Ail-,
1913 1219 27 34 je
1954 1228 47 18 me
2016 1221 137 26 souviens
2165 1221 69 34 qu'il
2251 1230 15 26 y
2285 1230 13 18 a
2324 1222 138 33 quelques
2486 1231 35 19 an-

1770 1254 78 28 nées,
1866 1263 38 18 un
1918 1256 107 25 certain
2043 1254 40 27 Mî
2102 1256 161 26 Robertson
2295 1257 100 27 voulut
2417 1259 120 33 épouser

1770 1296 54 20 une
1841 1291 131 25 nommée
1987 1291 72 26 miss
2070 1291 236 33 CynthiaKenna,
2322 1300 15 17 a
2348 1292 185 35 Ghattanoga,

1770 1324 72 27 dans
1861 1325 28 26 1-e
1913 1325 172 27 Tennessee.
2106 1326 137 34 (J'espère
2259 1335 54 26 que
2337 1326 28 33 je
2393 1331 74 22 mets
2494 1329 40 27 les

1770 1359 97 34 points
1881 1368 50 18 sur
1945 1359 39 27 les
2002 1361 39 35 t?)
2056 1362 51 26 Los
2124 1362 76 26 deux
2212 1362 93 26 futurs
2330 1362 207 30 s'installèrent

1770 1395 72 27 dans
1858 1395 24 26 la
1907 1395 106 27 nacelle
2042 1397 67 26 d'un
2134 1397 106 31 ballon,
2269 1397 37 26 où
2335 1404 35 19 on
2392 1397 43 27 les
2461 1400 72 26 unit.

1770 1430 91 33 Après
1886 1430 77 34 quoi,
1993 1440 34 17 on
2049 1440 90 27 coupa
2163 1431 26 26 la
2212 1431 98 32 corde,
2337 1434 27 24 et
2391 1433 145 28 l'aérostat

1770 1465 124 27 s'enleva
1909 1466 71 26 dans
1995 1466 41 27 les
2052 1467 67 31 airs,
2135 1469 164 32 emportant
2319 1467 39 27 les
2386 1476 149 19 nouveaux

1770 1502 102 33 époux.
1900 1501 99 27 C'était
2022 1511 38 18 un
2095 1509 100 27 moyen
2220 1502 124 33 original
2372 1502 34 27 do
2431 1513 105 26 couper

1770 1538 80 24 court
1865 1538 15 24 à
1893 1535 24 26 la
1933 1537 86 33 petite
2033 1539 99 24 corvée
2150 1538 51 26 dos
2222 1538 188 27 félicitations
2432 1541 28 26 et
2485 1541 48 26 des

1770 1572 210 28 embrassades,
1998 1574 27 24 et
2040 1572 19 26 il
2072 1573 71 26 était
2156 1573 116 26 difficile
2289 1573 34 26 de
2340 1574 80 26 rêver
2435 1574 98 27 mieux

1770 1615 72 26 pour
1854 1606 126 26 s'isoler!

1804 1641 174 34 Seulement,
1994 1642 58 26 soit
2065 1651 54 26 que
2133 1643 26 26 la
2170 1643 107 26 mariée
2291 1643 48 25 eût
2353 1644 44 25 été
2405 1646 129 32 surprise

1769 1685 51 25 par
1838 1677 26 25 la
1887 1677 170 34 brusquerie
2079 1678 33 26 de
2141 1678 183 28 l'ascousion,
2353 1680 57 25 sort
2435 1689 54 26 que
2509 1681 25 27 le

1769 1711 90 27 marié
1871 1711 69 28 l'eût
1954 1711 178 30 effarouchée
2154 1714 51 25 dès
2222 1713 40 26 les
2289 1714 139 33 premiers
2458 1719 76 25 mots

1768 1747 84 35 qu'ils
1869 1747 190 35 échangèrent
2075 1750 27 24 et
2125 1748 102 34 qu'elle
2242 1747 99 27 voulût
2363 1750 14 25 à
2393 1750 61 26 tout
2470 1752 64 33 prix

1769 1783 103 25 mettre
1887 1782 37 26 fin
1939 1785 14 25 à
1976 1782 26 26 la
2023 1783 211 31 conversation,
2256 1782 25 27 la
2297 1782 106 27 nacelle
2411 1783 120 30 '.n'était

1768 1826 50 25 pas
1835 1819 14 24 à
1863 1820 65 32 sept
1941 1826 34 18 ou
1993 1818 64 26 huit
2070 1820 78 26 cents
2164 1820 107 25 mètres
2287 1826 56 26 que
2357 1818 30 26 la
2404 1821 111 27 malheu-

1769 1861 80 17 reuse
1861 1853 86 33 jeune
1965 1853 105 27 femme
2086 1854 142 26 basculait
2239 1853 168 35 par-dessus
2422 1854 26 27 le
2461 1857 72 26 bord

1768 1890 27 24 et
1812 1887 122 26 tombait
1946 1887 72 27 dans
2036 1887 24 27 le
2076 1887 111 31 vide...

1804 1922 235 34 Heureusement,
2068 1932 56 18 une
2150 1924 104 26 rivière
2277 1923 207 35 complaisante
2506 1926 27 26 la

1767 1959 80 31 reçut
1874 1957 71 27 dans
1974 1967 52 19 son
2053 1958 33 27 lit
2114 1959 161 26 inattendu.
2306 1959 35 25 Le
2362 1962 83 32 mari,
2463 1962 70 26 dont

1767 1993 120 26 l'amour
1915 1993 110 27 n'allait
2046 2002 51 26 pas
2118 1995 116 34 jusqu'à
2250 1994 133 34 prendre,
2398 2004 73 26 pour
2487 2006 30 19 re-

1766 2028 112 33 joindre
1907 2037 32 18 sa
1967 2029 113 32 femme,
2107 2030 25 26 le
2156 2030 96 26 mémo
2275 2028 116 28 chemin
2417 2031 112 33 qu'elle,

1766 2063 96 26 ouvrit
1887 2063 183 27 fébrilement
2100 2063 25 26 la
2153 2072 138 27 soupape,
2321 2066 27 24 et
2379 2063 25 27 le
2435 2067 93 27 ballon

1766 2098 181 27 redescendit
1971 2100 182 33 majestueux
2176 2102 28 24 et
2220 2099 70 26 lent.
2306 2099 174 35 Cependant,
2494 2112 35 17 on

1765 2134 113 26 retirait
1892 2133 139 34 lapàuvre
2048 2135 89 32 petite
2151 2135 123 34 épousée
2289 2134 33 26 de
2337 2143 31 19 ce
2383 2135 65 26 bain
2460 2145 53 28 sup-

1765 2169 189 35 plémentaire
1972 2171 27 24 et
2019 2169 202 34 providentiel,
2237 2178 35 17 on
2293 2169 27 26 la
2333 2169 97 28 faisait
2443 2172 71 27 chan-

1765 2212 51 27 ger
1830 2205 33 26 do
1879 2205 159 25 vêtements
2055 2206 32 25 et
2096 2212 34 19 on
2148 2206 52 33 put
2216 2204 76 27 ainsi
2308 2204 26 26 la
2347 2206 102 26 rendre
2461 2207 66 27 bien

1765 2244 113 30 propre;
1905 2239 126 34 quoique
2055 2242 145 32 peut-être
2226 2248 103 18 encore
2348 2249 35 18 un
2399 2250 54 25 peu
2477 2243 35 26 hu-

1765 2275 85 31 mide,
1865 2277 15 24 à
1893 2283 53 18 son
1962 2276 93 33 époux
2069 2283 34 19 en
2120 2275 105 27 larmes
2249 2275 130 34 lorsqu'il
2399 2278 125 26 atterrit.

1796 2310 35 26 Le
1844 2310 117 26 dernier
1972 2310 125 34 mariage
2113 2310 157 26 américain
2294 2311 196 27 sensationnel
2515 2322 14 18 a

1763 2347 44 25 été
1835 2346 94 26 moins
1948 2346 213 35 tragiquement
2174 2347 174 26 tourmente.
2366 2347 76 28 C'est
2457 2349 72 26 celui

1763 2380 67 26 d'un
1847 2380 129 34 employé
1994 2381 38 26 du
2046 2381 115 26 chemin
2174 2382 34 26 de
2225 2381 43 27 for
2282 2382 34 26 de
2331 2382 164 28 Ruschville
2513 2387 14 22 à

1765 2413 197 26 Connersville
1977 2414 155 33 (Insliiana).

1798 2451 56 26 Sur
1865 2451 72 26 cette
1951 2451 87 35 ligue,
2054 2447 41 30 tes
2108 2452 146 33 employés
2274 2456 65 22 sont
2355 2454 24 25 si
2396 2454 118 27 terrible-

1763 2487 80 28 mont
1858 2487 123 35 occupés
1993 2486 85 37 qu'ils
2091 2486 116 30 routent
2219 2487 67 35 jour
2313 2490 28 25 et
2369 2490 64 26 nuit
2461 2498 66 20 sans

1761 2525 145 26 s'arrêter.
1920 2524 34 27 Ils
1978 2522 161 30 s'éveillent
2154 2532 34 19 on
2205 2525 122 32 roulant,
2348 2525 34 26 ils
2398 2525 116 30 s'endor-

1762 2562 81 26 ment
1854 2565 35 21 en
1905 2559 124 32 reniant,
2047 2559 35 27 ils
2112 2563 136 32 mangent
2274 2569 34 18 en
2340 2562 123 34 roulant,
2491 2563 35 27 ils

1761 2595 117 27 boivent
1890 2603 34 18 en
1941 2590 122 37 rootant,
2078 2594 34 27 ils
2126 2597 118 32 passent
2259 2603 33 18 en
2310 2590 142 39 roulant..
2466 2590 4 39 .

1796 2630 41 26 Un
1854 2630 34 26 do
1904 2639 46 18 ces
1964 2629 133 27 hommes
2115 2631 99 24 trouva
2226 2631 136 31 pourtant
2378 2640 102 26 moyen
2492 2633 35 26 de

1761 2666 113 26 tomber
1887 2672 159 19 amoureux
2056 2665 74 25 dans
2144 2663 52 27 des
2207 2665 163 27 conditions
2382 2666 143 34 pareilles.

1795 2701 40 26 On
1852 2708 35 19 ne
1903 2708 74 19 nous
1993 2700 43 26 dit
2046 2707 52 27 pas
2111 2700 22 25 si
2146 2708 30 17 ce
2191 2699 43 27 fut
2249 2701 85 26 d'une
2347 2701 86 33 jeune
2446 2709 65 26 voya-

1760 2744 99 26 geuse,
1876 2734 176 35 rapprochée
2067 2734 33 26 de
2118 2734 39 26 lui
2180 2743 50 26 par
2245 2734 41 27 les
2311 2735 120 28 hasards
2458 2730 66 34 d'un

1760 2771 69 26 choc
1844 2770 150 27 inattendu
2008 2778 37 18 on
2065 2769 66 26 d'an
2147 2770 81 27 cahot
2245 2772 170 33 révélateur,
2432 2789 34 4 —
2490 2773 39 26 ou'

1759 2805 67 27 bien
1843 2806 22 26 si
1884 2815 31 18 ce
1931 2805 43 26 fut
1994 2805 26 25 ta
2037 2803 54 27 fille
2109 2804 65 27 d'un
2190 2806 228 34 garde-barrière
2444 2817 34 18 ou
2499 2809 27 25 la

1761 2843 78 25 nièce
1852 2842 69 26 d'un
1937 2839 63 27 chef
2017 2836 35 30 et*
2065 2848 76 26 gare,
2158 2842 78 26 voire
2259 2841 27 27 la
2301 2843 174 27 marchande
2491 2844 33 27 do

1759 2877 144 33 journaux
1919 2876 85 26 d'une
2021 2876 87 33 petite
2122 2877 118 30 station,
2258 2884 66 19 avec
2340 2877 60 34 qui,
2413 2887 35 17 au
2458 2887 50 25 pas-

1759 2921 67 27 sage
1844 2911 38 27 du
1900 2910 83 28 train,
2001 2911 81 25 notre
2107 2910 84 27 héros
2218 2911 168 37 échangeait
2417 2913 107 35 chaque

1759 2949 65 33 jour
1837 2955 38 18 un
1889 2946 103 37 regard
2007 2944 97 34 rapide
2119 2947 73 26 mais
2206 2948 178 35 significatif.

1793 2982 148 27 Peut-être
1958 2981 24 25 la
2003 2980 85 34 jeune
2101 2988 141 26 personne
2255 2982 122 27 dut-elle
2392 2988 115 20 surmon-

1759 3020 45 26 ter
1824 3026 33 19 sa
1878 3015 126 30 timidité
2021 3022 72 26 pour
2108 3015 70 27 faire
2190 3017 43 28 les
2249 3019 144 34 premiers
2407 3026 63 26 pas,
2489 3026 34 18 ou

1759 3053 93 34 plutôt
1874 3053 43 25 les
1939 3051 141 35 premiers
2100 3051 177 35 kilomètres,
2296 3061 34 18 on
2354 3053 124 35 prenant
2499 3053 26 26 le

1759 3090 73 25 train
1857 3086 109 35 chaque
1988 3086 76 33 jour,
2086 3086 84 28 d'une
2192 3089 107 26 station
2326 3090 17 25 à
2368 3087 26 26 te
2417 3086 107 27 station

1759 3124 124 27 voisine.

1792 3158 143 26 Peut-être
1962 3156 92 28 fut-ce
2075 3164 50 19 sur
2139 3157 25 27 le
2180 3158 67 34 quai
2269 3159 34 26 do
2320 3158 26 26 la
2359 3165 77 27 gare,
2453 3165 53 26 pon-

1759 3195 70 26 dant
1850 3194 40 26 les
1915 3191 452 39 vin'gt-minutes-d'arrêt-buftct
2388 3194 67 26 d'un
2473 3193 35 27 ho-

1759 3230 77 26 raire
1858 3227 201 35 complaisant,
2078 3235 53 26 que
2158 3229 152 26 s'ébaucha
2336 3230 74 25 cette
2438 3228 86 34 idylle

1759 3265 176 28 charmante,
1948 3262 39 30 -spi
2003 3262 41 26 les
2061 3263 76 25 mots
2148 3265 190 26 enchanteurs
2352 3262 174 27 alternaient

1757 3308 66 19 avec
1839 3300 41 26 les
1897 3305 89 27 coups
2000 3296 33 26 de
2049 3295 87 30 sifflet
2152 3299 34 26 de
2209 3299 26 27 la
2256 3307 177 24 manœuvre,
2451 3299 38 25 où
2499 3298 26 26 la

1756 3337 86 33 jeune
1858 3333 57 27 fille
1936 3332 182 34 rougissante
2146 3335 27 25 et
2193 3334 26 26 la
2243 3334 171 27 locomotive
2438 3334 86 26 émue

1759 3370 156 28 haletaient
1931 3376 32 18 en
1982 3374 125 19 mesure.
2121 3370 4 28 .
2139 3370 5 28 .

1792 3406 126 26 Instants
1935 3402 143 27 délicieux
2098 3403 67 28 dont
2190 3405 25 27 le
2231 3405 116 27 charme
2365 3406 63 32 trop
2444 3405 81 25 court

1756 3450 31 18 se
1805 3438 181 37 prolongeait
2013 3445 53 18 aux
2091 3438 107 34 dépens
2220 3441 37 26 du
2274 3441 67 28 bien
2354 3438 116 37 général
2486 3438 38 26 du

1757 3477 109 26 service
1880 3483 8 22 ;
1907 3474 115 26 extases
2039 3481 33 18 au
2091 3481 81 20 cours
2185 3476 162 34 desquelles
2363 3472 158 35 l'employé,

1756 3511 89 35 grisé,
1856 3509 119 27 donnait
1990 3516 56 18 aux
2060 3516 155 28 voyageurs
2226 3511 163 34 importuns
2400 3509 41 26 les
2458 3517 50 18 ren-

1756 3546 198 35 seignements
1968 3542 41 27 les
2024 3542 64 34 plus
2118 3544 187 34 fantaisistes,
2328 3543 122 28 oubliait
2474 3550 51 21 sur

1756 3582 24 26 le
1796 3581 66 35 quai
1886 3580 41 26 Ses
1945 3579 123 34 bagages
2089 3578 33 27 de
2150 3588 70 20 cens
2244 3582 50 33 qui
2317 3580 152 35 partaient,
2496 3582 28 24 et

1756 3615 136 35 replaçait
1909 3613 72 27 dans
1997 3613 22 26 la
2035 3613 122 37 fourgon
2165 3613 50 31 'les
2228 3617 72 27 colis
2324 3615 34 27 de
2381 3622 71 18 ceux
2474 3614 50 35 qui

1755 3651 217 28 descendaient,
1985 3650 27 25 et
2028 3647 50 35 qui
2091 3658 34 19 ne
2140 3647 41 31 les
2196 3652 200 27 retrouvèrent
2405 3650 117 34 jamais,

1754 3686 116 37 jamais,
1886 3684 118 35 jamais.

1789 3720 177 37 Cependant,
1984 3719 19 26 il
2020 3719 89 26 fallait
2124 3728 54 28 que
2194 3724 73 27 celle
2284 3719 135 30 adorable
2435 3728 71 19 aven-

1757 3759 60 25 tore
1832 3757 48 27 eût
1903 3764 57 18 une
1981 3755 35 26 fin
2031 3754 5 37 :
2055 3754 148 37 remployé
2219 3758 99 26 voulut
2339 3755 137 28 conduire
2492 3764 32 18 sa

1755 3791 180 28 bien-ftiraée
1945 3797 56 19 aux
2013 3790 105 26 autels.
2172 3791 73 28 Mais
2257 3794 69 26 c'est
2340 3791 25 26 là
2378 3797 56 27 que
2444 3798 85 20 coin-,

1756 3828 124 33 rnençalt
1894 3826 26 27 la
1931 3822 141 30 difficulté
2081 3823 30 30 la
2122 3826 66 35 pins
2202 3829 139 26 sérieuse.
2349 3826 172 35 Impossible

1755 3862 146 30 d'obtenir
1915 3869 38 19 un
1967 3860 105 37 congé!
2085 3859 39 30 La
2146 3862 176 37 Compagnie
2346 3870 38 18 no
2405 3862 118 33 pouvait

1755 3908 33 19 se
1802 3899 97 35 priver
1915 3894 37 28 de
1972 3904 53 18 son
2052 3895 164 31 subalterne
2241 3892 31 34 lit
2295 3899 64 26 huit
2385 3896 91 33 jours,
2492 3896 30 26 ni

1757 3935 70 25 trois
1840 3934 93 32 jours,
1951 3932 30 25 ni
1997 3930 194 38 vingt-quatre
2209 3933 118 28 heures!

1791 3966 20 30 11
1826 3966 151 30 descendit
1995 3967 17 25 à
2024 3963 87 30 douze
2127 3966 113 37 heures,
2259 3970 44 27 six
2320 3971 116 28 heures,
2450 3967 72 26 trois

1755 4005 105 27 heures
1883 4004 6 26 !
1932 4000 268 31 L'administration
2243 4012 34 20 ne
2313 4002 109 30 voulait
2460 4003 61 26 rien

1756 4039 106 27 savoir.

1791 4075 94 32 Alors,
1912 4074 81 25 notre
2009 4071 130 35 employé
2159 4077 48 25 eut
2223 4084 57 19 une
2308 4075 63 27 idée
2386 4071 112 37 géniale
2515 4082 6 17 :

1755 4110 20 26 il
1791 4110 94 26 donna
1900 4107 193 28 rendez-vous
2107 4110 15 26 à
2144 4116 32 20 sa
2189 4110 106 33 future,
2323 4113 15 24 à
2365 4109 26 26 la
2414 4108 109 26 familks

1755 4147 34 26 de
1802 4144 119 32 celle-ci,
1937 4152 56 18 aux
2006 4142 105 27 invités
2127 4147 28 24 et
2171 4148 17 24 à
2206 4143 237 38 l'indispensable
2460 4152 46 26 pas-

1757 4183 71 31 teur,
1844 4182 14 26 à
1886 4186 57 21 une
1969 4178 109 27 station
2093 4178 64 28 d'où
2171 4181 35 26 ils
2223 4182 165 26 montèrent
2408 4179 72 27 dans
2497 4179 25 26 le

1756 4217 85 32 train,
1856 4214 99 27 munis
1968 4214 34 26 de
2022 4213 96 27 billets
2144 4215 97 28 d'aller
2255 4220 26 24 et
2309 4218 107 25 retour.
2435 4213 33 27 Et
2492 4222 31 18 ce

1755 4253 107 26 futsur
1879 4251 27 26 la
1920 4248 184 37 plate-forme
2131 4251 66 28 d'un
2224 4260 104 27 wagon
2347 4260 35 19 en
2407 4250 115 27 marche

1759 4296 57 27 que
1827 4294 31 18 se
1872 4285 112 28 célébra
1998 4284 25 27 le
2037 4285 137 35 mariage.

1786 4325 22 24 A
1824 4322 74 26 l'une
1915 4320 51 27 des
1980 4319 124 26 stations
2118 4322 157 34 suivantes,
2294 4332 35 18 on
2343 4320 59 37 prit
2426 4319 83 27 livrai-

1754 4365 52 19 son
1820 4358 38 26 du
1871 4356 86 28 lunch
1969 4356 120 34 préparé
2106 4358 152 33 par'petits
2272 4358 117 35 paniers
2405 4364 37 18 au
2460 4356 46 26 buf-

1753 4393 40 27 fet
1808 4393 34 26 de
1857 4393 25 26 la
1894 4400 66 27 gare
1976 4398 6 25 ;
2000 4390 76 34 puis,
2088 4398 38 19 on
2143 4391 106 37 déposa
2264 4391 257 32 successivement,

1753 4436 34 19 en
1804 4436 83 19 cours
1899 4428 34 26 de
1958 4428 91 27 route,
2068 4426 24 26 le
2112 4429 126 33 pasteur,
2268 4429 39 27 les
2336 4427 119 33 invités,
2480 4426 40 27 les

1752 4463 117 35 paniers
1884 4462 90 32 vides,
1990 4462 77 33 puis,
2085 4461 216 31 la.belle-mère
2321 4463 50 35 qui
2388 4462 133 27 devenais

1752 4506 165 28 ennuyeuse
1932 4499 28 25 et
1975 4505 35 19 ne
2028 4496 106 27 cessait
2148 4498 33 27 de
2192 4496 162 38 pleurer...
2373 4498 52 27 Les
2444 4498 74 26 deux

1752 4535 92 34 époux
1857 4533 154 32 restèrent,
2023 4532 130 34 —enfin,
2165 4534 77 27 seuls
2255 4532 5 38 !
2320 4535 201 31 commençant

1750 4570 76 27 ainsi
1863 4578 39 17 un
1918 4576 107 27 voyage
2049 4566 34 27 de
2113 4577 84 20 noces
2218 4571 60 34 qui,
2308 4570 161 35 peut-être,
2485 4578 34 18 ne

1750 4605 85 27 finira
1850 4603 105 35 jamais
1970 4603 5 35 !

1782 4639 53 27 Car
1850 4638 143 37 pourquoi
2008 4638 142 27 finirait-il
2161 4639 13 26 ?

1785 4675 76 26 Dans
1887 4674 139 35 quelques
2054 4674 77 27 mois
2156 4684 35 18 on
2215 4677 61 26 fera
2308 4675 156 35 reprendre
2493 4675 25 27 le

1749 4711 74 25 train
1837 4711 14 25 à
1873 4710 26 26 la
1924 4708 107 28 famille
2061 4709 27 27 et
2113 4719 34 18 au
2169 4714 126 31 pasteur,
2326 4714 14 24 à
2365 4710 151 26 l'occasion

1747 4746 85 27 d'une
1848 4744 197 34 naissance...
2065 4744 66 34 puis
2146 4746 84 30 d'une
2244 4744 129 34 autre...

2623 174 33 26 Et
2670 174 25 26 le
2711 177 119 34 ménage
2846 177 170 27 continuera
3039 180 15 25 à
3074 178 79 26 vivre
3181 180 86 33 ainsi,
3293 181 64 28 bien

2588 208 71 27 dans
2673 209 24 26 le
2714 211 83 30 train,
2817 214 26 25 et
2857 213 207 33 parfaitement
3079 213 138 34 heureux,
3294 217 47 33 jus-

2587 244 84 34 qu'au
2686 244 67 33 jour
2769 247 35 25 où
2820 246 123 35 quelque
2959 248 145 27 acccidont
3130 249 33 27 de
3187 249 113 28 chemin
3324 252 33 27 de

2588 279 40 27 fer
2646 280 118 26 viendra
2777 282 138 26 terminer
2931 285 72 26 cette
3019 286 136 25 aventure
3171 285 119 37 unique.

2622 317 22 24 A
2660 315 94 27 moins
2769 324 54 27 que
2839 317 26 26 la
2887 318 107 27 zizanie
3021 328 34 18 ne
3080 328 30 19 se
3130 317 90 32 mette
3246 322 70 27 dans
3332 324 25 26 le

2587 352 119 34 ménage
2722 353 28 25 et
2776 360 53 26 que
2854 352 150 37 l'employé
3021 356 59 33 qui,
3107 356 99 33 malin,
3233 366 15 17 a
3276 360 65 33 peut-

2585 387 60 26 être
2659 386 86 35 gardé
2760 386 26 27 le
2802 386 84 28 billet
2902 389 33 26 de
2953 390 97 25 retour
3064 390 34 26 de
3122 399 33 18 sa
3175 391 118 37 femme,
3321 402 35 20 no

2585 420 25 27 le
2627 422 40 26 lui
2683 424 87 25 mette
2787 431 39 18 un
2839 423 66 34 jour
2921 424 72 26 dans
3012 424 27 26 la
3058 426 77 26 main
3152 429 30 25 et
3202 436 35 18 no
3262 428 26 26 la
3304 429 33 26 dé-

2585 465 69 25 pose
2670 459 15 25 à
2701 467 51 18 son
2771 461 63 25 tour
2849 467 51 19 sur
2914 455 26 32 le
2962 461 76 33 quai,
3054 461 15 26 à
3084 461 99 27 l'autre
3200 463 70 27 bout
3280 464 34 27 de
3331 464 26 27 la

2587 493 86 33 ligne,
2764 494 171 37 simplifiant
2961 495 76 26 ainsi
3064 495 40 27 les
3131 496 161 30 formalités
3317 500 38 26 du

2585 528 123 32 divorce,
2727 537 67 19 avec
2810 531 100 26 autant
2924 530 193 35 d'originalité
3130 533 28 26 et
3174 533 34 26 de
3223 533 130 28 bonheur

2584 562 70 34 qu'il
2669 572 17 17 a
2699 563 137 35 simplifié
2852 566 84 26 celles
2954 566 38 26 du
3007 567 142 35 mariage!

3176 604 125 27 XANROF.

2622 694 89 28 Nous
2734 705 38 18 ne
2797 697 142 28 saurions
2960 702 73 26 trou
3058 702 248 30 recommander
3328 705 17 26 à

2583 737 71 25 tous
2666 744 56 20 nos
2733 735 77 28 amis
2823 737 27 26 la
2859 736 119 30 lecture
2987 738 39 28 de
3035 743 89 25 notre
3135 741 210 39 Supplément

2584 774 137 39 agricole
2738 775 168 38 populaire
2920 777 15 26 à
2953 785 18 27 5
2988 778 148 28 centimes
3162 780 27 28 le
3213 784 130 26 numéro

2640 841 389 40 L'AGRICULTURE
3065 846 234 40 MODERNE

2621 911 45 28 Ce
2688 911 129 37 journal
2842 912 39 28 de
2896 912 228 39 vulgarisation
3154 917 137 37 agricole
3315 920 22 27 si

2583 951 156 38 pratique,
2772 952 25 28 si
2824 952 73 28 bien
2933 953 146 35 informé,
3115 954 73 30 d'un
3224 957 63 30 avis
3319 960 24 27 si

2582 990 115 28 éclairé
2722 993 30 26 et
2776 990 73 30 d'un
2880 993 120 28 conseil
3030 996 25 26 si
3089 996 61 34 sûr,
3182 997 161 30 renferme

2583 1030 123 38 chaque
2741 1031 124 28 samedi
2901 1031 56 30 des
2992 1035 124 27 articles
3159 1035 184 32 d'actualité

2582 1070 155 28 touchant
2772 1069 45 28 les
2852 1074 133 26 travaux
3015 1072 39 28 de
3087 1074 30 28 la
3152 1075 110 33 ferme,
3299 1077 44 28 les

2581 1110 119 37 vignes,
2722 1109 28 28 le
2767 1109 181 38 poulailler,
2973 1111 45 27 les
3044 1113 131 30 abeilles
3198 1119 31 24 et
3254 1115 74 30 l'éle-

2581 1159 78 28 vage
2678 1150 41 27 du
2735 1150 107 34 bétail,
2862 1150 86 27 enfin
2973 1150 46 27 les
3037 1161 92 18 cours
3149 1155 61 25 très
3237 1159 105 26 exacts

2582 1188 38 28 de
2636 1192 70 25 tous
2722 1189 44 27 les
2784 1191 145 37 produits
2947 1191 154 38 agricoles
3119 1191 57 28 mis
3191 1201 38 19 en
3247 1198 94 26 vente

2581 1238 53 18 sur
2654 1239 54 18 nos
2725 1231 157 26 marchés.

2627 1359 113 80 LA
2797 1359 249 83 BOITE
3104 1362 189 81 D'OR

2614 1509 51 25 Les
2685 1508 67 26 trois
2770 1508 152 26 tabatières
2936 1517 51 18 son
2998 1511 8 24 t
3019 1511 14 24 à
3051 1508 64 28 leur
3125 1511 87 34 plaee.
3230 1513 37 26 La
3280 1522 50 25 pre-

2580 1545 89 26 mière
2683 1547 44 24 est
2745 1553 35 17 un
2797 1543 103 37 disque
2915 1545 129 32 énorme,
3060 1545 138 35 vulgaire,
3223 1556 34 18 on
3285 1550 60 27 bois

2578 1580 115 26 tourné.
2709 1580 35 25 La
2760 1580 133 32 seconde,
2908 1587 123 27 presque
3047 1583 104 32 carrée,
3168 1591 80 19 assez
3257 1584 86 37 large,

2578 1616 130 34 d'argent
2721 1615 155 37 guilioohé.
2890 1615 5 37 .
2908 1615 5 37 .
2931 1616 71 26 Mais
3022 1616 26 26 la
3066 1617 157 34 troisième,
3239 1619 25 26 le
3289 1620 56 26 don

2576 1651 86 26 offert
2674 1658 52 27 par
2741 1651 96 33 César,
2855 1654 44 24 est
2921 1657 26 20 ta
2970 1651 78 26 boîte
3069 1651 78 27 d'or!
3177 1654 77 32 Fine,
3283 1655 45 26 élé-

2577 1689 94 32 gante,
2689 1694 35 18 au
2739 1685 149 27 couvercle
2903 1688 69 25 orné
2987 1685 32 27 do
3037 1687 171 28 médaillons
3226 1689 37 27 du
3279 1690 64 34 plus

2578 1730 53 26 pur
2648 1720 103 27 émail!
2770 1722 32 25 lit
2815 1721 81 35 quels
2916 1721 189 28 médaillons!
3131 1723 51 26 Les
3207 1726 137 32 portraits

2577 1756 34 26 de
2626 1756 26 26 S.
2665 1756 35 26 M.
2713 1756 106 33 Joseph
2833 1756 31 32 11,
2881 1763 152 26 empereur
3044 1756 207 37 d'Allemagne,
3267 1762 26 24 et
3311 1761 33 26 do

2576 1796 52 21 Son
2646 1793 120 33 auguste
2785 1793 105 33 épouse
2904 1789 4 37 !
2922 1792 52 25 Les
2989 1792 137 33 portraits
3138 1789 71 30 d'ans
3222 1794 25 25 le
3259 1795 83 26 cadre

2577 1827 149 33 elliptique
2744 1827 119 25 entouré
2876 1826 34 26 de
2928 1825 92 35 perles
3038 1827 27 25 et
3078 1827 33 25 de
3128 1826 161 31 diamants!

2610 1863 37 24 Le
2667 1860 111 26 célèbre
2798 1860 196 34 compositeur
3019 1860 133 38 Galuppi,
3180 1865 103 26 maître
3306 1866 33 26 do

2576 1894 128 35 chapelle
2732 1896 41 26 de'
2796 1894 183 31 Saint-Marc,
3018 1905 46 18 ne.
3083 1899 72 33 peut
3187 1899 152 33 travailler,

2576 1932 72 26 dans
2661 1939 52 19 son
2737 1931 113 26 cabinet
2878 1931 37 26 du
2944 1942 13 13 «
2980 1931 220 30 Conservatoire
3220 1932 64 38 des,
3300 1936 28 25 In-

2576 1965 129 28 curables
2728 1977 24 22 »,
2770 1967 24 26 si
2811 1965 39 27 les
2868 1968 69 25 trois
2955 1967 154 28 tabatières
3123 1977 33 18 ne
3172 1971 67 25 sont
3250 1978 50 26 pas
3326 1972 14 25 à

2576 2003 98 33 portée
2688 2002 34 26 de
2739 2010 33 18 sa
2785 2002 86 26 main.

2611 2037 37 26 De
2665 2037 65 34 cinq
2746 2046 32 17 on
2792 2037 64 34 cinq
2871 2037 137 32 minutes,
3033 2037 25 26 le
3083 2041 125 25 maestro
3239 2041 85 26 rabou-

2576 2074 52 33 gri,
2648 2075 14 22 à
2676 2075 54 24 tète
2748 2072 94 32 falote,
2868 2073 103 34 plonge
2991 2081 47 18 ses
3064 2073 94 34 doigts
3184 2074 157 28 décharnés

2575 2108 71 26 dans
2662 2108 27 26 la
2702 2108 139 33 première
2855 2108 86 26 boîte.
2959 2108 51 25 Des
3034 2107 116 35 pincées
3177 2111 15 24 à
3220 2111 119 33 remplir

2575 2144 216 33 copieusement
2807 2143 40 25 les
2863 2143 115 25 narines
2993 2141 34 26 de
3045 2141 48 26 dix.
3104 2143 155 27 chanoines
3273 2141 4 35 !

2609 2178 43 32 lit,
2670 2178 115 25 l'œuvre
2798 2177 73 26 mise
2888 2179 53 22 sut'
2960 2176 25 26 le
3002 2177 111 32 métier,
3130 2177 27 26 la
3169 2178 124 28 mélodie
3308 2189 31 18 se

2575 2211 217 27 dessine-t-elle
2819 2219 34 18 en
2875 2211 74 34 ligne
2975 2212 163 26 heureuse?
3161 2212 180 31 L'harmonie

2575 2246 176 26 a-t-elledes
2766 2248 64 25 tons
2841 2246 65 26 bien
2920 2246 73 26 liés?
3004 2246 74 27 Bon!
3097 2248 123 37 Galuppi
3234 2251 105 32 s'offre,

2574 2289 66 20 avec
2668 2284 92 33 grâce,
2778 2282 27 28 la
2824 2282 78 35 prise
2924 2283 71 27 dans
3024 2283 26 26 la
3071 2284 89 33 petite
3182 2285 155 27 cassolette

2574 2319 138 35 d'argent.
2752 2317 91 31 Enfin,
2881 2317 24 27 le
2942 2319 65 26 trait
3052 2320 105 34 génial,
3200 2321 136 33 sublime,

2574 2354 139 26 éclate—t-i
2721 2353 83 28 I?Oh
2813 2353 5 38 !
2837 2353 115 31 alors,le
2968 2353 67 27 vieil
3050 2354 100 27 artiste
3162 2363 86 19 ouvre
3261 2356 64 34 pieu-

2572 2391 122 30 sement,
2714 2396 67 18 avec
2811 2388 50 26 dos
2885 2389 79 25 soins
2986 2387 109 34 infinis,
3118 2388 25 28 le
3174 2391 164 28 minuscule

2572 2422 99 25 coffret
2687 2422 70 25 d'or.
2776 2422 96 25 «Oui!
2885 2424 48 25 oui
2947 2422 5 34 !
2985 2432 67 18 mon
3067 2426 69 31 ami,
3155 2433 30 19 se
3211 2426 43 26 dit
3281 2427 38 25 Ga-

2575 2456 89 34 luppi,
2683 2458 30 22 tu
2728 2464 30 17 es
2772 2456 85 34 digne
2876 2457 32 25 do
2924 2459 25 22 te
2978 2458 92 25 servir
3085 2459 33 24 de
3143 2459 27 25 la
3200 2460 137 26 tabatière

2572 2491 50 27 dos
2633 2498 172 27 .empereurs
2818 2491 6 26 !
2837 2502 13 13 »

2606 2528 31 26 Je
2654 2536 34 18 ne
2701 2526 59 27 sais
2778 2525 65 38 quel
2865 2528 59 27 être
2949 2526 220 28 indéfinissable
3256 2530 77 28 est-il

2571 2563 73 26 mile
2661 2571 35 19 ou
2713 2563 111 26 femelle
2836 2563 13 26 ?
2906 2565 90 25 entre.
3008 2563 20 26 Il
3039 2572 17 18 a
3072 2564 43 26 été
3131 2564 130 26 recueilli
3287 2574 52 26 par

2570 2598 109 26 charité
2694 2600 15 24 à
2731 2597 130 35 l'hôpital
2876 2598 51 26 des
2954 2598 175 26 Incurables.
3149 2598 21 26 Il
3195 2600 45 27 est
3267 2601 54 26 ban-

2570 2634 99 25 croche
2686 2635 27 24 et
2725 2634 94 25 tordu.
2837 2634 35 25 Le
2885 2642 83 26 corps
2986 2642 30 18 se
3032 2635 70 33 perd
3115 2635 71 26 dans
3202 2635 27 26 la
3243 2637 83 25 soaita-

2570 2667 83 26 nellc.
2687 2668 38 25 La
2759 2669 56 25 têto
2849 2668 139 33 disparaît
3026 2676 67 19 sous
3125 2669 25 26 lo
3183 2669 109 27 bonnet
3320 2673 15 25 à

2569 2702 150 33 tuyaux...

2670 2737 211 34 Illustrissime,
2909 2746 39 17 un
2981 2738 137 34 seigneur
3143 2738 94 27 désire
3266 2748 71 19 vous

2569 2773 93 27 voir..
2676 2773 5 27 .

2654 2807 38 27 Hé
2707 2807 6 26 !
2731 2807 27 34 je
2774 2807 184 35 compose...

2654 2844 78 26 Voici
2747 2852 52 18 son
2817 2851 67 19 nom
2901 2844 6 26 !

2603 2878 123 35 Galuppi
2752 2878 33 26 lit
2815 2888 50 18 sur
2896 2877 150 37 l'élégante
3085 2882 74 25 carte
3176 2881 33 26 de
3227 2877 86 31 visite
3332 2877 4 37 :

2561 2924 24 18 .«
2604 2914 99 26 Comte
2718 2914 34 26 de
2769 2914 189 34 Rimgelstein
2979 2914 25 35 »,
3017 2915 80 34 puis:

2655 2948 64 26 Fais
2748 2950 97 25 entrer
2870 2949 58 26 vite
2946 2948 4 39 !
2978 2949 37 26 Go
3044 2949 60 26 doit
3136 2950 59 26 être
3211 2952 123 35 quoique

2569 2982 178 26 chambellan
2764 2983 34 26 de
2815 2982 171 35 l'empereur
2998 2982 5 35 !

2602 3019 35 26 La
2667 3027 130 18 nouveau
2830 3027 189 27 personnage,
3046 3019 158 34 distingué,
3229 3020 106 27 babillé

2568 3053 197 35 simplement,
2778 3056 115 34 compte
2909 3063 35 18 au
2956 3054 65 34 plus
3035 3054 164 37 vingt-cinq
3224 3065 61 18 ans.
3313 3057 19 26 11

2569 3091 129 25 s'avance
2713 3098 56 18 non
2785 3098 67 19 sans
2869 3090 138 27 timidité.

2653 3125 34 26 Le
2704 3124 142 27 chevalier
2858 3125 146 35 Galuppi?

2576 3159 1 32 ,
2649 3159 176 32 Lui-même,
2837 3159 145 26 Monsieur
3000 3161 24 26 le
3039 3163 93 24 comte
3145 3159 5 32 !
3183 3162 151 27 Comment

2568 3202 31 18 se
2614 3197 79 33 porte
2706 3195 35 26 Sa
2758 3195 119 33 Majesté
2894 3194 191 27 Césarienne?
3098 3196 154 27 Comment
3267 3201 67 22 vont

2569 3230 58 26 Nos
2639 3230 155 33 Seigneurs
2805 3230 43 26 les
2859 3229 171 27 archiducs?

2646 3265 80 32 Bte»,
2740 3265 123 34 j'espère
2875 3262 56 30 !...
2952 3263 151 27 Toutefois
3113 3262 170 38 j'ignore...

2649 3298 81 28 Vous
2741 3305 35 20 ftc
2792 3307 84 19 savez
2891 3308 50 26 pas
2953 3299 7 27 I
2976 3299 76 27 Mais
3078 3299 74 28 ufors
3178 3301 50 35 qui
3256 3302 61 26 êtes-

2567 3334 142 28 vous?...
2730 3334 58 32 Que
2798 3334 210 27 voulez-vous?

2601 3371 35 26 Le
2652 3370 87 38 jeune
2754 3370 116 28 homme
2883 3371 109 35 répond
3007 3372 84 34 après
3106 3380 39 19 nn
3162 3372 122 27 silence:

2649 3406 194 34 .l'appartiens
2858 3410 15 24 à
2889 3407 125 26 certaine
3035 3407 96 27 bonne
3159 3406 109 30 famille
3294 3407 38 27 du

2568 3439 93 35 Tyrol.
2689 3442 126 35 Quelque
2844 3443 113 26 fortune
2987 3451 45 18 me
3057 3445 112 32 permet
3197 3444 34 25 do
3254 3444 78 26 vivre

2569 3476 70 27 dans
2652 3476 141 27 l'aisance.
2819 3477 66 26 Mon
2910 3477 129 32 enfance,
3067 3484 47 19 tna
3137 3477 137 33 jeunesse
3304 3485 31 19 se

2568 3513 66 24 sont
2644 3514 117 31 passées
2778 3521 51 18 sur
2843 3511 39 27 les
2900 3511 100 26 hautes
3014 3514 171 35 montagnes
3202 3521 34 18 au
3263 3514 71 26 bord

2568 3544 51 27 des
2628 3547 168 34 précipices,
2816 3555 69 20 sous
2896 3547 41 27 les
2948 3547 104 26 chênes
3064 3544 191 37 séculaires...
3270 3546 64 30 Mon

2568 3582 90 32 esprit
2670 3582 69 26 s'est
2752 3583 89 26 formé
2863 3582 71 26 dans
2946 3581 27 27 la
2980 3581 126 27 solitude
3117 3588 48 28 par
3175 3581 27 27 la
3210 3585 107 25 contem-

2568 3614 117 35 plation.
2704 3614 21 30 H
2740 3619 84 26 m'est
2839 3619 85 32 resté,
2939 3617 72 28 dans
3021 3617 83 28 l'âme
3115 3618 136 30 habituée
3269 3621 15 25 à.
3308 3619 28 27 la

2568 3652 107 26 rêverie
2741 3653 48 34 j'ai
2804 3653 85 27 honte
2904 3661 35 18 on
2949 3653 145 33 favogant
3106 3652 5 35 !
3198 3654 50 26 dos
3279 3654 53 27 lots

2569 3686 33 27 de
2617 3686 236 31 sentimentalité,
2876 3683 120 32 ridicule
3025 3690 156 31 peut-être,
3209 3690 71 27 dont
3304 3690 28 34 jo

2567 3730 35 18 ne
2616 3723 64 27 sois
2695 3732 50 26 pas
2757 3724 116 34 capable
2895 3724 33 27 de
2944 3732 45 19 me
3001 3724 195 27 débarrasser.

2654 3758 50 32 Hé,
2721 3761 149 25 monsieur
2882 3759 25 26 le
2926 3762 104 31 comte,
3045 3761 27 33 je
3086 3762 45 33 n'y
3150 3761 65 34 puis
3233 3761 97 27 rien...

2655 3793 206 37 Ecoutez-moi,
2903 3796 149 26 monsieur
3094 3795 133 35 Galuppi,
3268 3804 66 19 avec

2567 3829 124 33 quelque
2705 3829 141 34 patience,
2859 3830 28 32 jo
2902 3837 70 19 vous
2993 3829 111 35 prie,..
3131 3831 51 26 J'ai
3206 3840 48 18 cru
3278 3840 53 27 que

2568 3862 115 33 Venise,
2698 3869 69 21 avec
2778 3873 48 18 ses
2843 3868 196 27 monuments,
3058 3875 46 17 ses
3124 3866 135 34 théâtres,
3287 3875 45 19 ses

2567 3898 119 34 plaisirs
2700 3896 109 33 faciles,
2823 3898 152 27 donnerait
2989 3900 123 34 quelque
3129 3902 79 25 autre
3221 3909 84 19 cours
3319 3905 15 24 à

2568 3940 60 19 mes
2646 3931 87 28 idées.
2752 3931 50 32 Ici,
2815 3933 48 33 j'ai
2878 3934 64 26 tout
2959 3943 45 18 vu.
3030 3935 61 25 tout
3115 3935 104 26 visité:
3244 3938 90 32 palais

2565 3966 52 27 des
2643 3967 89 35 doges
2748 3969 27 25 et
2790 3967 141 27 coulisses
2944 3969 34 26 de
3000 3967 26 28 la
3047 3969 118 33 Fenice;
3193 3971 80 26 salon
3300 3972 33 27 do

2567 4002 177 35 patricienne
2765 4011 37 18 ou
2823 4003 123 27 boudoir
2974 4004 33 27 do
3031 4006 230 28 courtisane!,..
3288 4006 44 34 El,

2567 4039 146 32 pourtant,
2722 4038 77 26 l'état
2805 4038 34 26 de
2851 4046 67 19 mon
2930 4048 78 19 cœur
3019 4042 45 26 n'a
3074 4043 87 34 guère
3172 4042 107 37 changé
3291 4043 41 27 !...

2567 4074 41 26 Un
2623 4074 77 33 jour,
2717 4082 51 26 par
2781 4072 113 37 hasard,
2913 4075 27 35 je
2961 4077 61 26 suis
3039 4080 80 24 entré
3137 4077 71 27 dans
3226 4077 106 37 l'église

2565 4109 35 26 de
2616 4109 182 40 l'Hôpital...
2818 4110 53 26 J'ai
2887 4120 38 26 pu
2941 4114 137 26 entendre
3098 4113 165 28 l'orchestre
3279 4123 53 26 que

2567 4152 70 19 vous
2653 4153 66 19 avez
2738 4144 89 28 formé
2841 4156 34 18 en
2891 4149 167 26 réunissant
3072 4149 50 26 des
3137 4149 103 33 jeunes
3259 4149 73 27 filles

2565 4188 122 26 pauvres
2705 4182 27 26 et
2747 4182 214 34 orphelines...

2601 4215 34 27 Le
2652 4219 124 26 maestro
2791 4219 172 34 interrompt
2978 4215 5 38 :

2654 4253 47 27 Six
2711 4253 120 33 violons,
2850 4253 74 27 deux
2936 4253 194 32 viûlonceiles,
3149 4263 54 18 une
3221 4257 93 25 contre-

2567 4286 97 33 basse,
2689 4287 69 28 trois
2781 4289 152 32 clavecins,
2959 4289 73 27 deux
3052 4289 164 27 clarinettes
3240 4292 28 24 et
3293 4299 37 18 un

2565 4322 148 30 hautbois.
2726 4346 24 6 ..
2767 4325 115 33 Chaque
2903 4325 177 26 instrument
3109 4326 66 25 tenu
3200 4332 50 26 par
3275 4333 57 19 une

2568 4358 141 26 virtuose!
2724 4358 33 27 Et
2769 4358 442 32 meschanteusos,inonsieuiTe
3222 4362 106 26 comte!

2565 4391 71 30 Hem
2650 4390 5 40 I
2668 4390 80 32 Ûfcrtjs
2758 4395 211 35 soprani.deux
2982 4395 227 33 inezzo-soprani
3220 4397 28 25 et
3256 4397 70 26 trois

2561 4429 152 27 ■fiontrafti!
2727 4430 58 27 Une
2800 4430 122 26 réunion
2939 4430 35 25 de
2988 4429 67 26 voix
3067 4429 131 33 fraîches,
3215 4430 112 35 jeunes,

2565 4465 99 34 agiles,
2681 4474 96 26 pures,
2796 4474 54 27 que.
2862 4473 34 18 no
2913 4463 120 35 possède
3050 4473 50 26 pas
3111 4465 25 27 le
3152 4466 109 28 théâtre
3279 4469 35 25 im-

2565 4500 89 34 périal
2666 4501 34 26 cto
2719 4501 107 26 Vienne
2837 4499 4 35 !
2870 4501 33 25 Et
2928 4499 92 35 quelle
3048 4501 151 28 méthode!
3233 4502 97 32 Quelle

2564 4535 96 27 sûreté
2675 4535 190 27 d'intonation
2877 4534 5 39 !
2902 4534 59 27 Mes
2979 4534 104 35 élèves,
3100 4539 67 34 quoi
3182 4534 5 39 !

2597 4571 123 35 Galuppi
2733 4570 98 31 «'offre
2843 4570 26 26 la
2882 4570 79 35 prise
2978 4570 72 28 dans
3060 4571 26 28 la
3099 4573 77 27 boîte
3187 4574 139 35 d'argent.

2564 4606 35 26 Le
2615 4606 86 34 jeune
2717 4606 135 33 étranger
2868 4606 96 34 rougit
2978 4607 27 25 et
3019 4609 150 27 continue:

2648 4642 156 31 Monsieur,
2822 4641 69 27 c'est
2902 4642 34 27 de
2950 4651 50 19 vos
3014 4644 171 27 chanteuses
3209 4652 54 26 que
3280 4645 47 33 j'ai

2563 4677 15 25 à
2594 4684 72 19 vous
2679 4676 169 27 entretenir..
2859 4677 115 35 Chaque
2988 4681 103 32 matin,
3118 4680 27 33 je
3176 4688 45 18 mo
3252 4680 79 34 place

2565 4710 71 27 dans
2650 4710 122 35 quelque
2785 4713 65 26 coin
2867 4713 34 27 de
2917 4713 109 37 l'église
3040 4710 5 44 ;
3064 4715 27 39 je
3105 4714 40 27 les
3161 4716 168 26 écouteavec

2563 4747 191 28 ravissement
2779 4747 24 38 ..
2823 4749 34 26 Le
2871 4749 69 33 soir,
2955 4749 25 27 le
2994 4749 154 27 sacristain
3164 4752 45 25 est
3234 4750 93 34 obligé

163 103 56 17 ggg
250 100 91 27 170

1431 99 197 44 Supplément
1648 100 120 39 illustré
1785 102 35 38 du
1841 102 84 38 Petit
1941 103 128 40 Journal
2121 118 18 25 e
