3475 4927
117 188 34 27 do
167 195 45 19 me
224 188 104 26 mettre
344 185 53 27 àla
412 187 91 33 porte.
521 184 32 26 Je
568 184 138 27 voudrais
732 188 93 25 rester
837 194 31 18 en-

116 230 73 25 core,
207 222 142 33 toujours,
377 222 27 25 là
428 222 35 25 où
488 220 28 34 je
547 220 40 26 les
613 221 195 28 entends!...
841 222 43 25 Au

116 257 94 35 Tyrol,
223 266 54 27 que
292 256 34 27 de
341 255 79 27 nuits
438 255 117 34 passées
572 263 69 19 sous
660 255 40 27 les
729 256 98 26 arbres
848 257 35 24 où

115 293 125 35 pleurait
259 293 25 27 le
313 291 146 35 rossignol
472 289 5 39 !
504 289 97 32 Quelle
627 293 98 25 extase
750 291 133 35 produite

115 338 52 26 par
181 337 30 18 ee
227 334 107 27 pauvre
347 326 98 27 oiseau
461 326 63 26 noir
534 326 56 38 !...
612 327 72 26 Mais
705 334 56 18 une
784 327 98 25 extase

117 364 63 34 plus
197 363 71 26 forte
285 364 28 25 et
322 361 64 35 plus
402 363 89 26 douce
507 363 117 26 envahit
635 363 139 26 monâme
785 360 97 35 quand

116 406 48 20 vos
178 398 93 26 élèves
288 398 97 26 disent
399 398 25 26 le
436 398 79 26 Salve
527 399 113 32 Reçjina.

197 432 67 27 Oui!
278 432 76 27 C'est
366 441 47 19 ma
426 431 151 30 meilleure
594 441 128 18 œuvre...
735 431 37 26 Le
784 431 97 34 Tempo

117 470 28 26 di
156 470 136 26 minuelto
307 469 34 26 de
354 468 26 27 la
392 470 37 25 lin
446 470 44 26 est
504 468 96 27 réussi
611 468 12 26 ?

197 504 43 26 Ah
254 502 5 34 !
278 506 112 31 maître,
405 513 56 18 une
477 503 66 26 voix
563 503 116 25 surtout
757 502 66 26 voix
848 502 33 27 de

115 548 123 26 soprano
299 540 92 34 épand
405 540 48 26 des
470 539 117 26 eflluves
604 537 33 25 de
652 535 182 37 volupté!...
859 539 22 25 A

115 574 144 33 l'écouter,
275 574 25 27 le
315 574 54 26 ciel
385 574 112 26 s'ouvre
510 573 6 25 !
541 573 53 25 Dos
619 572 130 34 parfums
770 573 111 27 flottent

115 613 103 24 autour
234 609 33 27 de
281 609 58 26 moi
353 607 4 37 !
373 608 32 26 Je
425 608 73 25 crois
519 607 139 34 posséder
680 607 25 26 le
725 617 83 27 corps
829 608 35 26 im-

115 645 131 27 matériel
259 645 48 33 qui
325 644 113 30 s'élève,
462 651 112 19 comme
594 643 26 26 la
641 644 96 27 fumée
761 645 33 25 do
816 644 52 26 l'en-

115 689 78 24 cens,
210 679 58 26 loin
283 678 37 27 du
335 678 53 33 sol,
402 686 65 19 vers
483 678 25 27 le
524 678 53 27 ciel
591 678 4 35 !
612 678 37 27 La
660 678 54 33 vie,
731 687 72 26 pour
813 687 69 18 mon

115 724 86 22 cœur,
219 715 44 26 est
275 713 188 35 simplement
480 713 5 35 :
503 715 115 26 écouter
631 716 73 25 cette
719 715 66 26 voix
798 713 5 35 !
827 715 51 26 J'ai

113 750 128 26 réfléchi.
263 749 31 27 Je
320 750 61 26 suis
405 750 162 27 décidé!...
598 750 34 26 Et
653 749 28 34 je
699 750 84 26 viens
809 757 71 19 vous

115 785 61 26 dire
190 784 5 35 :
220 796 13 13 «
259 784 146 27 Monsieur
430 784 25 27 le
478 787 96 25 tuteur
589 784 51 27 des
657 784 165 35 orphelines
842 784 38 26 du

115 821 227 33 Conservatoire,
356 821 50 34 j'ai
418 821 151 26 l'honneur
586 821 33 26 do
639 828 67 19 vous
724 817 157 31 demander

113 859 79 24 votre
209 863 123 27 soprano
344 865 34 18 en
394 855 130 35 légitime
541 855 143 35 mariage!
712 867 13 12 »

148 892 35 26 Le
198 892 86 26 vieux
300 892 141 26 musicien
459 892 90 34 prend
560 900 72 26 coup
648 899 50 18 sur
712 899 84 26 coup,
809 891 70 26 dans

113 926 27 26 la
155 926 137 26 tabatière
313 926 33 26 de
366 926 72 28 bois,
464 927 99 33 quatre
581 926 168 33 effroyables
776 926 102 33 prises,

115 961 65 35 puis
197 971 6 15 :

189 997 77 25 Vous
279 998 59 24 êtes
348 996 86 30 riche,
445 996 96 33 noble,
557 998 27 25 et
599 1005 71 18 vous
686 996 111 27 desirez
810 997 67 26 unir

113 1033 79 24 votre
206 1031 129 26 destinée
347 1032 14 25 à
378 1031 67 26 celle
467 1031 34 26 de
515 1031 27 33 je
556 1039 35 18 no
605 1031 59 27 sais
678 1031 93 35 quelle
782 1031 99 26 enfant

115 1075 67 20 sans
196 1075 77 21 nom,
288 1074 66 19 sans
373 1065 118 33 famille,
510 1075 67 18 sans
592 1067 67 27 dot?

197 1101 52 31 Oui
261 1101 4 31 !

197 1136 185 26 L'avcz-vous
409 1144 56 19 vue
490 1136 34 27 do
549 1136 67 35 près
652 1139 73 25 cette
762 1135 118 27 enfant?

116 1172 260 27 Connaissez-vous
392 1180 32 19 sa
438 1173 102 34 figure,
559 1181 52 19 son
622 1173 90 34 port?

197 1207 78 26 Non!
299 1207 41 26 les
365 1207 172 27 chanteuses
562 1208 28 25 et
612 1207 41 26 les
680 1207 198 26 musiciennes

113 1251 31 19 se
156 1241 113 37 placent
285 1243 71 27 dans
369 1243 26 27 le
411 1244 98 26 chœur
523 1243 89 26 fermé
621 1251 52 26 par
687 1241 25 27 le
725 1241 103 34 jubé...
842 1241 37 25 Le

112 1278 98 35 public
234 1286 34 18 ne
296 1279 117 26 connaît
438 1278 98 27 d'elles
562 1285 53 26 que
645 1278 27 25 la
698 1277 66 27 voix
790 1285 37 18 ou
853 1277 26 25 le

113 1311 100 39 son...
235 1312 52 27 J'ai
302 1315 98 25 écouté
417 1312 27 38 ja
457 1311 116 39 voix...
591 1311 97 34 j'aime
707 1311 27 26 la
749 1311 67 27 voix
829 1311 45 28 !...

113 1349 31 27 Je
158 1349 97 26 désire
269 1348 27 27 la
312 1349 65 25 voix
391 1348 5 28 !

196 1378 151 31 Vous'êtes
361 1383 100 34 grand,
484 1383 72 26 beau
574 1389 112 27 garçon.
705 1382 172 27 Savcz-vous

112 1419 26 27 si
151 1420 72 25 cette
236 1419 64 26 voix
322 1417 76 27 n'est
423 1426 51 26 pas
503 1417 72 26 dans
601 1428 13 14 «
627 1416 78 27 l'étui
719 1428 12 13 »
762 1416 25 27 le
811 1416 66 38 plus

112 1454 130 34 vulgaire
252 1454 13 26 ?

145 1487 125 38 Galuppi
285 1489 94 26 s'offre
392 1488 177 37 galamment
592 1488 27 26 la
645 1488 79 35 prise
751 1488 72 26 dans
850 1488 27 25 la

113 1525 77 26 boîte
207 1525 129 34 d'argent
352 1526 27 25 et
399 1525 139 35 reprend:

193 1559 171 27 Savez-vous
379 1559 26 27 si
435 1569 67 18 mon
526 1560 56 25 bon
599 1567 123 26 soprano
736 1559 74 26 n'est
824 1566 51 27 pas

117 1593 22 28 la
154 1594 109 26 laideur
275 1596 132 25 incarnée
418 1594 13 25 ?

144 1630 37 25 Le
196 1629 86 34 jeune
298 1629 116 26 homme
429 1629 104 27 blêmit
544 1629 5 34 :

198 1663 44 26 Ah
256 1663 6 26 !
281 1663 85 33 enfin,
381 1664 174 33 qu'importe
570 1663 5 34 !

146 1698 124 35 Galuppi
286 1700 96 34 frappe
399 1707 50 19 sur
464 1708 39 17 un
528 1698 112 27 timbre.
658 1697 91 28 L'être
774 1697 89 27 indéfi-

112 1735 126 27 nissable
250 1735 131 35 apparaît
399 1735 5 35 :

191 1770 64 27 Fais
276 1769 81 27 venir
374 1769 107 27 Rosina
494 1769 4 28 !

146 1807 33 26 Et
196 1807 107 26 Rosina
327 1807 90 26 entre.
444 1806 39 26 La
504 1813 106 26 pauvre
625 1805 56 27 fille
702 1807 45 25 est
776 1805 99 34 petite,

112 1840 150 35 malingre,
279 1841 116 27 bossue.
411 1841 70 26 Rien
503 1848 56 28 que
583 1840 76 26 deux
674 1850 73 26 yeux
767 1840 109 33 tristes,

112 1878 77 25 doux
204 1878 28 25 et
248 1877 92 27 beaux
354 1877 6 25 !

145 1911 37 26 Le
197 1913 93 24 comte
317 1911 34 26 de
378 1911 188 34 Riingelstcin
588 1911 132 33 tremble,
750 1911 79 26 saine
850 1912 27 25 et

112 1949 69 25 sort.
204 1946 37 25 Le
256 1948 125 24 maestro
393 1954 150 18 murmure
556 1955 35 17 en
607 1948 146 26 ricanant:

190 1981 35 27 Ce
242 1980 47 27 fou
302 1980 110 28 voulait
431 1978 115 28 enlever
565 1989 47 18 ma
621 1982 150 27 meilleure
789 1982 86 32 élève,

112 2024 66 19 mon
195 2015 211 34 incomparable
422 2023 122 27 soprano
560 2015 5 35 !
586 2015 50 34 Hé,
660 2016 51 33 j'ai
731 2017 66 26 bien
815 2024 41 19 ma-

112 2053 117 25 nœuvré
246 2050 5 35 !
282 2050 133 35 Galuppi,
444 2060 66 18 mon
541 2050 76 34 cher,
634 2054 31 25 tu
680 2061 32 18 as
731 2053 77 26 droit
823 2050 54 28 àla

112 2087 77 34 prise
203 2087 72 26 dans
289 2087 27 26 la
331 2087 78 26 boîte
425 2087 60 26 d'or
498 2087 6 26 !

144 2166 106 34 Depuis
261 2176 40 17 un
314 2167 84 30 mois,
412 2166 124 35 Galuppi
550 2169 45 25 est
611 2166 34 27 de
658 2166 57 27 fort
725 2166 149 27 méchante

110 2202 133 27 humeur.
257 2202 52 27 Pas
322 2202 107 27 d'idées
449 2202 5 28 !
469 2203 38 26 La
522 2202 118 28 cervelle
663 2204 45 26 est
723 2202 65 28 vide
803 2203 6 26 !
824 2203 51 26 Les

111 2237 72 26 dons
195 2237 34 26 de
243 2237 103 26 métier
360 2238 94 25 même
470 2238 63 26 font
546 2237 107 27 défaut.
667 2237 208 27 L'harmoniste

111 2280 33 18 ne
156 2271 56 26 sait
228 2271 64 32 plus
306 2272 131 25 moduler
454 2281 6 22 ;
477 2272 26 26 le
517 2272 103 28 savant
637 2274 239 33 contrepointiste

113 2315 33 19 ne
164 2308 69 33 peut
246 2306 63 34 plus
322 2316 13 13 «
350 2306 104 35 fuguer
467 2316 24 17 ».
506 2307 52 26 Les
572 2307 96 34 doigts
690 2308 92 34 grêles
793 2308 66 33 plon-

110 2344 67 33 gent
191 2342 204 34 rageusement
411 2341 71 26 dans
497 2341 26 26 la
539 2341 139 26 tabatière
694 2342 34 25 de
744 2342 73 26 bois.
839 2343 37 25 La

110 2379 77 26 boîte
202 2376 59 26 d'or
287 2383 35 18 no
346 2375 112 26 s'ouvre
489 2376 105 33 jamais
612 2375 5 38 !
645 2376 74 27 Celle
744 2378 131 35 d'argent

111 2413 41 26 fut
165 2413 15 25 à
193 2412 85 34 peine
288 2411 118 28 touchée
424 2412 74 27 deux
519 2412 56 27 fois
602 2420 35 19 en
659 2414 94 26 trente
769 2413 80 34 jours
868 2411 5 37 !

144 2446 91 27 L'être
262 2446 217 28 indéfinissable
507 2457 128 19 annonce
664 2448 25 27 le
717 2452 93 25 comte
840 2451 34 27 de

110 2483 198 34 Rungelstein.
326 2484 52 26 Les
392 2484 84 26 traits
491 2484 90 26 mâles
598 2484 38 26 du
658 2484 86 33 jeune
759 2485 115 26 homme

111 2520 66 25 sont
191 2518 161 33 empreints
365 2518 34 25 de
416 2517 157 27 résolution
591 2520 28 24 et
631 2518 155 33 d'énergie.

190 2552 149 26 Monsieur
359 2551 133 34 Galuppi,
529 2551 106 34 malgré
666 2554 71 28 tout,
765 2551 109 35 malgré

109 2587 141 28 certaines
267 2585 216 34 imperfections
507 2585 33 26 de
560 2588 80 25 votre
664 2585 158 35 pupille...
840 2587 34 26 de

111 2624 76 25 votre
209 2628 124 28 soprano
394 2621 219 35 imperfections
637 2629 56 28 que
711 2621 162 35 j'oublierai

107 2659 58 26 vite
229 2656 27 35 je
269 2656 142 27 demande
425 2656 27 27 la
461 2656 156 28 chanteuse
625 2667 73 26 pour
709 2660 107 34 épouse
829 2660 41 27 !...

107 2692 106 35 Depuis
229 2700 53 27 que
307 2693 27 34 je
357 2701 34 19 ne
417 2693 143 28 l'entends
574 2702 61 26 pas,
664 2702 67 19 mon
749 2694 79 27 désir
840 2695 34 27 do

107 2728 135 27 l'écouter
259 2730 130 34 toujours
403 2730 70 26 s'est
488 2739 83 18 accru
582 2728 5 35 !
612 2731 32 26 Je
664 2731 60 27 suis
738 2732 136 26 retourné

107 2765 71 26 dans
200 2764 25 27 le
241 2765 131 33 Tyrol...
393 2765 34 26 Ni
449 2765 119 26 l'ombre
588 2765 51 27 des
663 2765 107 33 hêtres,
796 2766 32 25 ni
849 2765 25 27 le

107 2807 148 18 murmure
275 2799 51 27 des
346 2807 126 22 sources,
500 2800 30 26 ni
559 2799 26 26 la
609 2800 125 27 sérénité
757 2802 38 26 du
820 2800 54 27 ciel

106 2843 35 19 ne
164 2836 90 25 m'ont
278 2835 53 27 fait
356 2833 102 35 goûter
485 2835 26 27 la
537 2836 77 34 paix.
646 2836 98 31 Quand
770 2837 28 32 je
828 2836 31 27 de-

106 2869 132 27 mandais
260 2869 27 26 la
317 2880 14 14 «
354 2869 66 26 voix
448 2881 13 13 »
493 2878 56 18 aux
572 2870 94 34 échos,
692 2880 54 18 aux
770 2871 100 33 forêts,

106 2906 63 27 tout
197 2913 31 19 se
257 2904 113 32 taisait,
398 2904 146 30 hélas!...
575 2907 125 34 Puisque
729 2907 28 34 je
788 2915 84 26 passe

105 2948 67 19 sans
197 2940 110 27 hésiter
327 2949 51 18 sur
398 2941 41 26 les
462 2941 98 27 futiles
575 2941 152 35 questions
742 2942 34 26 de
791 2950 78 25 nom,

106 2976 34 27 de
151 2975 118 33 famille,
283 2976 34 26 de
333 2976 137 33 richesse,
483 2978 142 35 pourquoi
637 2978 235 34 m'arrêterais-je

105 3013 17 26 à
149 3011 27 27 la
196 3012 135 34 question
359 3013 33 26 de
423 3012 90 27 forme
542 3013 142 33 physique
697 3013 13 25 ?
724 3011 2 35 •
744 3013 74 26 C'est
847 3014 26 25 la

105 3046 65 27 voix
201 3056 53 26 que
283 3047 28 33 je
343 3054 83 25 veux,
454 3047 27 26 la
509 3046 65 27 voix
601 3047 48 34 qui
683 3048 69 33 peut
784 3047 89 26 sortir

105 3083 34 26 de
161 3090 31 19 ce
213 3090 83 26 corps
320 3081 152 34 disgracié,
494 3090 112 18 comme
627 3080 26 28 le
678 3081 64 34 plus
768 3091 54 26 pur
843 3084 28 26 et

105 3117 74 27 doux
216 3117 113 33 parfum
367 3117 70 33 peut
472 3116 137 27 s'écouler
647 3117 33 26 de
718 3117 152 35 l'ampoule

104 3151 129 37 vulgaire
246 3151 56 28 !...
321 3152 38 25 La
373 3151 156 27 chanteuse
542 3152 59 35 qui,
626 3152 100 27 cachée
743 3163 34 17 au
806 3154 63 26 delà

105 3189 50 26 des
185 3187 129 32 rideaux,
339 3195 67 20 sous
441 3188 130 31 l'abside,
606 3196 45 19 me
684 3189 145 32 ravissait,
846 3189 26 26 la

104 3223 156 27 chanteuse
273 3231 54 27 que
341 3223 102 34 j'avais
456 3223 59 34 pris
535 3223 157 27 l'habitude
723 3224 145 27 d'écouter

104 3259 40 27 les
157 3267 72 26 yeux
239 3259 106 27 fermés
407 3259 57 32 oui,
481 3259 54 27 afin
561 3260 158 34 qu'aucune
746 3260 107 27 distrac-

105 3294 59 26 lion
177 3293 34 27 de
228 3293 66 27 l'œil
308 3302 34 18 ne
359 3293 126 28 troublât
514 3294 117 27 l'extase
656 3294 133 35 produite
817 3304 51 26 par

104 3330 40 26 les
161 3337 69 19 sons
244 3330 4 34 !
314 3330 26 26 la
352 3330 156 27 chanteuse
523 3330 98 26 divine
635 3338 56 26 que
718 3330 48 34 j'ai
794 3331 61 26 dési-

104 3365 45 26 rée
159 3371 69 20 sans
243 3364 100 26 l'avoir
366 3371 65 26 vue,
456 3365 28 32 je
511 3363 164 28 l'écouterai
703 3373 102 19 encore
829 3365 41 27 les

104 3407 72 27 yeux
190 3398 106 26 fermés
314 3400 34 33 et,
356 3397 27 35 je
390 3397 139 31 l'aimerai
543 3406 69 19 sans
624 3398 26 26 la
661 3400 136 34 regarder
809 3400 57 30 !...

104 3436 43 26 Me
180 3433 104 34 suis-je
314 3436 105 33 occupé
452 3433 34 27 de
517 3433 178 35 contempler
729 3435 25 28 le
784 3436 85 27 faible

103 3469 98 28 oiseau
214 3470 73 33 noir,
302 3469 106 33 là-bas,
425 3469 93 35 parmi
535 3469 40 28 les
593 3469 104 28 chênes
711 3470 158 28 immenses

103 3506 37 27 du
151 3506 207 35 Rosengarten,
374 3506 96 35 quand
488 3506 164 28 Philomèue
666 3506 111 28 veillait
798 3508 71 26 dans

103 3541 40 27 les
156 3541 79 27 nuits
250 3541 34 26 de
296 3541 165 34 printemps
475 3541 13 26 ?
504 3541 2 34 ,

135 3576 35 26 Le
187 3578 126 26 maestro
327 3578 45 26 est
385 3578 76 25 ému.
478 3576 38 26 De
540 3585 115 27 grosses
684 3576 105 27 larmes
814 3578 43 26 s'é-

103 3612 142 33 chappent
255 3612 34 27 de
306 3619 45 20 ses
367 3620 73 25 yeux
457 3611 112 28 éraillés
583 3613 28 26 et
627 3612 115 27 coulent
757 3613 25 26 le
798 3613 67 35 long

102 3646 37 27 du
154 3654 51 18 nez
221 3654 116 19 osseux.
361 3647 38 26 La
423 3654 154 27 perruque,
605 3654 67 20 sous
698 3657 46 18 ses
774 3647 94 37 doigts

102 3681 120 35 crispés,
243 3681 111 34 s'agite,
380 3684 115 25 tourne.
526 3683 37 26 Le
587 3683 100 34 toupet
844 3684 27 26 la

102 3724 94 27 nuque
210 3710 38 33 du
261 3716 152 33 musicien,
431 3718 27 25 et
471 3717 26 26 la
513 3724 93 27 queue
630 3719 17 24 à
672 3729 13 13 «
709 3718 123 27 cadenas
855 3730 13 13 «

100 3762 31 18 se
144 3759 71 27 pose
229 3759 52 18 sur
295 3751 25 26 le
337 3750 85 27 front.
439 3751 81 26 Enfin
537 3751 123 35 Galuppi
677 3761 97 27 grave,
802 3763 67 18 avec

105 3789 26 26 la
143 3789 118 33 posture
276 3787 149 35 héroïque,
443 3787 99 27 s'écrie
557 3787 5 35 :

133 3839 35 5 •
189 3822 89 32 Qu'on
294 3823 77 27 fasse
385 3822 80 27 venir
481 3822 27 27 la
522 3822 141 37 chapelle!

133 3859 89 34 Vingt
235 3860 103 33 jeunes
350 3859 73 28 filles
437 3859 118 27 défilent
567 3868 6 18 :
587 3859 89 28 douze
690 3860 116 33 portent
819 3860 50 27 des

100 3894 194 27 instruments
320 3894 34 27 de
379 3894 145 35 musique,
547 3894 65 35 cinq
637 3894 41 27 les
698 3895 170 34 partitions;

100 3930 76 27 deux
190 3932 143 33 prennent
348 3930 79 35 place
444 3931 105 26 devant
563 3930 26 28 le
605 3931 141 33 clavecin;
761 3931 27 27 la
803 3931 50 27 der-

99 3965 80 27 nière
193 3965 76 35 agite
281 3965 25 26 le
320 3965 87 27 bâton
423 3965 34 27 de
472 3965 263 28 commandement.

133 3999 190 37 Rfingolstcin
340 4002 158 34 comprime
516 4000 33 27 de
566 4002 26 26 la
611 4003 79 26 main
704 4002 107 35 gauche
827 4000 41 28 les

98 4036 177 26 battements
292 4036 34 26 de
343 4044 51 18 son
409 4044 86 25 cœur,
513 4037 34 26 do
562 4037 27 26 la
605 4037 93 27 droite
711 4045 32 18 se
757 4037 56 26 clôt
829 4037 39 26 lés

98 4077 73 30 yeux
188 4070 28 25 et
227 4077 34 18 va
274 4077 32 18 se
319 4069 100 27 blottir
435 4071 72 26 dans
522 4070 26 28 le
561 4072 65 26 coin
643 4072 126 27 sombre.

132 4107 38 25 Le
187 4104 78 27 Salve
278 4104 122 33 licgina!

131 4141 92 34 Après
241 4140 27 27 la
280 4141 96 26 courte
391 4140 196 27 introduction
605 4142 184 33 d'orchestre,
797 4142 57 28 l'en-

98 4176 111 27 semble
222 4176 50 27 des
287 4176 77 27 voix.
384 4175 78 33 Puis,
481 4183 52 19 sur
549 4175 41 27 les
608 4179 77 25 mots
703 4179 45 25 Ad,
768 4181 25 24 te
809 4180 45 26 cla-

97 4218 113 27 mçtmus,
226 4212 24 27 le
266 4220 126 27 soprano
406 4211 72 28 seul.

131 4247 76 27 C'est
219 4248 67 27 ellel
301 4247 189 37 Rungelstein
504 4246 97 28 tombe
618 4247 15 26 à
648 4254 126 27 genoux.

187 4284 100 26 Exules
301 4284 52 33 filii
367 4285 71 25 Evœ.

131 4318 189 35 Rungelstein
338 4328 30 19 se
383 4322 90 25 traîne
485 4328 73 19 versi
568 4317 99 37 elle...
698 4317 41 34 Et,
769 4319 98 34 quand

96 4354 27 26 la
132 4355 119 34 strophe
266 4356 43 26 est
317 4355 78 34 finie,
410 4355 18 26 il
442 4363 87 19 ouvre
544 4355 40 27 les
599 4362 73 27 yeux
689 4355 28 26 et
739 4355 70 26 tend
824 4355 41 27 les

94 4389 115 28 bras...
228 4389 71 27 Dieu
311 4389 136 35 puissant
457 4389 4 37 !
476 4390 97 31 Quelle
599 4390 44 26 est
669 4390 74 26 cette
770 4389 96 37 vierge

94 4423 169 35 admirable,
287 4426 72 27 bello
377 4434 110 20 comme
506 4427 26 27 la
556 4424 120 30 Madone
702 4424 165 35 glorieuse?

128 4457 133 35 Galuppi,
287 4460 27 27 la
340 4469 144 27 perruque
516 4462 132 34 toujours
677 4460 34 27 de
737 4461 123 34 travers,

96 4493 100 28 sourit.
216 4493 19 26 11
249 4495 92 32 prend
358 4495 25 27 la
396 4498 78 26 main
490 4498 39 26 du
537 4498 87 34 jeune
635 4495 128 34 homme,
796 4496 70 28 celle

94 4531 33 27 do
144 4530 27 27 la
185 4528 97 37 vierge
298 4531 133 27 adorable
444 4553 7 5 .

180 4565 59 26 Mes
255 4565 141 32 enfants,,
415 4576 83 26 soyez
519 4569 67 27 unis
608 4577 51 27 par
685 4569 26 26 le
728 4566 69 28 vieil
819 4576 31 19 or-

93 4600 124 35 ganiste,
236 4607 112 19 comme
374 4610 71 19 vous
463 4602 25 27 le
515 4611 79 19 serez
620 4604 112 26 bientôt
757 4611 51 27 par
835 4604 25 26 le

93 4637 96 35 prêtre
202 4637 56 27 1...
275 4636 66 27 Mon
366 4636 56 33 fils,
448 4638 97 33 quand
573 4638 28 34 je
626 4639 46 26 t'ai
700 4639 113 27 montré
834 4638 27 27 la

92 4681 107 26 pauvre
214 4671 167 28 contrefaite
444 4672 50 34 qui
509 4674 76 26 n'est
599 4682 52 26 pas
673 4674 25 27 le
726 4682 135 26 soprano,

92 4715 56 19 non
167 4707 4 35 !
261 4708 48 34 j'ai
337 4707 64 27 obéi
430 4708 14 26 à
476 4707 123 34 quelque
632 4709 50 26 bas
705 4709 158 27 sentiment

92 4742 156 38 d'égoïsme
262 4743 6 27 !
285 4743 32 27 Je
340 4750 33 20 ne
391 4741 110 28 voulais
517 4750 51 27 pas
587 4743 105 33 perdre
717 4746 25 25 si
770 4747 40 25 tôt
836 4746 27 26 la

92 4779 156 27 chanteuse
275 4780 48 33 qui
363 4779 52 26 fait
441 4778 91 27 valoir
560 4786 67 18 mon
658 4787 97 19 œuvre
771 4780 6 26 !
806 4780 56 26 J'ai

927 184 96 27 désiré
1038 185 150 37 t'éloigner
1201 184 120 38 d'ici...'
1333 187 45 26 Ma
1394 188 96 26 vanité
1504 196 17 18 a
1534 188 45 26 été
1592 188 87 34 punie
1691 187 6 26 !

927 221 35 26 Le
986 221 130 27 remords
1133 230 15 18 a
1168 219 132 30 bourrële
1325 230 66 18 mon
1416 222 91 26 cœur!
1527 222 133 34 Avais-je
1675 222 22 26 le

927 255 85 33 droit,
1044 255 71 28 dans
1141 266 66 19 mon
1234 257 61 27 seul
1324 257 116 31 intérêt,
1468 257 181 35 d'empêcher
1674 257 24 26 le

927 291 130 27 bonheur
1072 293 34 27 de
1123 293 74 27 deux
1214 294 113 26 enfants
1342 293 139 27 aimables
1494 291 59 31 ?...
1573 294 60 26 Non
1644 291 50 31 !...

927 326 128 27 Pendant
1077 338 38 17 un
1141 330 73 26 mois
1238 337 67 19 mon
1333 330 64 25 âme
1428 338 14 17 a
1467 330 44 25 été
1538 328 81 27 veule
1633 326 5 35 ;
1658 330 39 32 et,

927 363 189 35 maintenant,
1142 372 54 26 que
1220 365 84 34 j'agis
1325 372 34 19 en
1387 365 125 26 honnête
1528 364 126 33 homme,
1670 364 27 34 je

926 405 67 19 sens
1007 398 24 26 le
1051 398 48 27 flot
1123 399 162 27 débordant
1297 398 51 28 des
1376 399 139 26 mélodies
1539 398 158 27 heureuses

928 432 178 30 m'entourer
1119 432 5 30 !

960 469 35 25 Le
1015 469 102 27 Maître
1133 470 122 28 s'assied
1271 480 34 18 au
1332 470 136 28 clavecin.
1487 470 210 35 Qu'importent

925 503 27 26 la
967 503 90 35 figure
1075 506 94 33 falote,
1188 507 41 27 les
1251 507 94 35 doigts
1363 508 137 34 maigres,
1513 507 26 26 la
1553 515 144 27 perruque

925 540 152 26 retournée
1090 541 6 26 !
1129 542 124 34 Galuppi
1279 544 45 25 est
1355 543 91 34 grand
1460 540 5 38 !
1496 542 124 34 Galuppi
1654 543 44 25 est

925 574 126 27 sublime
1063 575 6 25 !
1098 576 37 26 Le
1163 578 84 26 vieux
1273 578 242 34 contrepointiste
1545 578 97 26 oublie
1671 576 26 26 la

925 609 112 27 science
1051 613 26 25 et
1094 612 117 27 devient
1226 613 83 34 poète
1320 609 5 38 !

958 645 92 32 Enfin,
1059 647 110 33 épuisé,
1182 647 73 34 pâle,
1269 647 182 35 transfiguré,
1461 657 66 18 avec
1541 647 34 27 de
1589 647 106 35 grands

927 689 73 26 yeux
1015 680 133 28 brillants
1162 683 246 27 d'enthousiasme
1423 692 6 17 :

1018 716 124 35 Ippblita
1163 718 90 33 Santi,
1286 725 47 19 ma
1363 718 54 26 fille
1434 726 51 26 par
1527 718 72 32 l'art,
1636 718 59 26 sois

922 750 100 27 bénie!
1038 752 40 26 Tu
1103 762 50 18 vas
1182 754 118 26 devenir
1325 754 84 26 noble
1433 754 99 27 dame!
1565 754 76 27 Dans
1670 756 26 24 ta

924 785 130 27 nouvelle
1074 789 141 33 position,
1232 789 125 26 n'oublie
1377 796 52 27 pas
1446 790 50 25 ton
1509 789 73 26 beau
1599 789 97 26 savoir

924 821 34 26 de
973 821 156 28 chanteuse
1144 826 27 24 et
1182 833 90 27 pense
1281 823 109 35 parfois
1404 833 37 17 au
1456 824 175 26 bonhomme
1644 824 50 34 qui

924 856 37 25 t'a
984 856 93 27 donné
1094 859 25 26 le
1135 860 70 35 goût
1222 861 27 25 et
1260 860 27 26 la
1300 860 113 26 science
1436 860 34 26 de
1487 860 27 26 la
1537 861 135 28 musique
1685 856 5 39 !

922 892 63 31 Toi,
1009 894 94 26 comte
1129 894 33 26 de
1189 894 198 35 Itûngelstein,
1403 894 65 34 plus
1494 894 84 26 noble
1600 904 51 25 par
1669 894 25 26 le

922 934 78 18 cœur
1024 935 53 26 que
1107 938 51 26 par
1181 930 26 26 le
1233 939 80 26 sang,
1341 930 60 26 sois
1417 930 162 34 également
1605 931 66 26 béni
1685 930 5 35 !

922 961 77 26 Dans
1025 971 61 19 mes
1116 965 77 31 bras,
1211 967 27 25 et
1264 965 27 27 là
1306 963 143 38 échangez
1465 965 24 26 le
1512 965 97 27 baiser
1641 965 50 27 des

922 998 167 34 fiançailles,
1119 1007 61 19 mes
1199 1000 113 26 enfants
1330 998 5 34 !

956 1031 124 37 Galuppi
1089 1043 30 18 se
1134 1035 93 35 dirige
1240 1044 65 19 vers
1320 1044 52 19 son
1385 1036 120 27 bureau.

957 1068 21 25 Il
990 1069 92 33 prend
1096 1069 26 27 la
1136 1070 78 27 boîte
1232 1070 69 27 d'or.
1317 1070 20 26 Il
1362 1070 27 26 la
1415 1072 81 33 porto
1524 1078 117 19 comme
1667 1070 25 27 le

921 1103 96 33 prêtre
1031 1106 84 32 porte
1131 1104 25 28 le
1181 1106 109 27 ciboire
1319 1106 178 27 renfermant
1514 1106 39 27 les
1581 1106 111 27 saintes

922 1137 128 34 espèces.

1005 1174 59 27 Mes
1096 1175 124 33 enfants,
1253 1176 73 27 voici
1355 1176 27 26 la
1419 1176 142 27 tabatière
1592 1178 100 34 qu'ont

921 1208 130 33 touchée,
1067 1211 78 27 seuls
1175 1220 35 19 au
1234 1213 116 28 monde,
1377 1213 85 26 César
1488 1213 28 26 et
1546 1212 124 34 Galuppi
1684 1208 5 38 !

921 1244 144 28 Personne
1082 1253 100 20 encore
1204 1247 45 25 n'a
1271 1248 44 25 été
1339 1247 70 35 jugé
1424 1247 97 35 digne,
1541 1256 52 26 par
1620 1247 70 33 moi,

921 1278 46 34 d'y
999 1280 100 33 puiser
1130 1291 54 18 une
1217 1283 89 34 prise.
1337 1283 216 28 Personne!...
1586 1283 33 26 Ni
1649 1281 41 27 les

921 1313 163 34 archiducs,
1101 1318 30 25 ni
1148 1317 25 27 le
1188 1318 72 34 doge
1286 1318 34 26 de
1343 1318 117 32 Venise,
1488 1326 46 18 car
1560 1318 37 26 ils
1625 1319 67 25 sont

921 1348 285 38 hiérarchiquement
1232 1354 67 26 bien
1325 1352 180 28 au-dessous
1541 1354 34 26 de
1612 1352 64 27 l'em-

921 1393 104 26 pereur
1039 1385 5 33 !

956 1420 229 34 Musicalement,
1201 1422 27 34 je
1243 1431 35 18 no
1294 1423 61 26 vois
1370 1431 54 27 que
1442 1422 25 27 le
1482 1424 73 34 petit
1572 1423 118 32 Mozart,

921 1456 15 25 à
957 1455 60 33 qui,
1039 1456 65 34 plus
1129 1459 76 32 tard,
1219 1457 132 35 j'offrirai
1378 1459 91 35 pareil
1493 1460 92 33 tabac,
1603 1460 24 26 si
1649 1461 45 25 cet

921 1491 99 26 enfant
1043 1492 73 27 tient
1131 1501 31 19 ce
1179 1494 70 34 qu'il
1270 1494 178 34 promet!...
1469 1494 39 26 Hé
1528 1494 81 27 bien!
1629 1502 61 18 mes

921 1525 124 34 enfants,
1061 1535 71 19 vous
1152 1528 102 33 beaux,
1276 1530 83 32 bons,
1385 1528 92 37 pleins
1505 1530 34 27 de
1563 1539 78 18 cœur
1664 1532 28 24 et

921 1560 34 25 do
972 1559 125 37 charme,
1114 1572 69 19 vous
1208 1574 14 14 «
1237 1565 154 34 héroïques
1408 1574 13 14 »
1444 1573 51 25 par
1511 1565 130 27 l'Amour
1657 1573 35 19 ou

921 1594 80 33 l'Art,
1025 1605 104 25 prenez
1153 1598 109 28 chacun
1290 1599 27 26 la
1341 1599 72 26 forte
1442 1600 100 34 pincée
1570 1600 71 26 dans
1667 1599 27 27 la

920 1631 77 26 boîte
1013 1631 126 32 d'or!...
1156 1635 78 27 Vous
1248 1635 119 27 méritez
1384 1635 73 27 cela!

1317 1677 159 28 Alexandre
1489 1681 139 25 D'AGIOUT

918 2493 66 64 CE
1007 2493 90 73 QUI
1131 2493 135 63 FAIT
1287 2493 66 64 LE
1380 2493 146 64 PLUS
1553 2493 132 64 VITE

1007 2589 261 32 PASSER
1307 2590 289 31 L'HEURE

915 2693 139 26 DUTRIN,
1072 2695 126 30 quarante
1211 2693 59 32 cinq
1297 2700 54 21 ans,
1370 2693 93 32 députe
1493 2696 182 22 conservateur

946 2724 154 25 c'est-à-dire
1115 2732 48 21 peu
1178 2726 129 21 remuant.

914 2756 148 22 MADAME
1088 2754 139 27 DUTRIN,
1245 2754 92 24 femme
1367 2754 30 24 do
1422 2758 70 28 sport
1519 2758 24 20 et
1563 2756 34 22 du
1626 2757 40 30 pré-

946 2786 98 24 cédent.

915 2817 145 24 MADAME
1083 2816 207 26 LEBÏGOUDIS,
1318 2817 84 24 bonne
1428 2817 138 28 trentaine,
1593 2824 93 21 veuve,,

945 2849 67 27 jolie,
1042 2848 123 30 élégante,
1204 2846 154 28 décorative,
1385 2848 51 22 très
1461 2856 97 15 courue
1586 2856 98 15 comme

945 2878 104 24 invitée.

914 2908 43 25 DE
972 2910 46 22 LA
1029 2908 276 27 RONGHONNIERE,
1333 2909 213 32 cinquante-cinq
1572 2917 53 20 ans,
1644 2917 26 17 ex-

945 2941 98 22 officier
1055 2939 213 24 démissionnaire
1277 2940 74 30 après
1361 2941 115 31 mariage
1487 2941 79 27 riche,
1574 2941 109 24 habitué

946 2972 13 22 à
974 2972 64 22 faire
1055 2970 117 22 marcher
1187 2972 56 20 tout
1254 2969 22 24 le
1293 2972 102 22 monde.

914 3001 146 25 MADAME
1085 3000 44 25 DE
1150 3000 44 24 LA
1219 3000 278 31 RONGHONNIERE,
1526 3002 93 24 femme
1649 3004 34 22 du

944 3032 144 31 précédent,
1106 3031 65 22 laide
1186 3032 25 20 et
1226 3032 142 25 méchante.

913 3064 41 22 LE
969 3064 112 24 COMTE
1096 3061 46 24 DU
1157 3060 145 31 POTEAU,
1317 3063 79 31 jeune
1426 3065 103 24 homme
1638 3071 45 25 pas

944 3094 52 22 très
1011 3094 85 30 jeune.

913 3125 144 26 LARDOT,
1070 3123 145 30 aubergiste
1239 3123 64 25 dans
1318 3131 35 18 un
1370 3125 84 31 grand
1468 3125 91 31 bourg,
1585 3126 98 24 station

943 3156 30 24 de
989 3156 102 24 chemin
1103 3155 32 22 de
1149 3155 38 21 fer
1201 3152 15 24 à
1232 3156 84 22 trente
1333 3156 80 24 lieues
1429 3156 30 24 de
1474 3157 83 22 Paris.

917 3241 53 34 (Un
996 3240 81 26 break
1100 3236 91 26 arrive
1207 3236 5 39 ■
1213 3236 64 26 chez
1304 3239 116 34 Larclot,
1437 3243 130 22 amenant
1581 3241 35 26 les
1642 3242 41 26 six

945 3275 137 34 premiers
1094 3279 197 28 personnages,
1306 3275 50 33 qui
1370 3276 131 25 viennent
1512 3275 38 26 du
1565 3275 118 26 château

951 3311 33 26 de
997 3311 39 25 La
1051 3309 118 31 Grange,
1186 3308 37 25 où
1234 3307 35 27 ils
1285 3313 48 21 ont
1345 3313 80 31 passé
1452 3311 72 26 deux
1551 3313 132 25 semaines

951 3347 63 26 chez
1035 3346 35 26 les
1089 3341 243 38 Saint-Laurent.)

946 3406 35 19 LA
997 3397 224 28 RONCHONNIÉRE,
1234 3397 17 24 à
1261 3397 176 34 l'aubergiste
1449 3399 50 33 qui
1508 3399 61 26 s'est
1580 3403 103 24 avancé

911 3443 74 25 pour
1002 3431 143 28 accueillir
1157 3431 22 25 le
1200 3430 91 28 break.
1355 3433 78 27 Vtfus
1449 3443 67 18 avez
1531 3443 65 25 reçu
1615 3443 66 19 mon

914 3469 187 34 télégramme
1116 3465 14 27 ?
1144 3464 44 28 Un
1201 3464 141 35 déjeuner
1356 3477 73 26 pour
1442 3470 46 26 six
1506 3477 170 27 personnes,

915 3507 105 25 venant
1041 3503 37 26 du
1094 3502 118 26 château
1228 3501 33 27 de
1278 3503 39 26 La
1332 3503 123 37 Grange.

948 3548 118 24 LARDOT,
1085 3540 59 25 tout
1157 3542 33 20 en
1206 3536 100 28 aidant
1322 3540 37 26 les
1371 3548 154 26 voyageurs
1538 3542 15 25 à
1570 3541 96 30 descen-

914 3575 57 26 dre.
1038 3575 35 26 Le
1088 3572 117 28 couvert
1218 3574 45 25 est
1277 3574 56 27 mis
1346 3575 71 26 dans
1433 3582 56 19 une
1501 3575 135 28 chambre
1662 3578 14 25 à

913 3613 74 33 part.

948 3653 115 20 DUTRIN.
1085 3641 87 27 —Un
1187 3640 58 27 bon
1261 3643 151 37 déjeuner,
1428 3646 148 34 j'espère?

948 3690 34 18 LA
1000 3679 226 28 RONCIIONNIÈRE.
1234 3693 34 4 —
1278 3679 200 37 L'important,
1492 3690 30 18 ce
1534 3683 76 27 n'est
1629 3691 51 26 pas

914 3717 70 34 qu'il
998 3717 58 27 soit
1082 3716 57 27 bon
1152 3720 6 19 •'
1175 3712 70 26 c'est
1265 3716 71 33 qu'il
1363 3725 35 18 ne
1429 3725 74 18 nous
1532 3718 77 26 fasse
1628 3725 52 27 pas

913 3761 142 26 manquer
1064 3751 148 33 l'express.
1227 3748 99 31 Quelle
1339 3751 89 27 heure
1444 3751 78 27 est-il
1535 3751 13 27 ?

948 3796 119 19 LARDOT.
1154 3783 77 27 Vous
1260 3793 67 20 avez
1357 3787 240 37 cinquante-cinq
1626 3789 35 26 mi-

913 3824 96 25 nutes.
1144 3833 7 17 ;

948 3867 113 18 DUTRIN.
1123 3854 64 27 Vite
1201 3854 15 26 à
1235 3855 83 35 table,
1335 3856 73 27 alors
1424 3857 6 26 !
1454 3859 32 26 Je
1500 3859 105 27 n'aime
1623 3866 50 27 pas

912 3894 198 34 m'empiffrer.

948 3937 120 19 MADAME
1088 3934 34 19 DE
1142 3933 32 18 LA
1195 3932 229 22 RONCHONNIÉRE.
1441 3928 122 27 —VOUS
1578 3928 98 27 VOuleZ

913 3964 61 27 dire
991 3973 54 26 que
1059 3969 70 22 vous
1146 3960 119 26 n'aimez
1283 3971 51 26 pas
1349 3973 72 19 vous
1435 3965 149 34 empiffrer
1600 3966 69 26 vite.

946 4007 122 19 MADAME
1082 4003 174 32 LEBiGOupis.
1322 3999 66 31 Moi,
1403 3999 27 33 je
1447 4007 46 18 me
1519 3999 106 28 lèverai
1643 4000 33 25 de

913 4035 84 35 table,
1015 4036 86 35 qu'on
1114 4031 40 27 ait
1168 4030 51 27 fini
1232 4039 38 19 ou
1291 4042 52 27 pas
1370 4036 59 25 fini,
1447 4036 53 26 j'ai
1524 4037 39 25 uh
1587 4036 91 35 grand

913 4071 83 26 dîner
1010 4072 14 25 à
1037 4068 80 30 Paris
1133 4074 30 19 ce
1176 4065 69 33 soir,
1264 4070 27 25 et
1304 4069 28 34 je
1351 4070 73 27 tiens
1441 4071 15 26 à
1473 4078 15 27 y
1501 4071 70 26 être.

947 4114 37 20 DU
998 4113 119 20 POTEAU.
1182 4101 56 27 Moi
1254 4103 50 33 j'ai
1330 4106 111 35 promis
1459 4108 14 25 à
1489 4106 27 26 la
1532 4107 142 27 duchesse

912 4142 198 35 d'Evergreen,
1128 4136 48 37 qui
1192 4144 86 26 passe
1303 4149 72 25 pour
1400 4143 151 25 retourner
1573 4144 17 24 à
1603 4142 57 26 Lon-

912 4178 76 33 dres,
1000 4178 34 26 de
1050 4176 27 26 la
1088 4181 98 20 mener
1198 4181 54 19 aux
1269 4174 243 38 Polies-Bergère.

945 4221 122 19 MADAME
1088 4219 33 19 DE
1136 4217 34 19 LA
1180 4215 229 24 RONCHONNIERE.
1474 4212 58 28 Elle
1545 4221 35 19 Va
1597 4213 78 33 bien,

912 4251 79 24 votre
1007 4247 139 27 duchesse
1163 4244 56 28 !...
1241 4245 72 28 Mais
1330 4247 52 26 elle
1400 4250 69 33 peut
1479 4251 130 32 compter
1628 4258 51 17 sur

912 4291 46 19 ma
974 4281 164 30 discrétion.

945 4326 37 19 DU
998 4325 119 20 POTEAU.
1183 4312 52 27 J'ai
1251 4315 26 27 le
1290 4319 94 33 regret
1404 4318 33 27 de
1454 4326 71 19 vous
1545 4318 60 27 dire
1623 4326 53 28 que

911 4362 52 18 son
979 4355 72 26 mari
1065 4354 220 31 l'accompagne,
1299 4361 31 19 ce
1343 4355 48 33 qui
1406 4363 71 18 vous
1492 4355 93 27 donne
1597 4357 80 25 toute

909 4389 103 27 liberté
1029 4390 86 26 d'être
1128 4384 165 30 indiscrète.

945 4434 113 19 DUTRIN.
1140 4421 125 34 Voyons,
1296 4431 107 27 voyons
1422 4424 6 26 !
1460 4426 215 26 Mettons-nous

911 4462 14 25 à
941 4461 84 32 table,
1043 4467 73 20 nous
1129 4457 118 25 n'avons
1260 4457 66 34 plus
1343 4468 54 27 que
1413 4461 154 34 cinquante
1578 4461 79 26 minu-

909 4498 53 31 tes,
976 4493 191 30 maintenant.

941 4540 81 20 TOUS.
1083 4528 76 28 C'est
1174 4527 70 26 vrai.
1263 4527 109 37 Soyons
1388 4532 126 27 sérieux.
1543 4532 38 27 Ne
1610 4533 53 25 traî-

908 4576 72 18 nons
994 4576 61 27 pas.
1075 4566 46 34 (Ils
1129 4566 113 32 passent
1257 4566 17 24 à
1290 4566 81 27 table.
1401 4567 40 26 On
1467 4569 34 25 les
1527 4571 56 22 sert
1610 4574 50 19 aus-

906 4603 89 33 sitôt.)

943 4645 120 19 MADAME
1082 4642 116 22 DUTRIN.
1263 4635 99 32 Quand
1378 4638 28 33 je
1427 4646 87 26 pense
1528 4646 56 27 que
1603 4645 72 19 nous

906 4683 89 18 avons
1009 4675 57 25 mis
1082 4671 73 27 deux
1181 4669 104 30 heures
1312 4681 74 26 pour
1413 4674 85 26 faire,
1506 4672 169 37 vingt-cinq

906 4709 169 27 kilomètres
1090 4703 5 33 !
1120 4706 52 27 Les
1188 4703 220 33 saint-Laurent
1428 4710 66 26 sont
1521 4709 41 27 les
1591 4707 67 28 meil-

906 4743 78 27 leurs
1000 4746 27 25 et
1043 4743 40 27 les
1115 4741 65 35 plus
1206 4741 141 28 aimables
1375 4743 84 27 hôtes
1486 4743 39 27 du
1551 4743 122 32 monde;

906 4780 163 26 seulement
1093 4776 35 27 ils
1159 4776 175 34 prétendent
1367 4779 84 34 qu'ils
1480 4780 130 27 attellent
1639 4787 35 18 en

1743 189 83 33 poste
1838 196 76 27 pour
1926 197 31 19 se
1969 189 111 28 donner
2094 190 26 27 le
2135 190 78 28 droit
2228 190 131 28 d'atteler
2388 193 50 26 des
2464 193 31 33 ju-

1744 224 94 26 ments
1851 224 34 26 do
1900 224 98 27 ferme.

1778 267 120 19 MADAME
1919 267 34 19 DE
1972 269 34 18 LA
2026 263 231 25 RONCHONNIÈRE.
2341 262 38 27 De
2417 263 92 26 MÔME

1743 294 84 35 qu'ils
1844 295 172 34 prétendent
2029 305 54 26 que
2105 296 61 26 leur
2186 296 118 27 château
2321 299 45 25 est
2395 298 99 27 histori-

1743 338 64 26 que,
1821 338 72 26 pour
1909 331 80 26 avoir
2004 331 25 27 le
2046 332 77 27 droit
2138 332 34 27 de
2186 341 34 18 ne
2238 341 48 26 pas
2307 332 25 27 le
2348 334 126 34 réparer.

1778 373 119 19 MA.DAME
1918 374 172 20 LEBIGOUDIS.
2157 369 28 26 Si
2202 369 163 26 seulement
2378 369 37 26 ils
2435 371 56 25 met-

1742 400 91 26 taient
1848 400 48 27 des
1915 402 74 35 tapis
2003 403 71 26 dans
2088 403 41 27 les
2144 403 151 27 chambres
2311 403 6 26 !
2340 404 77 26 Pour
2443 413 66 18 mon

1741 438 123 32 compte,
1881 437 27 34 je
1924 436 63 28 leur
2001 438 210 34 pardonnerais
2229 439 34 26 do
2277 439 59 26 bon
2362 448 79 18 cœur
2466 442 43 25 cet

1741 471 233 30 anachronisme.

1776 516 35 18 DU
1826 516 120 19 POTEAU.
2007 509 57 27 Moi
2078 510 28 34 je
2122 510 64 26 n'en
2205 510 143 27 demande
2361 520 51 26 pas
2428 511 76 26 tant.

1741 542 71 27 Mais
1824 543 97 33 j'aime
1933 552 56 27 peu
2000 544 86 34 qu'on
2100 553 31 19 se
2148 553 80 19 serve
2255 546 66 26 d'un
2348 547 97 34 pichet
2474 555 34 18 en

1740 579 74 26 terre
1828 587 72 26 pour
1912 580 176 34 m'apporter
2104 588 67 19 mon
2187 589 53 18 eau
2254 582 119 33 chaude,
2399 583 28 26 et
2454 589 53 27 que

1740 613 72 27 l'eau
1826 614 109 27 chaude
1951 615 40 26 ait
2004 615 50 26 des
2070 624 72 26 yeux
2159 624 112 19 comme
2291 617 25 26 le
2331 618 139 26 bouillon.

1775 657 115 19 DUTRIN.
1949 650 43 26 Où
2007 651 93 26 diable
2117 659 155 19 avez-vous
2282 652 61 34 pris
2369 661 54 26 que
2447 653 61 27 leur

1739 684 129 27 bouillon
1884 694 17 17 a
1915 685 50 27 des
1978 694 73 26 yeux
2062 686 13 26 ?
2091 686 98 31 Quand
2216 687 129 33 j'avalais
2369 687 63 27 leur
2460 697 32 26 po-

1739 720 74 33 tage,
1827 720 20 26 il
1869 728 46 19 me
1928 720 136 27 semblait
2079 722 133 34 toujours
2226 731 54 26 que
2296 723 130 34 j'avalais
2440 732 67 18 mon

1737 755 213 27 rince-bouche.

1770 798 84 20 TOUS.
1922 791 44 26 Ah
1981 791 5 38 !
2002 793 90 34 quant
2107 794 15 25 à
2135 800 40 26 ça,
2194 801 37 18 on
2246 801 34 19 ne
2297 796 69 33 peut
2381 803 51 26 pas
2446 795 61 26 dire

1737 826 85 34 qu'ils
1839 828 50 25 ont
1902 835 39 18 un
1961 827 106 27 cordon
2083 827 65 27 bleu
2163 828 6 26 !

1772 869 32 18 LA
1825 865 226 25 RONCIIONNIÈRE.
2133 863 51 26 Les
2205 863 74 34 plats
2300 865 207 27 sembleraient

1737 896 97 26 moins
1847 898 141 32 mauvais,
2004 896 60 27 s'ils
2082 898 106 27 étaient
2203 899 97 27 mieux
2317 901 103 26 servis.
2430 901 72 26 Mais

1737 931 25 26 le
1776 932 110 27 service
1902 933 34 26 do
1951 933 35 25 La
1996 932 123 37 Grange,
2135 934 48 26 oh!
2202 934 26 26 la
2241 935 6 25 !
2265 934 27 26 la
2306 931 4 38 !

1770 974 35 19 nu
1827 976 123 19 POTEAU.
1968 969 77 26 —Je
2063 977 44 18 me
2122 969 141 27 demande
2277 971 35 25 où
2331 971 33 26 ils
2391 979 94 19 ramas-

1736 1004 65 24 sent
1814 1002 76 27 leurs
1911 1003 209 35 domestiques.
2140 1004 65 26 Mon
2219 1004 74 27 valet
2310 1005 34 27 de
2369 1006 135 27 chambre

1736 1045 46 18 me
1794 1037 87 27 disait
1894 1039 85 33 qu'on
1996 1039 77 33 parle
2089 1039 97 35 patois
2202 1042 14 24 à
2228 1039 28 26 la
2267 1041 74 39 tapie
2355 1041 50 27 des
2422 1050 79 26 gens.

1770 1081 122 19 MADAME
1913 1082 175 19 LEBIGOUDIS.
2152 1075 31 26 Je
2207 1083 35 18 no
2267 1076 58 26 sais
2354 1085 51 26 pas
2430 1085 57 18 com-

1736 1110 80 24 ment
1831 1117 37 18 on
1881 1117 15 26 y
1907 1109 78 34 parle
1994 1109 5 37 ;
2019 1110 73 26 mais
2104 1110 27 34 je
2156 1110 59 27 sais
2238 1114 145 24 comment
2401 1121 34 17 on
2463 1113 41 33 s'y

1736 1143 81 27 tient.
1841 1144 45 26 Ma
1902 1144 105 26 femme
2021 1144 34 26 de
2070 1144 136 27 chanibre
2222 1154 17 17 a
2254 1146 50 27 des
2331 1146 81 27 bleus
2439 1156 50 26 par-

1736 1180 72 30 tout,
1825 1179 207 32 assure-t-clle,
2047 1181 17 25 à
2081 1180 77 27 force
2180 1180 109 27 d'avoir
2316 1182 44 26 été
2386 1183 113 33 pincée.

1735 1213 58 27 Elle
1809 1214 111 27 déclare
1937 1214 100 34 qu'elle
2050 1222 34 20 ne
2098 1218 169 25 retournera
2282 1215 65 35 plus
2365 1217 71 27 dans
2461 1220 44 25 cet

1735 1248 163 27 endroit-là.

1770 1293 120 18 MADAME
1912 1294 115 18 DUTRIN.
2088 1286 31 26 Je
2135 1294 34 18 ne
2184 1287 130 33 promets
2329 1294 51 27 pas
2392 1297 54 26 que
2465 1289 39 34 j'y

1736 1320 189 26 retournerai.
1943 1320 41 26 On
1998 1322 40 33 s'y
2054 1320 106 27 ennuie
2178 1323 72 34 trop.
2262 1322 37 26 La
2311 1323 100 27 chasse
2430 1332 15 26 y
2460 1326 45 24 est

1735 1354 164 37 déplorable
1915 1357 28 25 et
1956 1356 37 27 ils
2009 1357 216 26 entretiennent
2241 1357 25 27 si
2295 1365 54 27 peu
2367 1358 43 27 les
2438 1359 50 26 che-

1735 1391 78 26 mins
1827 1391 85 33 qu'on
1926 1391 98 34 risque
2037 1393 46 33 d'y
2104 1393 104 26 mettre
2233 1401 33 18 sa
2293 1393 150 35 bicyclette
2469 1403 34 18 en

1735 1434 163 19 morceaux.

1768 1470 120 18 MADAME
1909 1470 34 18 DE
1963 1470 34 18 LA
2016 1466 228 24 RONCIIONNIÈRE.
2333 1463 84 26 Pardi
2434 1463 4 27 !
2466 1463 37 27 Ce

1735 1498 69 25 sont
1826 1496 51 27 des
1906 1496 131 27 chemins
2066 1498 189 35 historiques.
2282 1499 86 26 Henri
2394 1500 35 25 IV
2446 1509 15 25 y
2489 1508 17 18 a

1736 1533 94 33 passé.
1863 1532 80 27 Nous
1970 1533 104 27 ont-ils
2111 1543 81 19 assez
2229 1535 80 26 rasés
2352 1543 65 19 avec
2443 1535 60 26 leur

1736 1567 86 27 Henri
1835 1569 46 32 IV,
1898 1576 69 19 sous
1977 1570 131 33 prétexte
2124 1569 71 37 qu'il
2209 1578 15 17 a
2241 1570 105 26 couché
2359 1577 40 19 un
2417 1571 59 26 soir
2487 1572 17 25 à

1736 1603 37 27 La
1788 1603 112 35 Grange
1917 1603 4 35 !

1770 1646 115 18 DUTRIN.
1946 1639 144 34 Espérons
2111 1649 54 26 que
2191 1641 40 26 les
2261 1648 104 19 menus
2395 1641 107 27 étaient

1736 1672 64 35 plus
1817 1672 118 35 chargés
1951 1683 54 26 que
2022 1675 34 26 de
2070 1683 52 18 nos
2137 1676 81 33 jours
2233 1672 5 37 !

1770 1717 37 18 DU
1824 1717 119 19 POTEAU.
2011 1710 33 26 Et
2061 1719 54 26 que
2130 1710 26 27 la
2171 1710 159 27 châtelaine
2352 1711 70 26 était
2437 1711 65 33 plus

1736 1743 69 33 jolie
1819 1743 5 33 !

1770 1788 119 18 MADAME
1904 1788 182 20 .LEBIGOUDIS.
2145 1782 33 26 Et
2194 1781 97 27 mieux
2306 1781 124 28 habillée
2443 1781 5 28 !

1770 1822 33 19 LA
1822 1819 228 24 RONCHONNIÈBE.
2112 1817 34 26 Et
2161 1825 54 26 que
2232 1817 24 26 le
2271 1817 142 26 châtelain
2426 1818 77 26 avait

1736 1848 61 26 l'air
1813 1850 96 27 moins
1926 1851 185 27 malheureux
2125 1852 97 35 quand
2237 1852 25 26 le
2284 1852 56 26 bon
2357 1852 87 27 Henri
2461 1853 40 26 lui

1731 1886 123 34 gagnait
1869 1887 65 25 cent
1949 1894 69 19 sous
2031 1894 37 19 au
2091 1887 129 34 bezigue.

1770 1928 120 19 MADAME
1912 1930 115 18 DUTRIN.
2101 1923 40 26 En
2164 1930 122 25 somme,
2302 1922 18 26 il
2348 1925 45 25 est
2420 1923 81 27 facile

1736 1956 34 26 de
1786 1956 63 26 voir
1861 1956 85 35 qu'ils
1963 1965 35 18 ne
2014 1959 67 25 sont
2095 1965 50 27 pas
2161 1958 106 32 riches;
2287 1958 74 26 mais
2383 1967 30 19 ce
2430 1959 72 27 n'est

1735 1998 51 27 pas
1805 1991 61 26 leur
1881 1991 85 27 faute.
1988 1993 37 26 Ce
2043 1993 86 39 qu'on
2161 1993 128 35 pourrait
2314 1993 63 26 leur

1735 2027 74 33 cher,
1824 2027 69 26 c'est
1907 2027 34 26 de
1958 2027 112 27 vouloir
2083 2028 106 27 inviter
2205 2029 38 26 du
2265 2027 155 33 monde...
2450 2037 34 19 en-

1735 2063 43 25 tre
1791 2070 73 18 nous
1880 2063 141 33 pourquoi
2037 2072 34 18 no
2091 2070 48 27 pas
2156 2063 25 26 le
2193 2063 93 26 dire'?.
2342 2065 39 25 du
2396 2065 105 26 monde

1735 2096 157 27 au-dessus
1909 2096 93 27 d'eux.

1770 2141 33 21 DÇ
1827 2141 123 24 POTEAU,
1972 2143 92 24 agace.
2132 2134 51 26 Pas
2210 2143 50 26 par
2281 2134 27 26 la
2335 2134 165 34 naissance,

1735 2169 142 33 toujours.
1904 2169 76 26 C'est
2017 2177 54 18 une
2109 2169 155 27 excellente
2301 2169 119 33 famille,
2459 2171 41 26 les

1735 2203 231 30 Sainî-Lànrent.

1768 2246 119 20 MADAME
1909 2246 116 19 DUTRIN.
2043 2239 124 26 —Vous
2198 2239 98 26 n'avez,
2319 2246 51 26 pas
2396 2239 103 27 besoin

1734 2275 35 25 de
1785 2274 25 26 le
1822 2274 77 32 dire;
1916 2274 35 26 ils
1965 2274 59 27 s'en
2041 2275 148 35 chargent.
2210 2275 53 25 Des
2275 2276 139 26 écussons
2435 2285 50 26 par-

1735 2311 70 25 tout.

1767 2353 35 18 nu
1820 2352 120 19 POTEAU.
1996 2344 41 26 On
2053 2353 35 19 ne
2101 2347 69 32 peut
2185 2347 137 32 pourtant
2333 2353 51 27 pas
2404 2347 98 35 exiger

1733 2379 84 35 qu'ils
1833 2381 128 34 grattent
1972 2379 78 27 leurs
2067 2388 119 27 propres
2204 2380 164 28 armoiries.

1767 2422 115 20 DUTRIN.
1887 2431 32 4 —
1931 2415 74 32 Non;
2023 2415 73 27 mais
2112 2424 35 19 on
2161 2417 131 33 pourrait
2306 2417 100 35 exiger
2414 2417 85 35 qu'ils

1733 2448 146 28 affirment
1894 2459 54 18 une
1967 2451 118 34 opinion
2098 2451 143 35 politique
2257 2461 33 17 en
2307 2456 194 32 rapportavec

1731 2485 61 25 leur
1807 2493 76 17 nom.
1913 2485 227 33 Saint-Laurent,
2170 2487 70 32 quoi
2271 2487 67 33 qu'il
2367 2494 35 19 en
2426 2487 71 33 dise,

1731 2519 73 24 n'est
1817 2519 86 31 qu'un
1925 2518 80 26 rallié
2021 2519 220 26 honteux.Vous
2254 2526 67 20 avez
2337 2529 38 24 pu
2383 2523 99 24 consta-

1731 2552 51 31 ter,
1809 2551 155 33 d'ailleurs,
1995 2558 54 27 que
2070 2552 200 27 l'aristocratie
2298 2554 37 26 du
2366 2563 69 26 pays
2457 2555 40 27 les

1731 2585 72 27 tient
1817 2588 14 25 à
1844 2585 106 27 l'écart.
1967 2587 189 28 Avons-nous
2165 2597 46 25 vu,
2228 2590 14 25 à
2256 2589 39 27 La
2311 2588 123 38 Grange,
2443 2598 56 20 une

1731 2622 78 28 seule
1825 2622 50 28 des
1886 2623 111 27 bonnes
2010 2623 124 27 familles
2150 2624 38 26 du
2203 2633 67 28 pays
2281 2624 13 27 ?

1765 2668 35 18 DU
1821 2668 122 18 POTEAU.
2019 2660 195 35 Croyez-moi,
2242 2670 123 26 passons
2396 2662 87 27 là-des-

1731 2704 59 19 sus.
1805 2695 77 27 Nous
1896 2696 175 26 arriverions
2083 2698 142 33 peut-être
2241 2699 17 25 à
2280 2698 150 26 découvrir
2444 2707 54 26 que

1730 2731 40 27 les
1783 2731 110 27 voisins
1905 2731 34 26 de
1954 2731 38 27 La
2003 2731 113 37 Grange
2130 2734 69 25 vont
2209 2741 18 26 y
2235 2734 167 34 reparaître,
2408 2734 72 26 main-

1731 2769 98 25 tenant
1846 2774 54 26 que
1916 2774 73 19 nous
2004 2774 129 19 sommes
2148 2769 103 33 partis.

1765 2810 113 18 DUTRIN.
1948 2800 38 26 Ils
2011 2810 15 26 y
2053 2804 194 33 reparaîtront
2277 2804 94 33 quand
2406 2803 92 28 Saint-

1730 2837 122 26 Laurent
1872 2836 60 27 fera
1951 2837 98 26 mieux
2076 2839 80 25 voter
2191 2846 56 19 aux
2271 2839 146 33 élections,
2446 2848 63 26 pas.

1729 2874 93 24 avant.

1755 2916 130 21 -MADAME
1905 2916 33 18 DE
1959 2916 35 19 LA
2013 2911 228 31 RONCHONNIÈRE,
2254 2911 17 24 à
2283 2909 39 27 clll
2335 2911 112 25 PotCCIU.

1729 2942 27 26 Si
1772 2943 28 33 je
1817 2952 34 18 ne
1866 2943 144 35 craignais
2027 2944 34 25 de
2072 2953 71 18 vous
2159 2953 100 18 causer
2280 2946 34 26 de
2329 2946 27 26 la
2373 2947 93 34 peine,
2481 2948 13 25 à

1728 2987 71 18 vous
1814 2980 50 33 qui
1879 2987 104 26 prenez
2001 2979 52 27 fait
2067 2981 27 25 et
2109 2988 85 19 cause
2210 2988 74 26 pour
2300 2988 54 20 eus
2370 2981 53 28 !...

1762 3022 37 17 DU
1820 3022 120 18 POTEAU.
2016 3014 57 26 Moi
2091 3014 5 37 !
2112 3015 31 26 Je
2158 3015 109 35 prends
2283 3015 52 27 fait
2361 3019 28 25 et
2411 3024 84 19 cause

1728 3058 72 26 pour
1814 3048 41 27 les
1869 3048 220 28 Saint-Laurent
2102 3048 5 35 !

1761 3092 123 20 MADAME
1905 3093 33 18 DE
1959 3092 34 19 LA
2014 3089 228 24 RONCHONNIÈRE.
2329 3086 87 26 DanlC
2433 3085 58 28 !...

1728 3118 77 28 Vous
1821 3119 70 27 allez
1904 3120 116 35 jusqu'à
2031 3120 154 37 prétendre
2203 3130 53 26 que
2268 3122 70 27 c'est
2354 3130 72 19 nous
2443 3123 50 33 qui

1728 3156 172 33 empêchons
1918 3156 26 26 la
1957 3156 135 27 noblesse
2106 3156 33 26 de
2156 3157 81 26 venir
2251 3157 65 26 chez
2334 3165 54 18 eux
2406 3156 5 33 !

1761 3198 34 18 DU
1818 3198 122 19 POTEAU.
2015 3191 38 25 La
2068 3190 144 31 noblesse,
2229 3200 112 19 comme
2356 3201 71 18 vous
2447 3191 31 27 di-

1727 3228 54 31 tes,
1794 3228 44 25 est
1852 3226 110 35 parfois
1971 3230 39 21 Un
2028 3226 103 37 peu...
2151 3227 157 34 exclusive,
2322 3229 115 25 surtout
2459 3235 34 19 en

1727 3261 144 34 province.

1761 3305 119 18 MADAME
1902 3304 34 18 DE
1957 3305 32 18 LA
2009 3300 228 25 RONCHONNIÈRE.
2313 3299 43 26 Un
2369 3307 57 26 peu
2441 3306 34 19 ex-

1726 3331 107 27 clusive
1848 3333 28 25 et
1896 3332 58 26 très
1983 3332 85 27 collet
2096 3334 107 25 monté.
2237 3333 89 31 Qu'on
2355 3341 35 18 ne
2420 3333 73 26 m'en

1727 3366 76 26 fasse
1818 3374 51 26 pas
1890 3366 61 27 dire
1967 3366 159 38 davantage
2143 3367 6 27 1

1759 3411 120 17 MADAME
1899 3411 176 19 LKBIGOUDIS.
2152 3404 93 27 Est-ce
2259 3411 73 27 pour
2349 3404 58 27 moi
2431 3412 54 25 que

1724 3445 71 18 vous
1807 3437 115 35 parlez?
1937 3438 31 26 Je
1977 3437 111 27 déteste
2104 3438 43 27 les
2160 3438 197 27 insinuations
2368 3448 117 27 vagues.

1756 3481 123 19 MADAME
1898 3482 33 17 DE
1952 3482 34 17 LA
2006 3476 228 26 RONCHONNIÈRE.
2304 3476 76 26 Pour
2396 3483 73 19 VOUS
2484 3475 5 27 !

1724 3507 96 31 Quelle
1838 3508 71 32 idée,
1931 3509 83 26 chère
2042 3509 76 26 amie
2135 3507 5 38 !
2165 3509 124 35 Voyons,
2324 3519 71 18 vous
2422 3509 70 26 allez

1724 3542 151 35 m'obliger
1904 3544 15 25 à
1945 3544 59 25 être
2035 3544 149 27 mauvaise
2205 3539 112 41 langue.
2348 3546 71 27 Mais
2443 3553 33 19 en-

1724 3578 48 33 fin.,
1804 3580 63 26 tout
1892 3578 26 27 le
1948 3579 105 27 monde
2075 3580 57 26 sait
2165 3587 53 27 que
2250 3581 74 26 Mme
2342 3581 33 26 de
2398 3581 94 26 Saint-

1724 3614 135 27 Laurent.
1873 3614 22 27 ..

1757 3658 35 18 DU
1813 3657 123 19 POTEAU.
2010 3648 109 27 Pauvre
2137 3651 105 27 femme
2257 3648 5 30 !
2277 3651 58 26 Elle
2353 3651 100 27 touche
2467 3652 17 26 à

1722 3684 27 26 la
1763 3684 190 27 soixantaine.
1969 3685 159 27 Laissez-la
2141 3685 73 27 donc
2231 3685 169 37 tranquille!
2418 3686 74 27 G'ést

1723 3728 57 19 une
1794 3719 59 27 très
1870 3719 94 26 bonne
1980 3719 117 28 femme.

1756 3763 120 19 MADAME
1898 3763 33 18 DE
1952 3763 34 19 LA
2006 3758 229 25 RONCHONNIÈRE.
2316 3757 54 31 Qui
2398 3757 43 26 dit
2464 3757 26 26 le

1722 3790 142 26 contraire
1878 3789 13 26 ?
1905 3789 31 27 Je
1948 3789 96 27 l'aime
2056 3790 158 37 beaucoup.
2231 3791 33 27 Et
2283 3793 69 27 c'est
2365 3793 112 35 précisé-

1722 3828 80 25 ment
1814 3834 72 27 pour
1898 3826 60 27 cela
1970 3826 103 35 qu'elle
2091 3834 46 20 me
2153 3827 51 27 fait
2219 3826 142 37 gémir...
2378 3836 51 26 par
2443 3835 46 19 ses

1722 3861 105 34 petites
1845 3861 163 26 faiblesses.

1756 3905 116 18 DUTRIN.
1942 3896 53 26 Par
2010 3907 13 13 «
2039 3906 47 18 ses
2100 3898 105 35 petites
2218 3898 151 28 faiblesses
2388 3907 103 25 »,vous

1722 3932 138 27 entendez
1876 3932 24 26 le
1916 3932 73 34 petit
2003 3932 151 27 Colorado.

1756 3976 32 18 LA
1808 3971 228 22 RONCiioNNiÉRE.
2106 3969 37 26 Ce
2154 3967 87 34 jeune
2257 3970 164 34 Napolitain
2437 3970 56 26 m'a

1721 4004 63 25 tout
1799 4002 64 27 l'air
1878 4003 67 27 d'un
1959 4003 106 34 parfait
2079 4004 111 34 espion.

1756 4046 37 18 DU
1814 4046 122 19 POTEAU.
2009 4038 77 27 Vous
2101 4038 24 26 le
2138 4038 148 28 surfaites.
2301 4041 119 26 —C'est
2430 4042 63 25 tout

1721 4072 189 35 simplement
1924 4083 39 17 un
1976 4074 52 34 joli
2042 4075 215 34 rastaquouère.

1755 4116 120 19 MADAME
1897 4117 176 18 LEBIGOUDIS.
2151 4110 60 26 Non
2230 4110 4 35 I
2251 4110 70 27 c'est
2336 4110 93 35 plutôt
2451 4120 38 17 Utl

1720 4143 52 34 joli
1782 4143 99 27 enfant
1897 4144 34 26 de
1946 4144 107 27 chœur,
2068 4144 21 26 fl
2113 4154 14 18 a
2143 4146 131 34 toujours
2290 4147 63 26 l'air
2372 4147 105 26 d'atten-

1721 4180 48 26 dre
1792 4181 86 33 qu'on
1907 4180 40 27 lui
1969 4180 61 27 dise
2048 4180 5 34 :
2070 4181 132 26 Dominus
2218 4181 136 27 vobiseum
2369 4182 11 25 !

1755 4224 120 18 MADAME
1897 4224 34 19 DE
1957 4224 33 18 LA
2015 4220 228 24 RONCHONNIÈRE.
2342 4215 83 28 Enfltl
2434 4238 6 11 ,
2465 4215 25 27 Si

1720 4252 81 25 notre
1819 4252 74 26 amie
1906 4252 69 26 veut
1990 4252 66 26 bien
2075 4252 69 33 qu'il
2172 4252 105 26 allume
2302 4261 46 18 ses
2368 4259 122 26 pauvres

1720 4286 86 26 vieux
1820 4286 122 35 cierges,
1957 4285 59 27 cela
2036 4294 35 19 ne
2081 4287 52 26 fait
2150 4287 33 26 de
2196 4286 59 27 mal
2270 4290 14 25 à
2301 4294 152 28 personne.

1754 4330 120 18 MADAME
1894 4331 115 18 DUTRIN.
2086 4323 52 27 Pas
2161 4324 94 25 môme
2283 4325 17 25 à
2320 4323 151 27 Saint-Lau-

1721 4357 73 32 rent,
1814 4357 48 34 qui
1892 4367 35 18 ne
1954 4357 69 26 s'est
2052 4357 106 34 jamais
2189 4358 56 26 fort
2267 4359 97 26 soucié
2385 4358 35 26 de
2447 4357 43 26 les

1721 4391 139 27 éteindre.

1754 4435 120 19 MADAME
1892 4436 33 18 DE
1949 4436 32 18 LA
2001 4431 229 24 RONCHONNIÈRE.
2289 4428 74 27 Tout
2381 4428 59 27 Cela
2453 4436 35 18 ne

1720 4462 87 26 serait
1820 4463 63 26 rien
1894 4472 67 18 avec
1972 4473 38 17 un
2024 4473 56 26 peu
2094 4465 156 26 d'adresse.
2265 4465 72 26 Mais
2354 4465 27 26 la
2406 4463 83 26 chère

1719 4496 94 27 bonne
1831 4498 105 27 femme
1949 4501 44 25 est
2003 4500 162 26 redevenue
2180 4502 93 24 naïve.
2303 4500 77 26 Nous
2407 4500 66 26 trou-

1717 4540 72 19 vons
1811 4533 138 27 Colorado
1965 4534 116 27 installé
2099 4534 66 27 chez
2180 4534 64 34 elle,
2262 4544 73 18 nous
2361 4534 37 34 l'y
2422 4533 52 27 lais-

1717 4576 83 19 sons.
1812 4570 24 35 ..
1853 4570 144 34 Pourquoi
2010 4570 142 28 resto-t-il
2166 4571 84 34 après
2265 4578 73 20 nous
2355 4570 13 27 ?

1754 4611 115 20 DUTRIN.
1881 4604 213 38 —Pourquoi?
2109 4605 39 26 Hé
2165 4605 118 35 parbleu
2302 4604 5 38 !
2324 4613 83 27 parce
2418 4604 69 35 qu'il

1717 4637 46 27 n'a
1775 4646 51 26 pas
1843 4641 76 27 deux
1930 4641 73 27 louis
2013 4650 78 26 .pour
2106 4650 86 26 payer
2205 4650 52 19 son
2271 4650 117 26 voyage.
2413 4641 73 26 Tout

1717 4672 25 26 le
1760 4675 105 27 monde
1880 4676 58 26 sait
1962 4676 69 35 qu'il
2057 4676 46 26 n'a
2127 4685 92 18 aucun
2248 4684 102 27 moyen
2380 4676 91 26 d'exis-

1721 4709 89 32 tence,
1822 4719 93 19 aucun
1931 4720 104 27 moyen
2050 4711 149 33 avouable,
2213 4711 142 27 s'enlend.

1753 4753 33 18 LA
1799 4750 228 24 RONGHONNIÈRE.
2048 4748 125 26 —Vous
2187 4748 60 26 êtes
2262 4748 72 26 bons
2348 4754 66 19 avec
2433 4754 52 19 vos

1716 4779 74 27 deux
1807 4780 74 27 louis
1896 4781 52 26 !Et
1961 4781 41 26 les
2015 4783 133 24 étrennes
2163 4779 5 28 !
2190 4783 74 24 C'est
2296 4792 37 15 un
2357 4781 128 26 déplace-

2557 200 79 26 ment
2649 200 54 27 fort
2715 201 79 30 cher.
2811 203 40 26 Ne
2867 211 46 20 me
2928 206 94 34 parlez
3039 216 52 26 pas
3119 209 51 27 des
3193 209 118 37 villégia-

2557 235 78 27 tures
2646 242 37 20 au
2698 236 65 27 delà
2777 237 67 28 d'un
2856 248 86 27 rayon
2957 242 33 26 de
3004 242 83 35 vingt
3102 243 102 28 lieues.
3222 246 41 27 On
3279 249 45 25 est

2556 270 83 25 censé
2654 270 70 28 faire
2737 281 57 19 une
2807 274 98 27 faveur
2919 278 14 25 à
2947 285 47 19 ses
3020 278 128 35 invités;
3172 281 69 26 c'est
3268 289 56 20 une

2555 307 100 25 corvée
2668 307 85 34 qu'on
2767 307 63 28 leur
2846 311 122 35 impose.
2983 313 79 28 Nous
3085 314 87 34 voilà,
3198 317 107 27 mainte-

2555 343 78 31 nant,
2647 343 176 30 condamnés
2837 347 15 26 à
2865 347 66 35 cinq
2944 347 105 28 heures
3077 350 34 28 de
3133 352 73 26 train
3231 353 73 26 omni-

2554 376 65 33 bus,
2636 386 47 18 car
2695 378 40 27 les
2751 387 118 28 express
2884 391 34 19 ne
2944 384 150 28 s'arrêtent
3119 394 51 27 pas
3198 386 71 27 dans
3291 397 31 19 ce

2554 412 77 26 fichu
2642 413 163 31 endroit...
2828 418 71 26 Mais
2911 428 106 27 voyons
3047 422 34 34 (Il
3109 425 63 32 tape
3198 431 47 19 sur
3272 431 50 20 son

2554 451 110 24 assiette
2678 457 65 20 avec
2769 459 38 19 un
2820 456 139 34 couteau.)
2991 456 20 27 Il
3040 464 35 19 ne
3100 457 85 37 s'agit
3209 467 51 26 pas
3287 459 34 27 de

2554 490 142 28 manquer
2706 484 26 27 le
2750 487 111 35 départ.
2880 490 34 34 (A
2929 491 104 27 Lardot
3048 494 50 34 qui
3106 494 119 34 parait.)
3240 495 63 27 Com-

2554 520 65 25 bien
2633 520 33 26 de
2678 522 96 34 temps
2789 527 86 24 avant
2887 524 26 27 le
2926 527 74 27 train
3014 527 13 27 ?
3091 524 11 17 *

2587 562 117 20 LARDOT.
2772 559 35 26 Le
2823 561 74 26 train
2915 561 43 27 ?Il
2973 565 44 25 est
3031 566 85 32 passé
3145 565 102 33 depuis
3274 566 47 27 dix

2554 592 128 26 minutes
2696 592 6 26 !

2587 633 81 20 TOUS.
2743 628 155 30 Comment
2914 628 5 37 !
2937 633 76 27 C'est
3028 643 53 18 une
3100 634 118 28 infamie
3230 628 5 37 !
3246 637 76 28 C'est

2554 669 35 18 un
2619 663 145 34 complot!
2790 666 237 30 Qu'allons-nous
3058 670 70 27 faire
3141 671 13 26 ?
3175 672 145 34 Pourquoi

2552 704 33 18 no
2601 704 71 19 nous
2686 705 157 21 avez-vous
2859 710 52 26 pas
2928 705 106 26 avertis
3050 704 13 27 ?

2587 738 117 21 LARDOT.
2773 735 32 27 Je
2826 738 60 26 suis
2903 746 74 18 venu
2994 741 15 24 à
3022 738 27 27 la
3065 743 91 32 porte.
3178 742 72 27 Mais
3270 751 46 19 ces

2550 767 159 30 messieurs
2728 772 27 25 et
2769 778 46 19 ces
2828 771 99 28 dames
2941 775 116 27 avaient
3072 776 61 26 l'air
3155 777 33 26 de
3204 777 26 26 si
3249 777 69 28 bien

2549 809 14 18 s
2575 810 125 26 amuser,
2718 814 54 26 que
2783 807 50 33 j'ai
2848 809 92 27 craint
2952 810 34 26 de
3001 810 41 26 les
3060 811 203 35 interrompre.

2959 857 76 27 Léon
3056 868 33 18 DE
3111 860 136 27 TIXSEAU.

2552 963 413 84 NOUVELLES
2998 969 318 83 PREUVES

2675 1104 190 32 DEUX
2894 1108 293 32 LETTRES

2582 1149 21 26 Il
2619 1152 46 33 n'y
2680 1160 15 17 a
2711 1152 65 34 plus
2792 1154 15 24 à
2820 1153 115 28 douter.
2957 1154 86 27 Grâce
3061 1156 14 25 à
3104 1155 26 26 la
3144 1156 171 28 découverte

2546 1185 39 27 du
2603 1186 165 34 professeur
2781 1187 103 33 Busch,
2904 1188 70 27 dont
2989 1188 27 27 la
3031 1199 100 26 presse
3146 1192 39 26 du
3209 1194 106 26 monde

2546 1220 93 27 entier
2668 1231 15 17 a
2709 1221 89 27 relaté
2823 1222 26 26 la
2877 1225 201 28 merveilleuse
3107 1227 163 34 puissance,
3288 1228 27 27 la

2546 1256 112 27 science
2678 1258 137 28 moderne
2837 1260 122 32 possède
2983 1260 162 28 désormais
3168 1263 25 27 le
3211 1272 102 27 moyen

2546 1291 51 26 sûr
2626 1292 33 26 de
2685 1293 98 34 guérir
2807 1294 209 28 radicalement
3043 1296 41 28 les
3113 1298 130 27 calvities
3274 1299 39 26 les

2546 1325 65 35 plus
2631 1328 157 34 complètes
2810 1338 112 19 comme
2949 1331 41 26 les
3019 1331 143 30 maladies
3189 1333 43 27 les
3246 1335 66 34 plus

2546 1370 102 27 graves
2665 1363 38 26 du
2718 1364 63 26 cuir
2794 1364 128 26 chevelu.

2580 1397 80 26 Voici
2674 1397 74 26 deux
2761 1407 151 19 nouveaux
2924 1402 198 34 témoignages
3135 1403 107 28 rendus
3257 1414 38 26 pu-

2546 1431 81 34 blics,
2644 1434 17 25 à
2676 1433 112 34 ajouter
2803 1436 17 25 à
2837 1436 63 25 tous
2917 1443 70 19 ceux
3004 1436 65 33 déjà
3081 1446 111 19 connus
3210 1431 5 38 :

2636 1478 130 27 34,533

2850 1517 14 17 «
2876 1511 128 32 Limoges,
3017 1512 26 22 11
3056 1514 138 22 novembre
3208 1514 67 25 1899.

2667 1547 13 15 »
2695 1540 139 27 Monsieur,

2577 1578 13 15 »
2607 1571 207 24 Permettez-moi
2828 1572 31 24 de
2872 1579 63 18 vous
2952 1574 128 31 exprimer
3093 1583 46 22 par
3155 1576 76 24 lettre
3247 1579 69 21 toute

2546 1600 24 24 la
2583 1603 210 22 reconnaissance
2806 1611 48 22 que
2867 1603 131 31 j'éprouve
3013 1612 66 22 pour
3093 1613 70 20 vous,
3181 1613 32 17 on
3229 1609 85 22 raison

2546 1631 33 24 du
2596 1632 81 30 grand
2691 1633 96 22 service
2797 1641 50 22 que
2861 1642 64 15 vous
2946 1637 94 21 m'avez
3057 1637 83 22 rendu
3154 1644 31 17 on
3201 1644 39 17 me
3255 1639 46 31 gué-

2546 1663 93 22 rissant
2655 1664 34 21 du
2717 1664 51 21 mal
2784 1663 34 22 du
2838 1665 57 22 cuir
2911 1665 106 24 chevelu
3044 1670 26 20 et
3081 1668 31 22 de
3141 1668 25 22 la
3193 1670 74 21 chute
3285 1670 31 22 do

2545 1700 53 17 mes
2611 1695 119 25 cheveux.
2754 1695 40 21 En
2807 1696 123 31 quelques
2956 1697 79 30 jours,
3063 1697 213 32 démangeaisons
3292 1703 24 20 et

2546 1723 131 32 pellicules
2706 1728 44 20 ont
2771 1726 107 30 disparu
2894 1729 25 20 et
2934 1728 24 21 la
2981 1735 119 24 repousse
3122 1736 14 15 a
3158 1731 156 22 commencé.

2545 1755 69 22 Avec
2636 1755 21 24 le
2672 1755 135 24 deuxième
2832 1756 89 27 flacon,
2947 1759 44 30 j'ai
3020 1760 93 22 atteint
3143 1760 24 22 la
3193 1762 122 28 guorison

2545 1786 132 30 complète.

2576 1825 13 15 »
2604 1817 139 28 Monsieur,
2760 1818 21 22 si
2794 1818 44 30 j'ai
2852 1819 72 22 lardé
2939 1820 21 21 si
2973 1820 145 31 longtemps
3132 1821 14 22 à
3157 1828 63 17 vous
3231 1824 71 30 expri-

2545 1854 54 17 mer
2616 1853 41 18 ma
2672 1848 213 24 reconnaissance
2908 1857 65 22 pour
2996 1853 72 20 votre
3087 1853 167 22 merveilleux
3280 1860 24 17 re-

2545 1878 80 27 mède,
2650 1879 59 22 c'est
2733 1886 48 22 que
2804 1879 24 28 je
2854 1879 99 24 voulais
2982 1887 48 24 que
3059 1881 22 22 le
3094 1885 81 27 temps
3193 1884 122 22 confirme

2545 1917 52 15 mes
2610 1910 156 22 convictions
2778 1910 14 22 à
2805 1911 94 30 l'égard
2913 1911 28 21 de
2954 1915 70 19 votre
3033 1912 59 22 sève
3105 1913 141 31 capillaire,
3265 1923 50 22 que

2544 1941 24 30 je
2583 1939 122 25 voudrais
2720 1941 65 24 faire
2798 1942 131 22 connaîtra
2957 1942 14 22 à
2988 1944 57 21 tous
3060 1950 61 17 ceux
3141 1944 45 31 qui
3206 1948 58 21 sont
3278 1949 25 20 at-

2544 1970 77 24 teints
2634 1971 31 22 de
2678 1974 63 21 cette
2754 1972 119 27 maladie,

2575 2009 14 15 »
2600 2003 96 28 Croyez
2709 2003 13 21 à
2735 2010 43 15 ma
2793 2003 222 25 reconnaissance.

2910 2042 13 14 »
2941 2035 99 24 PJKKRE
3054 2036 135 28 ALIPHA,

2838 2072 14 17 »
2863 2065 22 28 2,
2904 2066 103 24 chemin
3022 2067 34 22 du
3072 2068 211 32 Trou-du-Loup.

2621 2101 14 17 »
2650 2094 78 24 Pour
2740 2094 175 32 légalisation
2928 2104 8 17 :

2581 2132 14 17 »
2613 2126 35 22 Le
2663 2126 89 22 maire
2766 2127 32 22 de
2812 2127 132 31 Limoges.
2962 2135 14 17 »

2589 2166 30 21 IV
2621 2166 53 28 0
2832 2166 52 28 «
2937 2166 105 28 15
3058 2170 137 24 novembre
3211 2170 69 25 1899.

2696 2203 14 15 »
2726 2196 143 28 Monsieur,

2574 2233 14 17 »
2603 2226 33 24 Le
2654 2225 107 25 résultat
2776 2228 96 24 obtenu
2887 2236 47 22 par
2949 2229 112 31 l'emploi
3077 2230 33 22 du
3181 2231 80 22 flacon
3279 2231 31 24 de

2544 2261 71 20 votre
2635 2257 57 22 sève
2715 2257 132 31 capillaire
2868 2263 39 19 est
2931 2262 128 21 vraiment
3083 2264 157 27 surprenant
3260 2264 25 21 et
3299 2270 13 15 a

2544 2288 105 32 dépassé
2662 2295 53 15 mes
2728 2289 157 30 espérances.

2575 2327 13 15 »
2607 2319 41 24 Au
2675 2319 61 22 bout
2760 2319 28 24 de
2805 2321 74 21 trois-
2895 2322 80 27 jours-,
2994 2321 22 22 la
3035 2322 76 22 chute
3133 2322 44 24 des
3193 2323 116 24 cheveux

2544 2349 28 24 de
2591 2356 40 17 ma
2656 2349 93 22 femme
2773 2356 14 15 a
2811 2352 197 30 complètement
3037 2353 67 22 cessé
3130 2355 25 20 et
3180 2354 22 22 le
3226 2354 83 24 flacon

2544 2381 87 22 n'était
2644 2387 45 24 pas
2708 2380 47 22 fini
2770 2381 96 30 qu'une
2883 2388 119 25 repousse
3017 2382 145 25 abondante
3181 2386 59 21 s'est
3256 2392 35 18 ma-

2544 2411 118 24 nifestée.
2673 2411 20 25 ..

2575 2450 14 15 »
2603 2441 28 24 Je
2657 2448 65 18 vous
2750 2444 115 24 autorise
2889 2444 15 22 à
2930 2445 63 24 faire
3017 2446 30 22 de
3063 2453 40 17 ma
3123 2446 73 24 lettre
3219 2447 96 31 l'usage

2544 2473 63 31 qu'il
2622 2479 61 17 vous
2700 2473 92 31 plaira.

3004 2513 13 15 »
3031 2506 28 22 L.
3077 2506 110 28 SIMON,

2887 2542 13 15 »
2914 2536 155 22 Instituteur
3083 2537 14 21 à
3113 2537 197 26 Mennouveaux

2975 2565 217 32 (Haute-Marne).
3206 2576 13 14 »

2576 2603 53 26 Des
2656 2603 120 26 milliers
2804 2603 213 28 d'attestations
3050 2606 176 28 semblables'
3257 2616 34 19 au-

2544 2639 164 37 thentiques
2730 2642 27 25 et
2776 2640 217 32 indiscutables,
3022 2642 136 35 émananj;
3183 2642 34 27 de
3241 2652 70 27 gens

2542 2675 182 32 honorables,
2739 2679 122 24 souvent
2877 2686 110 18 connus
2999 2679 27 25 et
3050 2679 92 26 même
3170 2678 137 34 célèbres,

2542 2712 67 25 sont
2637 2712 14 25 à
2682 2711 27 26 la
2738 2711 176 35 disposition
2939 2713 33 26 de
2991 2714 163 34 quiconque
3178 2717 67 25 veut
3268 2714 41 27 les

2541 2746 156 32 consulter,
2714 2754 35 19 au
2767 2747 171 27 laboratoire
2960 2747 38 27 du
3025 2750 168 30 professeur
3206 2751 104 31 Busch,

2543 2781 41 31 10,
2600 2790 48 18 rue
2665 2781 51 27 des
2730 2781 224 31 Bons-Enfants,
2981 2786 15 25 à
3008 2784 90 28 Paris.
3124 2785 34 27 Et
3177 2786 132 27 combien

2541 2818 67 25 sont
2634 2825 78 19 rares
2734 2818 158 33 cependant
2922 2826 70 19 ceux
3019 2819 50 35 qui
3093 2823 171 26 consentent
3296 2824 15 25 à

2541 2851 104 27 rendre
2657 2851 77 27 ainsi
2753 2852 113 34 publics
2894 2854 45 30 les.
2960 2856 200 34 témoignages
3193 2857 33 26 do
3250 2857 60 26 leur

2541 2888 248 25 reconnaissance.

2576 2922 86 27 Aussi
2675 2922 24 27 le
2725 2923 167 33 professeur
2914 2923 92 28 Busch
3022 2927 165 27 estimc-t-il
3210 2928 17 26 à
3241 2928 66 34 près

2542 2956 33 27 de
2591 2960 64 25 cent
2672 2959 78 26 mille
2773 2959 41 27 les
2837 2967 159 27 personnes
3021 2961 50 26 des
3102 2961 73 27 deux
3189 2962 120 27 mondes

2587 2999 47 21 car
2654 3001 32 19 sa
2696 2993 201 27 fameusesève
2911 2995 145 34 s'expédie
3072 2996 66 35 déjà
3151 2998 158 35 jusqu'aux

2542 3028 109 26 contins
2667 3030 33 26 de
2719 3028 137 28 l'univers
2936 3031 168 34 auxquelles
3136 3033 20 25 il
3177 3041 17 18 a
3216 3034 91 26 rendu

2542 3063 66 34 déjà
2620 3064 60 27 leur
2695 3064 151 27 chevelure
2862 3065 118 35 perdue.

2576 3098 162 35 Rappelons
2752 3107 33 19 en
2800 3100 136 27 finissant
2949 3110 54 26 que
3020 3102 151 28 l'éminent
3194 3104 98 32 spécia-

2541 3133 67 27 liste
2623 3135 109 27 fournit
2745 3137 14 25 à
2772 3137 64 25 tous
2854 3144 70 19 ceux
2947 3137 47 33 qui
3009 3139 69 24 vont
3100 3137 25 27 le
3138 3138 113 33 visiter,
3270 3149 35 18 ou

2541 3170 100 26 envoie
2656 3170 208 35 gratuitement
2877 3180 51 18 sur
2947 3172 151 32 demande,
3117 3175 65 26 tous
3195 3176 98 26 rensei-

2539 3208 154 31 gnements
2707 3214 51 19 sur
2771 3215 32 17 sa
2815 3207 148 34 précieuse
2976 3207 180 33 découverte,
3167 3209 74 27 ainsi
3252 3219 54 26 que

2541 3240 24 26 le
2580 3248 102 27 moyen
2693 3241 33 26 de
2738 3241 177 35 l'employer.

2911 3276 120 27 Docteur
3045 3276 213 28 RIOU-DELMET.

2538 3387 84 104 LA
2674 3387 320 104 DERNIERE
3054 3391 249 102 FRAUDE

2571 3578 76 27 Tous
2665 3576 41 28 les
2727 3578 87 32 soirs,
2829 3587 64 19 vers
2909 3579 45 26 six
2967 3578 113 35 heures,
3098 3579 27 27 le
3142 3581 120 31 notaire,
3281 3581 24 26 le

2537 3614 178 33 percepteur,
2733 3613 156 33 l'huissier,
2919 3613 25 26 le
2967 3614 100 32 maire,
3097 3622 52 19 son
3181 3615 123 34 adjoint,

2537 3650 37 25 M.
2588 3650 34 26 Le
2636 3648 94 32 Hêtre,
2748 3648 24 26 le
2790 3648 161 27 lieutenant
2963 3650 34 26 de
3020 3650 128 28 douanes
3164 3651 137 34 Boudart,

2536 3691 32 20 se
2582 3684 196 27 réunissaient
2793 3685 17 26 à
2825 3696 13 11 «
2856 3684 169 27 l'Amiteuse
3039 3697 13 13 »
3070 3694 73 26 pour
3164 3686 71 27 faire
3261 3696 30 18 es-

2539 3719 131 32 taminet,
2698 3722 73 24 cette
2784 3719 86 33 halte,
2888 3723 85 24 avant
2999 3720 25 27 le
3048 3730 106 27 souper
3177 3722 128 33 familial,

2536 3757 37 24 où
2589 3763 30 19 se
2634 3757 184 25 rencontrent
2831 3756 71 26 dans
2923 3756 25 26 le
2965 3757 77 26 Nord
3052 3757 41 26 les
3111 3757 74 26 amis
3213 3759 28 25 et
3263 3757 41 27 les

2536 3790 231 33 connaissances,
2794 3797 67 19 sans
2891 3790 170 27 distinction
3090 3791 33 27 de
3150 3802 87 26 rangs
3267 3802 35 18 ou

2537 3826 33 26 de
2585 3826 124 27 fortune.

2570 3861 38 26 La
2623 3861 106 26 société
2744 3861 72 35 (mot
2830 3861 72 27 local
2921 3861 50 35 qui
2986 3861 123 37 désigne
3122 3862 40 27 les
3188 3872 100 26 person-

2536 3905 52 18 nes
2600 3896 152 26 habituées
2767 3899 15 24 à
2798 3905 31 18 se
2851 3898 117 26 trouver
2986 3898 157 35 ensemble)
3159 3899 93 34 jouait
3265 3907 34 19 au

2536 3932 102 34 piquet
2653 3933 14 26 à
2685 3933 113 33 quatre;
2815 3933 74 35 puis,
2906 3934 15 25 à
2936 3933 109 34 chaque
3058 3933 104 34 partie,
3172 3934 132 26 les-deux

2535 3966 138 35 perdants
2689 3969 154 26 mettaient
2856 3967 107 27 chacun
2988 3977 37 18 un
3050 3977 53 19 sou
3128 3978 67 19 sous
3217 3969 25 28 le
3267 3972 26 25 ta-

2536 4004 59 33 pis;
2614 4011 35 18 on
2665 4004 100 26 buvait
2781 4004 74 26 force
2868 4004 105 34 pintes,
2992 4004 72 27 dans
3079 4012 39 19 un
3144 4012 92 28 nuage
3270 4005 34 26 de

2537 4038 93 26 fumée
2642 4037 188 35 s'échappant
2844 4038 51 27 des
2908 4039 83 34 pipes
3006 4039 138 26 bourrées
3168 4042 14 25 à
3207 4042 27 25 la
3255 4039 38 27 fla-

2536 4074 116 34 mande,
2669 4074 183 27 c'est-à-dire
2867 4083 35 18 en
2917 4075 104 27 dehors
3043 4075 38 26 du
3104 4075 148 27 fourneau.

2570 4109 38 26 La
2622 4109 92 35 partie
2728 4109 77 34 finie,
2824 4119 35 18 on
2871 4110 112 26 causait
2996 4113 86 28 avapt
3110 4110 33 27 do
3168 4119 30 18 se
3224 4111 65 33 sépa-

2536 4152 54 25 rer,
2608 4153 64 20 vers
2686 4144 64 27 huit
2765 4144 115 28 heures.

2571 4181 86 26 Dame
2672 4181 135 32 Thérèse,
2836 4181 27 26 la
2889 4182 141 33 patronne
3059 4181 34 26 de
3122 4181 181 33 l'Amiteuse,

2536 4215 124 27 enlevait
2674 4218 92 26 cartes
2780 4218 30 25 et
2825 4217 84 35 tapis,
2921 4218 83 34 après
3020 4217 79 26 avoir
3111 4217 113 33 compté
3242 4215 51 28 l'ar-

2536 4252 78 33 gent,
2631 4252 53 26 elle
2701 4252 90 30 disait
2804 4251 5 35 :
2843 4252 48 26 «Il
2913 4259 125 27 manque
3056 4252 61 25 tant
3135 4251 4 35 !
3156 4261 13 13 «
3189 4251 115 27 Chacun

2535 4285 74 28 alors
2623 4286 34 27 do
2674 4289 105 25 mettre
2796 4286 27 27 la
2836 4287 78 26 main
2930 4289 15 25 à
2960 4286 26 26 la
2999 4285 89 34 poche
3116 4287 27 25 et
3165 4286 35 27 de
3227 4287 77 34 jeter

2535 4330 51 18 sur
2595 4322 28 26 la
2640 4323 73 26 table
2730 4331 38 18 un
2779 4331 38 19 ou
2831 4323 148 34 plusieurs
2999 4329 69 19 sous
3098 4323 15 25 à
3136 4331 32 18 sa
3198 4331 89 19 conve-

2535 4364 99 19 nance.

2569 4393 77 27 Tous
2657 4393 41 28 les
2714 4394 184 33 soirs,même
2911 4391 157 35 répétition
3083 4393 72 30 dans
3165 4394 24 28 le
3207 4396 93 26 même

2535 4428 184 26 cérémonial.

2569 4463 132 37 Blégnies
2717 4466 44 25 est
2771 4470 54 19 une
2843 4462 89 34 petite
2947 4462 149 38 bourgade
3110 4474 51 19 sur
3182 4466 27 26 la
3226 4466 61 27 fron-

2533 4499 71 27 tière
2617 4500 92 35 belge,
2727 4499 57 27 très
2791 4496 130 37 .peuplée
2939 4507 112 20 comme
3065 4501 25 26 la
3106 4502 67 26 sont
3189 4500 41 28 les
3249 4500 40 27 vil-

2533 4533 78 37 lages
2628 4534 38 27 du
2679 4534 86 31 Nord,
2778 4533 65 35 plus
2867 4533 177 37 importants
3071 4546 53 26 que
3154 4538 146 34 beaucoup

2532 4570 35 27 de
2585 4570 81 27 villes
2680 4571 38 26 du
2733 4570 103 26 Centre
2850 4572 28 25 et
2894 4571 39 27 du
2947 4572 80 26 Midi.

2567 4605 72 27 Rien
2652 4605 34 27 de
2701 4605 200 35 remarquable
2916 4616 34 17 en
2966 4606 52 27 fait
3033 4607 34 27 de
3094 4609 204 31 monuments;

2531 4642 31 37 çà
2577 4644 28 25 et
2617 4641 35 33 là,
2667 4639 138 37 quelques
2819 4642 85 34 jolies
2921 4643 130 27 maisons
3067 4651 67 19 avec
3162 4643 83 34 grille
3269 4645 28 25 et

2530 4676 110 33 jardin;
2668 4676 27 26 la
2709 4676 66 35 plus
2790 4680 91 37 vaste,
2895 4685 67 18 sans
2976 4678 154 31 contredit,
3146 4682 27 22 et
3190 4677 26 32 la,
3233 4678 63 35 plus

2530 4710 177 28 confortable
2721 4713 165 35 appartient
2898 4714 17 25 à
2940 4713 144 34 l'adjoint,
3098 4714 37 27 M.
3154 4715 35 25 Le
3201 4714 96 33 Hêtre,

2530 4754 66 27 gros
2610 4748 156 26 marchand
2783 4748 34 26 de
2837 4748 63 26 bois
2922 4748 50 34 qui
3001 4756 86 27 passe
3118 4757 73 26 pour
3215 4750 81 26 avoir

2530 4785 91 31 gagné
2635 4792 57 18 une
2711 4782 70 33 jolie
2797 4783 130 31 fortune;
2948 4792 37 18 on
3001 4783 139 27 chuchote
3169 4785 69 31 qu'il
3265 4785 35 26 l'a

1394 120 194 51 Supplément
1603 120 128 39 illustré
1744 122 41 38 du
1804 126 81 33 Petit
1898 126 131 34 Journal

3132 144 89 27 171
3256 144 54 17 ™

960 1787 63 27 LA
1052 1787 135 32 MODE
1218 1788 47 31 du
1299 1789 102 30 Petit
1435 1791 169 34 Journal,
1637 1792 52 37 qui

924 1827 99 35 paraît
1069 1832 83 26 cette
1199 1830 143 30 semaine
1361 1852 6 9 ,

922 1865 107 28 donne
1062 1877 41 19 un
1137 1869 81 30 beau
1256 1872 115 34 patron

921 1905 73 28 bien
1018 1907 146 39 pratique
1196 1909 96 28 d'une

934 1974 220 45 CHEMISETTE
1179 1969 184 51 ÉLÉGANTE

960 2046 93 31 Cette
1091 2049 188 30 chemisette
1326 2053 46 26 est

920 2087 98 28 ornée
1043 2087 74 30 d'un
1147 2091 44 37 pli
1218 2088 85 31 rond
1330 2100 39 19 au

922 2126 107 28 milieu
1049 2130 138 28 encadré
1214 2130 38 28 de
1273 2128 78 39 grôu-

921 2176 57 28 pes
1003 2166 41 30 de
1074 2169 60 37 plis
1160 2171 150 27 couchés.
1450 2158 44 45 il
1525 2158 32 61 j\
1577 2172 27 32 Y
1633 2158 2 61 ■

960 2210 40 28 La
1010 2213 356 38 manche-blouse,éga-
1442 2204 13 52 /[
1488 2204 5 52 i
1538 2204 21 38 /I

920 2250 123 28 lement
1059 2254 97 28 ornée
1174 2252 38 30 de
1230 2254 71 38 plis,
1323 2256 47 26 est
1431 2242 17 58 |
1482 2243 30 57 \
1557 2242 8 51 I

919 2290 157 30 terminée
1095 2302 56 27 par
1167 2302 40 20 un
1225 2293 144 38 poignet.
1422 2282 28 48 ]j\
1494 2282 30 48 \
1563 2282 5 48 1

1078 2379 32 18 LE
1134 2375 119 21 NUMÉRO
1280 2372 5 25 :
1310 2372 53 25 #©
1388 2379 141 18 CENTIMES
