3490 4924
132 163 209 27 sensiblement
357 164 170 33 augmentée
544 171 33 19 en
592 163 105 27 faisant
709 172 100 26 passer
824 172 69 20 sous

131 198 25 26 le
171 207 51 18 nez
239 198 50 26 des
304 198 155 26 douaniers
475 198 51 26 des
549 198 216 28 marchandises
781 200 69 27 dont
873 201 20 26 il

131 234 122 27 oubliait
272 234 171 35 d'acquitter
454 233 40 28 les
510 234 102 28 droits.

167 274 76 30 Dans
256 276 65 25 tous
340 274 41 27 les
402 283 57 25 cas,
477 274 37 27 M.
529 274 136 34 Boudart,
683 276 162 27 lieulenant
857 276 33 27 de

130 312 138 32 douanes,
291 309 103 35 depuis
416 309 148 35 plusieurs
585 313 106 26 années
715 313 15 25 à
748 311 143 37 Blégnies,

130 348 44 26 n'a
184 347 106 34 jamais
311 346 93 27 réussi
415 347 14 25 à
454 345 152 30 découvrir
630 356 30 18 ce
689 347 67 35 qu'il
781 356 15 27 y
817 356 15 19 a
859 348 32 26 de

130 384 60 30 vrai
207 383 71 28 dans
293 381 41 27 les
348 381 123 35 exploits
489 381 33 27 de
534 381 37 27 M.
586 381 35 27 Le
639 383 93 27 liêtre.

164 424 35 28 Ce
216 423 124 34 dernier,
354 416 56 34 bon
432 420 106 35 vivant,
569 423 28 27 la
626 423 80 30 main
731 424 161 35 largement

129 462 117 26 ouverte
276 468 54 18 aux
352 458 85 33 amis,
463 459 158 34 possédant
650 468 57 18 une
735 459 156 27 excellente

129 504 77 25 cave,
220 495 139 34 occupant
374 493 34 28 de
422 495 161 26 nombreux
596 496 139 33 ouvriers,
764 497 63 26 tous
853 496 38 26 du

128 540 81 27 pays,
221 531 46 26 n'a
279 537 51 27 pas
350 530 159 27 àcraindre
533 530 228 33 d'indiscrétion,
776 531 25 26 si
830 533 60 26 tant

128 569 46 25 est
184 566 69 37 qu'il
266 567 40 26 ait
318 565 52 27 des
390 566 136 34 opinions
556 566 274 37 libre-échangistes
856 576 34 18 en

128 602 167 35 opposition
306 609 70 19 avec
386 601 41 27 les
442 601 175 35 règlements
639 601 70 28 dont
736 602 24 27 le
789 602 87 27 lieute-

129 639 71 25 nant
209 639 44 25 est
265 637 200 27 l'incarnation
481 637 124 28 vivante.

161 678 44 26 Un
220 676 139 28 excellent
370 677 126 33 homme,
513 686 31 18 ce
566 678 162 27 lieutenant
754 678 118 26 dédoua-

128 720 63 26 nés,
202 712 46 27 fils
263 712 34 27 de
309 713 197 33 paysans,.qui
522 715 60 25 tout
598 713 172 27 doucement
785 722 14 18 a
808 722 66 26 pour-

128 748 77 28 suivi
221 756 53 18 son
291 746 112 27 chemin
416 756 69 18 sans
500 748 89 33 bruit,
601 751 15 24 à
643 749 87 33 petits
746 757 61 26 pas,
836 748 41 26 fai-

128 785 66 26 sant
207 793 32 18 sa
248 784 98 26 trouée
361 790 112 19 comme
488 782 28 26 la
526 785 98 33 goutte
640 784 91 33 d'eau,
745 785 28 25 et
789 784 100 34 qui,un

128 820 72 26 beau
215 819 76 34 jour,
305 819 84 33 après
406 819 93 26 trente
513 826 51 19 ans
580 819 34 26 de
631 819 119 33 service,
765 819 70 27 s'est
849 821 28 25 ré-

129 854 84 28 veillé
228 853 118 27 officier.

163 893 48 27 S'il
227 902 17 18 a
257 901 50 19 sur
319 893 41 27 les
376 893 66 27 bras
467 893 34 27 de
527 893 92 28 beaux
648 894 99 35 galons
769 904 34 19 en
831 896 45 26 tor-

128 930 79 32 sade,
226 930 18 26 il
259 928 87 35 garde
363 930 70 26 dans
449 937 52 19 son
526 928 89 27 allure
630 934 27 22 et
672 939 46 18 ses
746 930 144 27 manières

128 964 182 35 l'empreinte
324 964 34 27 de
371 973 52 18 son
435 965 120 35 origine,
570 974 34 18 ne
617 966 60 26 s'en
698 966 52 26 fait
771 974 52 26 pas
847 974 30 18 ac-

128 1000 100 33 croire,
247 1000 116 34 disposé
383 1002 17 25 à
422 1000 191 35 l'indulgence
637 1010 73 26 pour
738 1010 46 18 ses
815 1000 60 26 infé-

128 1037 102 32 rieurs,
247 1035 270 37 fermant.les.yeux
530 1044 51 19 sur
592 1036 162 35 les.petites
781 1037 94 34 irrégu-

128 1071 97 27 larités
239 1070 107 28 forcées
359 1072 80 26 entre
455 1072 112 26 voisins
583 1071 33 27 de
635 1071 152 33 frontière;
815 1072 73 26 mais

128 1107 20 26 il
158 1108 45 25 est
228 1106 156 33 inflexible,
411 1107 198 34 impitoyable,
635 1106 152 35 déployant
813 1108 77 25 toute

126 1150 52 19 son
194 1142 124 32 activité,
331 1142 169 27 combinant
511 1143 48 26 des
570 1142 83 34 plans
666 1150 112 20 comme
793 1150 38 18 un
844 1144 31 33 gé-

126 1176 77 27 néral
220 1185 72 26 pour
304 1176 158 27 combattre
483 1176 148 33 l'ennemi,
658 1176 180 27 c'est-à-dire
865 1178 25 26 le

129 1212 146 30 fraudeur.

161 1252 138 27 Combien
315 1251 20 26 il
350 1260 35 18 en
402 1260 17 17 a
430 1251 103 34 déjoué
550 1252 34 25 de
604 1251 79 27 leurs
710 1260 93 25 ruses,
823 1261 51 26 cap-

128 1287 61 26 turé
215 1287 123 33 d'objets
358 1286 146 34 prohibés,
530 1287 72 26 saisi
630 1286 33 27 de
690 1287 139 31 voitures,
856 1287 33 27 de

126 1323 145 31 chevaux;
305 1320 106 34 jamais
438 1322 159 33 cependant
622 1320 18 27 il
666 1322 45 26 n'a
739 1324 98 25 trouvé
865 1323 25 27 le

126 1357 132 27 moindre
270 1357 71 26 bout
357 1357 33 26 de
406 1357 122 27 dentelle
542 1367 6 24 ;
563 1359 27 25 et
605 1358 70 26 c'est
696 1358 195 34 précisément

126 1393 119 27 de-cette
260 1393 102 26 fraude
373 1401 54 27 que
441 1393 26 26 le
482 1393 156 26 marchand
651 1393 34 26 de
698 1394 63 26 bois
776 1396 44 24 est
835 1394 43 26 for-

126 1430 109 26 tement
250 1429 180 34 soupçonné;
448 1428 20 27 il
483 1437 35 18 ne
539 1429 60 26 s'en
625 1428 105 27 défend
746 1429 38 27 du
813 1431 78 25 reste

129 1473 54 27 que
200 1463 177 27 mollement.

161 1504 41 26 Un
210 1504 80 32 'soir,
309 1505 14 25 à
334 1509 6 13 :
353 1504 176 26 l'estaminet
556 1504 34 26 de
614 1504 181 33 l'Amiteuse,
824 1505 20 25 il
875 1513 15 17 a

128 1539 110 27 déclaré
254 1541 63 24 tout
332 1538 70 27 haut
416 1548 6 15 :

206 1574 31 26 Je
250 1581 46 19 me
309 1573 86 27 retire
417 1574 50 26 des
481 1573 123 27 affaires.

204 1609 79 26 Vous
298 1617 35 17 ne
350 1607 74 27 ferez
437 1607 64 35 plus
519 1607 27 27 la
559 1609 110 34 fraude,
686 1618 15 18 a
713 1610 97 35 risqué
820 1610 52 26 l'of-

126 1644 79 27 ficier
220 1644 33 27 dé
273 1644 123 26 douane.

204 1680 28 26 Si
248 1680 28 33 je
291 1687 72 19 vous
379 1678 44 27 dis
441 1687 54 27 que
509 1678 28 34 je
553 1687 46 19 me
615 1680 96 33 retire,
731 1681 69 27 c'est
817 1689 73 26 pour

124 1714 80 27 vivre
220 1722 34 18 en
267 1714 116 26 rentier.

203 1749 123 27 J'aurais
343 1750 137 33 pourtant
494 1750 66 26 bien
574 1750 87 26 voulu
676 1759 71 18 vous
777 1750 109 34 pincer,

125 1794 35 18 ne
175 1787 52 33 put
243 1785 177 34 s'empêcher
431 1785 34 27 de
477 1793 165 19 murmurer
656 1786 35 26 M.
706 1786 135 27 Boudart.

158 1821 34 26 Et
194 1819 71 28 dont
280 1820 25 27 le
321 1821 104 26 monde
439 1820 34 27 de
487 1821 66 33 rire,
572 1830 46 18 car
644 1822 25 25 si
684 1822 25 25 le
724 1817 87 32 brave
826 1822 51 26 offi-

124 1856 58 26 cier
197 1856 70 27 était
282 1856 74 26 aimé
373 1856 34 26 de
430 1856 231 35 tous,'personne
687 1857 151 27 sûrement
853 1864 35 19 ne

123 1889 115 30 l'aurait
248 1891 64 27 aidé
325 1893 17 25 à
357 1891 176 35 surprendre
546 1900 39 18 un
600 1891 146 33 fraudeur,
763 1893 74 33 petit
852 1900 37 19 ou

124 1935 77 28 gros,
216 1928 27 26 et
255 1926 43 27 les
318 1926 91 37 petits
423 1928 67 26 sont
504 1926 94 35 légion
615 1929 15 25 à
647 1926 26 27 la
692 1926 146 34 frontière,
853 1929 37 25 où

126 1962 33 27 ils
170 1964 70 24 vont
254 1962 34 26 de
304 1962 113 27 maison
432 1970 34 18 en
482 1963 113 25 maison
609 1962 80 27 offrir
704 1963 90 31 tabac,
816 1963 70 32 café,

123 1997 174 33 allumettes,
313 1998 17 26 à
344 1997 51 27 des
407 1997 64 34 prix
487 1997 100 27 moitié
611 1997 94 27 moins
722 1998 96 26 élevés
833 2006 56 27 que

123 2040 71 19 ceux
207 2031 34 26 de
257 2031 26 26 la
296 2033 87 34 régie.

156 2070 61 26 Ala
233 2070 137 27 réflexion
389 2072 34 26 de
450 2070 139 33 l'officier,
618 2072 143 35 l'adjoint,
788 2082 34 18 en
857 2082 31 19 se

125 2107 118 27 frottant
255 2106 26 27 le
293 2115 51 18 nez
359 2107 66 26 d'un
441 2109 79 33 geste
536 2108 48 34 qui
605 2107 41 26 lui
661 2109 70 26 était
745 2109 139 32 habituel,

125 2143 56 34 prit
195 2151 39 18 un
252 2143 41 26 air
308 2143 33 26 de
358 2143 102 26 malice
476 2143 155 34 narquoise
644 2151 37 18 ou
704 2144 57 30 bon
777 2144 109 33 enfant,

124 2179 27 25 et
165 2178 107 26 certain
289 2177 111 27 sourire
416 2177 50 35 qui
488 2178 97 26 faisait
606 2186 120 27 enrager
754 2180 26 26 le
802 2179 70 27 doua-

124 2213 78 33 nier;
235 2213 109 26 était-il
367 2220 150 26 moqueur,
543 2213 120 33 sincère,
691 2213 94 34 triste,
817 2215 71 35 gai?

124 2248 170 37 Impossible
311 2248 33 27 de
360 2248 97 27 savoir
469 2250 15 25 à
500 2249 67 34 quoi
583 2249 59 26 s'en
659 2250 84 26 tenir.

204 2283 194 28 Ecoutez-moi
424 2283 77 32 bien,
520 2284 150 27 monsieur
697 2285 136 33 Boudart,
861 2288 28 24 et

124 2327 80 24 vous,
236 2327 61 19 mes
339 2319 84 33 amis,
457 2320 74 26 voici
572 2327 47 18 ma
654 2320 165 27 confession
855 2322 30 24 in

123 2356 137 25 extremis.

157 2391 57 34 Que
223 2394 64 33 j'aie
295 2402 35 18 ou
337 2404 58 18 non
403 2394 35 26 fai
446 2394 40 26 lia
494 2394 170 34 fraude,peu
671 2395 135 33 importo;
814 2394 73 26 mais

125 2428 195 32 unOffi.cte.rde
331 2430 110 27 douane
454 2428 332 26 doitdésirerconnaître
794 2431 93 25 toutes

126 2464 39 27 les
181 2465 84 25 riiscs
280 2464 164 34 employées
461 2472 33 17 en
511 2463 89 35 pareil
612 2472 46 19 cas
676 2472 52 26 par
754 2472 70 19 ceux
839 2465 48 33 qui

125 2507 30 19 se
171 2498 105 27 livrent
291 2500 15 25 à
322 2507 30 18 ce
487 2498 27 35 je
530 2507 73 19 veux
628 2498 41 28 lui
699 2507 33 19 en
759 2502 128 25 montrer

125 2544 54 18 une
195 2535 109 27 démon
320 2544 56 25 sac,
385 2537 37 32 et,
431 2544 111 19 comme
554 2536 97 27 disent
661 2535 41 28 les
722 2536 150 35 prestidigi-

125 2571 117 32 tateurs,
259 2580 57 18 une
331 2570 145 27 merveille
487 2570 163 34 d'habileté,
663 2570 137 30 l'illusion
813 2580 57 19 com-

125 2606 83 34 plète,
223 2608 27 25 et
269 2606 59 27 cela
357 2607 34 26 de
415 2607 80 33 façon
513 2608 157 34 apparente
689 2609 27 25 et
745 2608 103 26 visible
872 2609 15 24 à

124 2641 67 26 l'œil
203 2649 37 18 nu
252 2641 5 37 ;
274 2648 120 20 ce.sera
418 2642 146 32 peut-être
583 2641 27 26 la
630 2641 155 37 première,
813 2642 73 27 mais

123 2676 150 27 sûrement
283 2685 47 19 ma
345 2676 132 27 dernière
490 2676 107 27 fraude.

155 2713 93 33 Après
267 2720 41 25 ça,
324 2712 172 34 ajouta-t-il,
509 2713 30 33 je
561 2720 72 19 vous
663 2713 91 26 invite
780 2714 66 25 tous
872 2714 15 25 à

123 2746 84 27 dîner
221 2756 73 25 pour
306 2746 72 28 fêter
394 2754 46 19 ma
456 2747 116 27 retraite
586 2748 51 26 des
653 2747 123 27 affaires.

155 2781 40 27 On
213 2784 116 33 accepta
343 2783 275 34 naturellement,M.
637 2783 125 27 Boudart
774 2791 112 20 comme

124 2817 40 27 les
180 2819 97 25 aulres
287 2826 6 24 ;
306 2817 20 27 il
343 2818 94 26 s'était
449 2817 117 35 jusqu'à
585 2826 30 18 ce
627 2819 67 33 jour
706 2818 53 27 fait
774 2828 39 18 un
839 2828 47 19 cas

124 2854 34 26 de
174 2854 164 26 conscience
352 2854 34 26 de
399 2862 35 18 ne
449 2854 106 34 jamais
572 2855 136 26 s'asseoir
731 2857 15 24 à
770 2855 26 27 la
814 2856 72 26 table

123 2889 39 26 du
176 2889 156 26 înarchand
357 2889 34 26 de
415 2889 74 32 bois,
507 2890 15 25 à
552 2897 85 18 cause
663 2889 35 26 de
728 2898 47 18 ses
796 2898 71 26 soup-

124 2933 79 25 çons,
224 2933 34 18 en
283 2924 99 26 accord
397 2933 66 19 avec
477 2933 30 19 cc
524 2924 85 34 qu'on
624 2923 89 28 disait
733 2928 61 24 tout
817 2923 64 30 bas.

157 2960 65 26 Cela
243 2960 193 34 n'empêchait
456 2968 51 26 pas
526 2961 37 26 M.
580 2961 37 25 Le
632 2960 85 27 Hêtre
731 2961 89 26 d'être
835 2961 34 26 ad-

123 2994 77 35 joint
214 2996 27 25 et
257 2994 56 27 fort
334 2994 67 28 bien
426 3004 38 18 vu
488 2998 17 24 à
527 2994 135 37 Blégnies
691 2996 27 25 et
744 2995 71 27 dans
846 2996 41 26 les

124 3030 146 28 environs.

158 3065 47 26 S'il
222 3066 76 26 avait
311 3065 104 27 dérobé
430 3066 50 27 dix
509 3065 141 27 centimes
676 3067 15 24 à
719 3074 37 18 un
781 3067 104 33 voisin,

124 3100 73 27 c'eût
213 3103 43 26 été
272 3102 133 27 différent
417 3100 5 35 ;
439 3102 73 26 mais
528 3109 34 19 en
579 3103 148 33 trompant
741 3102 92 33 l'Etat,
852 3111 33 18 on

124 3138 113 32 trompe
254 3137 61 26 tout
331 3137 26 26 le
372 3137 115 33 monde,
506 3138 27 25 et
549 3137 61 26 tout
632 3137 25 26 le
683 3137 104 26 monde
819 3138 69 27 c'est

124 3180 161 27 personne;
301 3172 66 35 puis
380 3171 84 28 l'Etat
480 3174 44 25 est
535 3180 80 20 assez
631 3171 89 27 riche.

159 3207 79 27 Cette
265 3208 187 34 casuistique,
481 3209 136 26 courante
645 3215 51 19 sur
722 3209 94 26 toutes
844 3208 41 27 les

125 3241 164 33 frontières,
305 3250 32 19 se
350 3242 130 27 doublait
495 3243 35 26 ici
547 3242 38 27 du
599 3242 86 27 doute
702 3252 54 26 que
772 3242 25 27 le
810 3252 58 18 mar-

128 3278 91 27 chand
234 3279 34 26 de
283 3279 64 27 bois
359 3278 76 28 a'vait
451 3287 35 18 eu
501 3278 145 28 l'habileté
661 3279 34 27 de
709 3279 104 27 laisser
822 3279 52 27 flot-

128 3314 44 26 ter
181 3321 51 19 sur
246 3321 47 19 ses
309 3314 178 33 opérations.

1446 146 12 4 J-
1465 146 11 5 i

972 167 24 25 A
1010 165 92 34 partir
1117 167 34 26 de
1167 174 31 19 ce
1217 167 112 34 jour-là
1344 167 107 34 chaque
1470 167 69 33 soir,
1566 168 17 25 à
1605 167 86 27 l'Ami-

939 202 90 28 teuso,
1048 209 30 18 se
1094 202 91 26 tenait
1199 210 31 18 ce
1250 202 129 34 colloque
1396 211 6 17 :

970 236 89 26 —Eh
1072 236 67 27 bien
1155 236 4 35 !
1178 237 150 26 monsieur
1341 237 37 26 Le
1393 237 93 34 Hêtre,
1515 239 86 26 est-ce
1624 237 66 27 bieu-

938 272 41 26 tôt
992 280 56 26 que
1063 280 70 19 vous
1150 281 71 18 vous
1237 273 104 27 retirez
1356 273 12 26 ?

1020 306 124 35 Bientôt,
1162 317 67 19 mon
1244 308 170 27 lieutenant.

1017 343 86 27 Votre
1115 343 116 28 dernier
1250 352 71 27 coup
1336 344 13 27 ?

1017 377 37 34 Ça
1065 379 111 33 mijote,
1192 387 32 25 ça
1239 380 112 33 mijote,
1369 389 70 19 vous
1457 389 34 19 ne
1508 381 118 34 perdrez
1641 381 63 27 rien

937 422 72 26 pour
1020 413 139 35 attendre,
1178 415 27 34 je
1221 415 124 27 tiendrai
1358 424 47 18 ma
1419 424 150 27 promesse
1579 413 5 38 ;
1596 418 76 26 mais
1684 417 20 27 il

937 450 60 27 faut
1009 449 38 28 du
1063 451 92 34 temps
1172 459 72 26 pour
1258 451 149 28 combiner
1423 461 52 19 son
1491 452 109 33 affaire,
1672 461 31 25 ça

937 494 33 18 ne
983 483 119 30 .tardera
1117 485 64 37 plus
1202 485 176 38 longtemps.

970 521 109 35 Depuis
1095 522 74 27 deux
1189 522 74 27 mois
1281 522 40 28 les
1335 524 109 26 mêmes
1454 523 204 35 plaisanteries
1672 531 31 19 se

935 557 219 26 renouvelaient
1168 559 65 26 tous
1247 557 41 27 les
1305 559 85 26 soirs.

970 592 35 26 Le
1016 592 170 34 lieutenant,
1204 593 71 27 dans
1286 593 41 28 les
1348 594 141 35 premiers
1513 594 93 34 jours,
1624 594 78 27 avait

935 635 34 19 eu
985 626 67 27 l'œil
1067 637 35 19 au
1122 631 77 33 guet,
1217 630 94 26 donné
1328 631 14 25 à
1358 638 46 18 ses
1420 630 133 26 hommes
1570 630 52 26 dés
1638 630 46 26 ins-

934 663 142 27 tructions
1114 664 206 34 minutieuses,
1344 665 61 34 pris
1434 665 50 26 des
1517 665 185 34 précautions

935 698 148 35 multiples
1100 707 72 26 pour
1186 707 35 19 ne
1237 700 61 26 rien
1323 699 103 27 laisser
1450 707 102 27 passer
1572 700 34 26 de
1636 709 51 18 sus-

934 735 64 33 pect
1013 735 15 25 à
1050 733 26 26 la
1093 733 146 27 frontière.

970 769 188 33 Maintenant,
1175 771 19 25 il
1224 771 191 32 commençait
1440 772 15 25 à
1479 771 91 26 croire
1598 772 15 25 à
1642 780 57 18 une

934 803 202 34 plaisanterie;
1152 806 59 26 cela
1226 814 31 18 se
1274 806 181 27 terminerait
1470 814 66 18 sans
1554 806 86 27 doute
1654 815 50 26 par

933 847 56 19 une
1005 839 34 27 de
1054 848 46 18 ces
1113 849 117 26 grosses
1245 841 91 26 farces
1363 842 48 34 qui
1443 841 178 34 réjouissent
1642 843 61 25 tant

934 883 51 18 nos
1003 874 184 35 populations
1204 875 38 27 du
1254 876 86 26 Nord.

969 909 167 34 Cependant
1159 911 26 26 la
1205 911 122 28 ducasse
1343 909 67 37 (fête
1427 911 38 26 du
1488 911 81 37 pays)
1600 920 84 27 appro-

934 945 85 31 chait,
1035 947 27 25 et
1077 946 25 26 le
1116 946 67 35 long
1199 946 34 27 de
1253 946 27 26 la
1303 946 163 35 grand'rue,
1482 956 51 18 sur
1557 947 26 26 la
1610 946 90 35 place,

935 980 170 27 marchands
1122 981 107 26 forains
1254 984 28 24 et
1302 981 230 34 saltimbanques
1556 987 125 20 commen-

933 1016 94 33 çaient
1039 1018 14 24 à
1068 1016 111 35 planter
1191 1016 77 27 leurs
1290 1018 106 25 tentes.

967 1051 21 26 Il
1004 1059 35 18 ne
1055 1051 61 27 faut
1128 1052 208 27 certainement
1349 1059 51 26 pas
1420 1059 162 26 .comparer
1596 1051 41 28 les
1656 1052 28 26 fê-

933 1088 44 25 tes
989 1085 124 28 foraines
1129 1087 50 27 des
1193 1087 105 35 petites
1313 1087 83 26 villes
1417 1087 34 26 de
1479 1087 136 34 province
1645 1096 54 18 aux

933 1121 171 35 splendeurs
1119 1122 33 27 de
1168 1122 26 26 la
1222 1123 69 26 foire
1320 1131 35 17 au
1378 1122 67 35 pain
1468 1122 109 35 d'épice
1603 1131 38 18 ou
1667 1123 33 26 de

934 1157 129 26 l'avenue
1081 1157 33 26 cle
1139 1157 123 35 Neuilly.

969 1201 74 26 Dans
1061 1201 124 27 certains
1200 1201 132 34 villages,
1350 1201 109 26 forains
1481 1204 28 25 et
1531 1202 156 27 saltimban-

934 1244 70 27 ques
1020 1238 66 24 sont
1104 1237 183 34 représentés
1313 1245 52 25 par
1394 1245 38 17 un
1450 1235 107 35 unique
1581 1238 120 34 manège

934 1273 34 25 de
979 1271 128 27 chevaux
1121 1272 34 26 de
1170 1272 64 26 bois
1259 1271 132 33 démodé,
1415 1271 103 27 éclairé
1540 1281 51 25 par
1617 1273 66 34 quel-

934 1315 70 26 ques
1017 1306 156 34 quinquets
1189 1307 119 26 fumeux
1324 1307 167 33 suspendus
1507 1315 69 19 sous
1586 1307 41 26 les
1639 1309 47 25 ten-

937 1344 77 24 tures
1041 1342 143 26 déteintes
1214 1342 69 27 d'un
1309 1341 115 27 velours
1459 1343 61 33 usé,
1547 1344 32 31 çà
1609 1345 28 25 et
1663 1343 37 33 là,

934 1377 137 27 rehaussé
1087 1377 33 27 de
1137 1377 144 34 paillettes
1296 1378 28 25 et
1339 1376 180 35 d'appliques
1541 1378 34 26 de
1602 1378 102 34 papier

934 1411 86 33 doré;
1037 1414 17 24 à
1065 1411 172 37 Blégnies,la
1258 1411 56 27 fête
1328 1411 70 27 était
1413 1413 124 34 superbe
1553 1414 73 26 cette
1651 1422 34 17 an-

934 1446 105 34 née-là,
1056 1447 28 30 la
1096 1449 64 33 plus
1180 1447 73 27 belle
1266 1448 102 34 depuis
1391 1448 93 26 trente
1514 1456 61 25 ans,
1609 1448 78 27 décla-

934 1482 93 27 raient
1043 1481 41 28 les
1100 1483 130 26 anciens.

969 1518 52 26 Les
1037 1518 70 26 fêtes
1123 1518 113 32 locales,
1254 1518 34 26 de
1306 1518 93 26 même
1423 1517 119 35 qu'elles
1559 1518 144 37 changent

934 1553 34 26 de
984 1560 67 18 nom
1065 1561 66 19 avec
1147 1553 41 27 les
1213 1554 128 33 régions.,
1357 1554 146 33 prennent
1524 1554 79 26 aussi
1620 1554 66 33 quel-

934 1596 54 27 que
1000 1587 85 26 chose
1097 1587 50 27 dos
1159 1596 111 19 mœurs
1287 1587 37 27 du
1341 1596 80 27 pays.

970 1622 53 27 Sur
1037 1623 27 26 la
1078 1623 78 35 place
1180 1624 149 34 publique,
1361 1624 69 25 c'est
1455 1623 67 26 bien
1552 1623 27 27 la
1607 1625 94 25 même

935 1658 74 26 foule
1023 1661 156 32 compacte,
1206 1658 217 33 endimanchée,
1452 1658 40 27 les
1524 1659 110 26 mêmes
1659 1661 28 25 at-

935 1693 136 27 tractions
1088 1694 33 26 de
1137 1694 144 26 bateleurs
1298 1696 28 24 et
1339 1693 33 27 de
1400 1694 156 34 boutiques
1577 1694 71 26 dans
1676 1693 25 27 le

934 1728 77 27 Nord
1026 1737 54 26 que
1096 1729 71 26 dans
1185 1729 24 26 le
1224 1729 70 26 Midi
1309 1737 6 22 ;
1338 1728 74 27 mais
1441 1728 26 26 la
1495 1729 206 34 physionomie

934 1763 110 26 semble
1056 1772 31 18 se
1101 1763 133 26 modifier
1250 1772 66 18 avec
1328 1763 119 26 l'accent
1459 1772 6 24 ;
1485 1763 39 26 les
1547 1763 152 35 baraques,

934 1800 123 25 souvent
1076 1798 187 28 lamentables
1276 1807 69 18 sous
1361 1799 26 26 le
1402 1798 53 27 ciel
1472 1799 71 33 gris,
1560 1807 30 18 se
1605 1800 80 25 trans-

934 1834 125 26 forment
1071 1843 54 18 aux
1141 1843 103 26 rayons
1257 1834 39 27 du
1310 1833 83 28 soleil
1406 1834 48 34 qui
1472 1834 61 26 font
1561 1834 132 27 étinceler

933 1870 43 26 les
992 1869 136 34 oripeaux
1144 1870 50 26 des
1211 1871 112 25 acteurs
1339 1871 27 24 et
1376 1870 50 25 des
1440 1871 142 25 tentures.

971 1904 38 26 Ce
1022 1905 73 26 n'est
1107 1913 51 26 pas
1169 1913 54 26 que
1237 1905 40 26 les
1292 1904 162 33 Flamands,
1472 1905 59 26 très
1544 1904 111 27 friands
1667 1905 34 27 do

933 1939 213 33 réjouissances
1159 1939 165 34 publiques,
1342 1948 35 19 ne
1402 1939 96 27 soient
1517 1939 183 27 d'excellents

933 1975 102 26 clients
1048 1983 72 25 pour
1133 1975 78 26 leurs
1226 1975 83 26 hôtes
1325 1974 35 27 de
1376 1983 136 27 passage;
1534 1977 28 24 et
1590 1975 26 26 le
1645 1976 43 25 cir-

933 2011 196 33 que,annoncé
1148 2019 51 26 par
1214 2010 35 27 de
1265 2010 194 34 magnifiques
1475 2010 116 27 affiches
1604 2010 81 26 multi-

933 2044 109 27 colores
1058 2047 28 24 et
1101 2044 113 27 installé
1240 2054 51 18 sur
1316 2046 27 25 la
1368 2044 91 34 place,
1485 2054 34 17 ne
1546 2043 156 37 désemplit

933 2088 51 28 pas
998 2079 34 26 de
1046 2078 27 28 la
1087 2080 130 34 journée.

969 2115 58 27 Une
1041 2117 106 33 grande
1162 2117 126 33 baraque
1306 2115 87 27 tenait
1421 2117 64 25 tout
1511 2122 39 19 un
1579 2117 61 26 côté
1667 2115 34 27 de

932 2150 27 26 la
973 2158 60 18 rue.

969 2196 14 14 «
998 2185 191 27 Funambules
1206 2197 25 15 ».
1247 2185 145 32 Qu'est-ce
1499 2185 59 27 cela
1583 2185 118 34 pouvait

932 2223 59 25 être
1005 2219 13 26 ?
1039 2219 40 27 On
1109 2222 105 27 n'avait
1233 2220 105 35 jamais
1355 2222 128 27 entendu
1498 2230 28 18 ce
1543 2220 111 27 mot-là.

967 2257 52 25 Les
1041 2257 184 26 merveilleux,
1241 2257 132 26 tableaux
1389 2257 97 35 peints
1504 2264 50 19 sur
1569 2257 26 26 la
1619 2256 79 32 toile,

932 2293 65 25 tout
1011 2289 25 26 le
1050 2290 66 35 long
1139 2291 33 26 de
1186 2291 26 26 la
1323 2293 177 26 montraient
1517 2301 38 17 un
1565 2290 135 37 jongleur

933 2328 15 25 à
963 2326 105 33 cheval,
1087 2335 38 17 un
1141 2327 94 27 clown
1246 2327 120 33 bariolé,
1381 2336 39 18 un
1444 2327 255 34 prestidigitateur

932 2361 116 32 lançant
1078 2361 66 26 d'un
1182 2361 126 34 chapeau
1342 2362 156 34 bouquets,
1539 2361 157 34 drapeaux,

932 2395 188 35 Champagne,
1137 2396 65 33 puis
1218 2405 56 17 une
1289 2396 104 28 chèvre
1406 2398 107 25 debout
1540 2396 105 25 devant
1659 2405 38 17 un

935 2431 144 34 alphabet.

969 2465 195 32 Décidément,
1182 2465 142 34 qu'est-ce
1354 2472 54 26 que
1439 2472 45 18 ces
1517 2463 183 27 funambules

932 2500 136 28 devaient
1083 2499 71 28 faire
1169 2499 154 28 là-dedans
1341 2498 12 27 ?

965 2538 145 26 Personne
1127 2545 51 18 sur
1189 2537 26 26 la
1231 2537 78 35 place
1325 2536 129 27 n'aurait
1470 2544 39 26 pu
1522 2535 143 35 répondre
1685 2537 15 26 à

931 2575 72 26 cette
1017 2572 146 37 question,
1176 2575 27 24 et
1215 2571 24 27 le
1260 2572 99 26 succès
1378 2571 50 27 des
1457 2570 184 27 funambules
1654 2570 32 27 de-

931 2609 58 26 vait
1005 2609 163 26 s'accroître
1181 2608 34 26 de
1231 2609 73 25 cette
1328 2609 110 25 attente
1454 2608 33 25 de
1504 2607 157 26 l'inconnu.

966 2643 72 26 Mais
1054 2643 70 26 c'est
1139 2643 115 25 surtout
1270 2642 71 26 dans
1357 2639 161 30 l'intérieur
1534 2641 48 26 des
1602 2641 80 26 famil-

931 2680 40 26 les
987 2687 53 26 que
1057 2678 41 27 les
1115 2676 169 27 différences
1304 2679 81 25 entre
1398 2676 25 27 le
1440 2678 77 26 Nord
1533 2679 27 25 et
1577 2675 25 27 le
1630 2676 70 26 Midi

931 2717 66 25 sont
1012 2713 65 34 plus
1094 2713 273 34 caractéristiques..

966 2750 47 32 Ici,
1028 2748 25 26 le
1069 2748 59 26 flux
1144 2746 50 26 des
1206 2754 200 31 promeneurs,
1424 2756 34 18 au
1474 2746 58 27 lieu
1548 2747 34 26 de
1597 2754 31 19 se
1648 2746 35 26 dé-

931 2785 97 26 rouler
1042 2792 35 19 en
1094 2783 136 34 joyeuses
1243 2781 161 28 farandoles
1423 2791 63 18 sera
1513 2791 112 18 comme
1651 2781 33 27 ab-

931 2820 84 27 sorbé
1025 2826 56 19 une
1091 2817 92 37 partie
1200 2817 33 27 de
1250 2817 191 34 l'après-midi
1452 2825 51 26 par
1512 2817 41 27 les
1569 2817 130 27 maisons

931 2856 37 27 du
981 2857 102 32 bourg.

964 2890 38 26 La
1019 2889 123 27 ducasse
1159 2888 45 26 est
1217 2895 53 18 une
1287 2887 129 26 occasion
1434 2887 35 27 de
1494 2888 128 26 recevoir
1648 2896 33 26 pa-

931 2928 79 26 rents
1026 2927 27 25 et
1076 2922 76 28 amis
1168 2922 148 34 éloignés;
1331 2922 180 26 l'habitation
1530 2922 171 37 longtemps'

931 2963 15 24 à
956 2961 124 26 l'avance
1094 2960 45 25 est
1152 2957 135 34 nettoyée
1302 2956 33 26 de
1361 2957 26 26 la
1411 2966 66 18 cave
1506 2967 35 18 au
1570 2959 128 35 grenier,

931 2996 139 35 repeinte,
1087 2992 144 32 blanchie,
1244 2994 84 32 parée
1339 2992 5 40 ;
1359 2992 40 28 les
1413 2993 91 27 tablés
1522 2994 172 34 s'allongent

930 3033 100 27 autant
1041 3039 57 27 que
1107 3028 44 27 lés
1167 3035 83 26 repas
1260 3027 5 39 ;
1289 3027 69 27 c'est
1372 3037 63 19 vers
1457 3031 100 33 quatre
1574 3038 37 18 ou
1631 3028 66 34 cinq

931 3069 103 26 heures
1049 3065 163 27 seulement
1227 3071 54 27 que
1294 3063 27 26 la
1335 3064 74 27 foule
1422 3066 133 25 retourne
1570 3072 31 19 se
1630 3072 50 26 pro-

931 3111 100 19 mener
1046 3104 15 24 à
1074 3100 26 26 la
1113 3099 66 26 fête.

965 3138 71 26 Mais
1051 3137 28 26 la
1095 3136 124 26 Ducasse
1235 3133 159 28 elle-même
1410 3144 34 18 ne
1459 3137 70 33 peut
1547 3132 154 38 empêcher

931 3183 38 18 un
985 3170 133 30 habitant
1131 3170 38 26 du
1185 3170 77 26 Nord
1276 3170 33 26 de
1325 3170 70 27 faire
1411 3170 164 27 estaminet.

963 3209 72 26 Vers
1049 3208 46 26 six
1111 3206 113 30 heures,
1244 3204 25 26 la
1283 3204 70 27 salle
1374 3206 33 27 de
1435 3201 171 33 l'Àmiteuse
1630 3204 71 26 était

931 3244 110 26 comble
1051 3242 45 32 ;la
1113 3241 94 26 fumée
1221 3240 110 27 intense
1345 3241 48 27 des
1424 3241 83 35 pipes
1535 3240 164 35 empêchait

931 3280 34 27 do
983 3280 40 33 s'y
1044 3278 63 27 voir
1121 3278 14 24 à
1152 3274 77 28 deux
1240 3283 61 26 pas.

964 3315 53 26 Les
1029 3312 136 27 habitués
1180 3311 132 27 s'étaient
1326 3312 125 35 réfugiés
1478 3313 71 26 dans
1572 3312 26 26 la
1620 3319 78 26 cour,

1752 169 35 26 où
1805 177 30 19 se
1850 169 164 27 dressaient
2024 169 146 35 plusieurs
2187 170 90 28 tables
2291 170 111 35 pleines
2420 172 33 26 de
2467 172 35 27 bu-

1753 211 93 26 veurs,
1864 204 73 27 mais
1950 204 28 27 la
1994 204 61 27 leur
2069 206 70 28 était
2157 206 89 28 isolée
2264 206 51 27 des
2336 208 113 33 autres;
2483 217 37 18 un

1749 241 133 34 étranger
1898 248 34 19 ne
1957 241 41 35 s'y
2019 242 89 27 serait
2124 250 50 26 pas
2191 242 122 27 hasardé
2327 250 6 25 ;
2352 242 35 27 ils
2405 243 109 27 étaient

1748 275 26 26 là
1791 275 66 27 chez
1872 285 65 25 eux,
1951 285 37 18 on
2004 276 25 26 le
2043 278 102 33 savait,
2159 280 27 25 et
2215 286 144 27 personne
2389 279 123 27 n'aurait

1748 312 45 25 été
1806 319 80 19 assez
1900 312 154 28 téméraire
2067 322 73 26 pour
2161 322 31 19 se
2213 314 124 34 risquer,
2367 315 94 26 même
2486 324 31 19 ce

1748 346 115 37 jour-là,
1878 348 14 26 à
1903 347 142 34 empiéter
2057 357 37 18 un
2108 358 57 27 peu
2178 358 50 19 sur
2241 350 26 26 le
2281 348 133 28 domaine
2428 350 33 27 de
2472 360 45 19 ces

1748 384 174 30 messieurs.

1781 419 37 27 Ils
1832 420 107 27 étaient
1955 420 56 27 fort
2035 420 123 34 animés,
2177 422 40 27 les
2241 420 144 34 habitués,
2415 430 30 19 ce
2469 423 48 34 qui

1748 455 44 27 n'a
1806 456 64 27 rien
1886 456 34 27 de
1937 459 184 32 surprenant,
2146 458 25 26 si
2191 458 57 26 l'on
2272 465 90 26 songe
2376 465 54 26 que
2445 465 54 27 pen-

1747 491 69 26 dant
1828 493 102 34 quatre
1948 491 105 27 heures
2066 493 40 26 les
2124 493 159 27 mâchoires
2302 494 50 25 ont
2375 493 38 26 dû
2444 501 56 18 mar-

1746 526 67 27 cher
1827 527 98 32 ferme,
1941 535 67 19 sans
2026 528 112 27 oublier
2152 528 41 27 les
2224 528 190 27 nombreuses
2441 528 57 27 bou-

1746 561 93 28 teilles
1865 562 34 27 de
1924 563 145 26 bordeaux
2092 565 27 25 et
2148 563 34 26 de
2209 563 178 34 bourgogne,
2413 563 104 26 étalées

1746 596 72 27 dans
1832 596 107 37 chaque
1961 599 113 26 maison
2099 607 33 18 en
2160 599 45 26 file
2233 598 151 27 tellement
2413 598 104 35 longue

1748 633 85 34 qu'on
1859 641 32 19 se
1913 633 143 28 demande
2086 635 155 31 comment,
2270 633 109 34 malgré
2405 633 26 26 la
2453 634 48 26 lon-

1746 676 91 27 gueur
1850 667 38 26 du
1902 677 92 26 repas,
2013 669 67 27 elles
2095 671 50 25 ont
2161 671 43 25 été
2218 670 97 26 toutes
2323 667 109 27 vidées.

1832 703 72 27 Vive
1922 704 35 26 M.
1974 705 35 25 Le
2023 704 85 27 Hêtre
2126 705 6 26 !
2151 705 70 25 Vive
2236 704 35 26 M.
2290 704 35 26 Le
2340 704 85 26 Hêtre
2439 703 6 26 !

1832 738 78 27 C'est
1924 738 66 27 bien
2008 748 138 25 convenu,
2163 748 61 18 mes
2251 739 85 32 amis,
2365 738 152 27 dimanche

1746 774 146 34 prochain,
1909 783 73 26 pour
2006 774 26 27 le
2044 783 123 21 raccroc,
2184 783 71 18 vous
2271 774 83 26 dînez
2370 775 63 25 tous
2451 774 66 26 chez

1747 809 59 26 moi
1820 809 37 34 (le
1872 817 112 19 raccroc
2009 811 45 26 est
2080 810 25 26 le
2133 810 107 27 second
2263 809 152 27 dimanche
2432 809 33 27 de
2491 810 26 25 la

1747 843 143 34 ducasse).
2418 843 2 34 -
2441 843 4 34 ,

1826 879 111 32 Allons,
1965 888 67 18 mon
2057 880 170 33 lieutenant,
2258 880 165 34 poursuivit
2447 879 56 27 l'ad-

1744 914 77 34 joint
1837 922 34 19 en
1896 915 41 26 lui
1956 915 98 34 tapant
2080 915 203 26 amicalement
2310 922 51 19 sur
2382 914 131 34 l'épaule,

1747 958 34 18 ne
1800 957 104 27 prenez
1920 950 73 27 donc
2004 959 50 26 pas
2073 953 72 25 cette
2165 951 91 34 figure
2272 950 237 28 d'enterrement.

1780 985 41 26 En
1838 985 129 27 arrivant
1982 987 14 24 à
2026 985 171 28 l'Amiteuse
2224 984 138 35 quelques
2387 985 126 27 instants

1748 1022 188 34 auparavant,
1955 1020 35 26 M.
2004 1020 135 27 Boudard
2152 1020 87 32 avait,
2263 1019 117 27 suivant
2393 1028 52 18 son
2464 1020 34 26 ha-

1749 1056 111 31 bitude,
1878 1056 141 26 demandé
2033 1065 35 17 au
2093 1056 157 26 marchand
2268 1055 34 26 de
2315 1055 64 26 bois
2393 1055 5 32 :

1828 1085 41 31 Eh
1885 1091 66 26 bien
1969 1085 5 41 !
1996 1093 93 25 est-ce
2106 1100 72 27 pour
2193 1090 138 27 bientôt?

1830 1126 73 27 Mais
1919 1134 32 25 ça
1965 1135 15 25 y
1998 1128 53 25 est.

1828 1161 136 27 Commen
1974 1163 8 25 t
1995 1161 5 27 !

1780 1212 33 4 -
1826 1195 35 27 Ce
1872 1196 103 32 matin,
1993 1205 70 18 vous
2080 1196 96 26 n'avez
2191 1195 61 28 rien
2269 1204 37 19 vu
2316 1194 13 26 ?

1828 1232 37 26 Ce
1881 1232 91 26 matin
1984 1231 28 34 ?,

1828 1266 63 34 Oui,
1910 1274 30 19 ce
1957 1267 102 33 matin,
2087 1267 27 34 je
2130 1274 72 19 vous
2230 1266 46 26 l'ai
2296 1267 138 33 pourtant
2460 1266 52 27 fait

1747 1310 100 27 passer
1864 1310 67 19 sous
1949 1302 25 27 le
1987 1311 51 18 nez
2050 1303 13 25 ?

1780 1338 78 26 Mine
1880 1337 102 27 moitié
1996 1335 2 38 .
2015 1337 130 35 confuse,
2171 1336 103 28 moitié
2309 1335 148 28 incrédule
2478 1338 33 26 de

1746 1372 128 26 l'officier
1889 1372 35 26 de
1939 1372 122 27 douane.

1833 1408 72 27 Mais
1937 1409 57 32 oui,
2015 1417 69 18 mon
2113 1408 66 27 cher
2200 1406 161 32 monsieur,
2378 1407 138 27 continua

1746 1440 142 37 l'adjoint,
1905 1452 31 18 ce
1948 1443 91 26 matin
2055 1443 25 26 le
2099 1444 65 25 tour
2178 1452 17 18 a
2206 1443 44 26 été
2265 1442 67 34 joué
2348 1440 5 37 ;
2368 1450 71 18 vous
2453 1443 46 25 n'a-

1744 1487 48 18 vez
1806 1478 72 27 donc
1893 1486 51 27 pas
1964 1480 155 33 remarqué
2132 1479 25 26 le
2172 1478 84 26 chien
2270 1478 81 25 crevé
2382 1485 56 27 que
2464 1476 50 27 des

1746 1514 113 34 gamins
1873 1513 247 28 traînaient-dans
2145 1513 27 27 la
2187 1512 112 27 Grand'
2300 1512 57 27 Rue
2373 1520 33 19 en
2430 1521 69 26 pous-

1746 1552 65 22 sant
1826 1548 50 27 des
1891 1548 54 26 cris
1957 1550 145 34 perçants,
2118 1548 97 26 tandis
2243 1554 54 27 que
2321 1547 27 25 la
2372 1548 142 26 casserole

1746 1584 128 27 attachée
1889 1586 15 24 à
1915 1584 27 27 la
1955 1593 92 26 queue
2063 1584 34 27 de
2113 1584 26 26 la
2154 1591 109 28 pauvre
2278 1581 64 26 bête
2360 1581 136 28 rebondis-

1746 1618 54 27 sait
1813 1626 51 19 sur
1877 1619 27 26 la
1916 1620 91 30 route,
2026 1620 15 25 à
2054 1619 26 26 la
2093 1619 109 35 grande
2212 1618 59 34 joie
2284 1617 50 26 des
2350 1619 162 26 moutards.

1747 1655 100 26 C'était
1864 1663 54 18 une
1931 1663 74 26 peau
2021 1655 34 26 de
2070 1654 81 26 chien
2177 1652 122 34 remplie
2327 1651 34 27 de
2391 1652 123 26 malines

1746 1698 54 26 que
1818 1690 156 26 traînaient
1989 1698 46 18 ces
2059 1689 126 31 enfants;
2216 1690 27 25 et
2269 1687 27 34 je
2324 1695 71 18 vous
2413 1695 100 19 assure

1748 1734 53 26 que
1817 1724 181 26 maintenant
2013 1724 41 26 les
2070 1724 141 26 dentelles
2229 1724 66 26 sont
2310 1722 70 26 loin.

1779 1760 139 27 L'officier
1932 1760 34 26 de
1982 1760 111 26 douane
2109 1760 71 27 était
2197 1759 77 26 resté
2290 1765 136 27 songeur;
2446 1757 67 35 puis

1744 1795 123 27 soudain
1886 1795 5 27 :

1826 1831 98 26 Est-ce
1938 1831 67 26 bien
2016 1830 61 26 vrai
2093 1831 71 35 qu'il
2178 1839 18 26 y
2211 1828 77 26 avait
2302 1827 51 27 des
2374 1828 139 26 dentelles

1744 1866 71 26 dans
1828 1867 79 25 votre
1923 1874 72 26 peau
2013 1866 34 26 do
2062 1866 81 26 chien
2157 1865 13 27 ?

1828 1900 28 26 Si
1870 1909 71 19 vous
1952 1902 46 34 n'y
2009 1909 98 27 croyez
2121 1909 63 26 pas,
2199 1899 103 33 allez-y
2315 1898 63 27 voir
2391 1898 5 38 !

1779 1936 34 26 Et
1839 1935 25 27 le
1885 1936 156 27 marchand
2066 1937 34 26 de
2125 1936 74 32 bois,
2228 1943 33 18 en
2282 1941 32 19 se
2344 1933 120 27 frottant
2490 1933 25 27 le

1744 1976 61 27 rtez,
1819 1971 59 33 prit
1892 1972 45 25 cet
1956 1972 41 25 air
2013 1972 50 33 qui
2079 1971 117 27 mettait
2211 1969 132 34 toujours
2361 1971 13 24 à
2391 1969 122 27 l'envers

1744 2015 30 18 ce
1787 2007 85 26 brave
1884 2006 111 27 officier
2008 2007 33 26 de
2059 2007 122 26 douane.

2117 2050 119 26 Camille
2252 2048 190 27 GRAMACCINI.

1774 2343 243 44 DOUBLE
2060 2331 432 57 M.ËTA-GRAMME

1772 2438 79 24 Qu'est
1863 2438 60 20 donc
1935 2443 54 15 mon
2002 2438 117 25 premier?
2131 2439 107 19 Lecteur,
2252 2438 57 20 c'est
2315 2438 24 20 la
2349 2438 72 20 tresse

1772 2464 46 20 Des
1835 2464 104 20 cheveux
1955 2461 96 21 bouclés
2062 2463 26 20 de
2101 2464 65 18 votre
2179 2463 131 19 maitresse.

1808 2490 58 21 Sans
1880 2489 97 24 crainte,
1996 2487 122 25 autrefois,
2132 2492 57 17 vous
2200 2487 99 27 pouviez
2313 2486 91 21 donner

1770 2517 31 22 Ce
1813 2517 48 21 seul
1876 2523 56 15 nom
1944 2517 14 20 à
1968 2516 60 22 l'eau
2042 2516 27 21 de
2082 2516 59 21 fleur
2153 2515 132 27 d'oranger.
2308 2515 4 27 •

1808 2545 28 20 Je
1847 2544 26 21 lis
1886 2550 33 14 un
1931 2549 67 21 repas
2010 2543 27 21 de
2052 2544 59 20 mets
2119 2543 144 21 délectables

1769 2572 31 19 Et
1809 2571 24 26 je
1853 2571 37 24 yis
1900 2576 56 15 mon
1965 2570 56 21 trois
2036 2570 142 21 recouvrant
2192 2570 33 20 les
2239 2569 84 20 tables.

1805 2598 61 20 Avec
1879 2597 20 21 le
1915 2597 102 24 suivant,
2029 2596 40 26 j'ai
2082 2596 47 26 pris
2147 2596 169 26 des.poissons,

1769 2624 46 21 Des
1827 2629 60 22 gros,
1905 2623 40 21 des
1958 2623 70 26 petits
2040 2622 5 30 :
2062 2627 81 21 carpes
2157 2622 22 19 et
2193 2622 107 25 goujons.

1806 2652 78 22 Quant
1894 2649 15 21 à
1923 2655 54 15 mon
1989 2648 102 24 dernier,
2106 2653 26 14 ce
2143 2647 59 20 n'est
2215 2652 41 21 pas
2267 2652 33 15 un
2314 2647 74 22 conte,

1769 2679 34 20 On
1820 2679 20 20 le
1851 2678 43 20 fait
1906 2674 119 30 pourtant,
2044 2674 96 26 lorsque
2153 2674 46 19 l'on
2211 2674 103 19 raconte.

2215 2713 71 20 Louis
2303 2713 115 20 SATABIN.

1967 2797 65 22 AVIS
2048 2797 56 21 AUX
2122 2797 165 21 OEVINEUR3

1770 2843 44 21 Les
1835 2841 116 22 solutions
1985 2838 96 21 doivent
2117 2838 46 22 être
2197 2843 132 24 parvenues
2352 2837 21 22 le
2401 2836 112 21 MARDI

1744 2875 35 15 au
1804 2868 65 26 plus
1892 2867 64 20 tard
1978 2870 31 17 au
2026 2864 123 21 rédacteur
2171 2870 27 17 en
2222 2865 53 21 chef
2297 2865 31 20 du
2350 2863 163 27 Supplément

1744 2891 105 24 illustré
1861 2894 35 20 du
1907 2891 69 21 Petit
1987 2891 122 21 Journal.

1917 2962 143 25 Solution
2092 2962 44 24 du
2166 2962 60 24 Mot
2246 2959 102 26 carré

2067 3007 48 30 (n°
2135 3005 77 31 497)

1977 3223 193 28 SOLUTIONS
2189 3223 128 25 JUSTES

1892 3273 37 27 du
1950 3273 56 26 Mot
2027 3279 32 18 en
2082 3272 118 32 triangle
2226 3270 45 34 (n°
2296 3267 78 35 496)

1774 3319 44 20 Les
1831 3318 105 21 collabos
1946 3317 27 20 de
1988 3314 97 21 l'Union
2096 3314 124 21 Bordeaux
2280 3312 113 24 Warrior,
2417 3308 13 22 à
2456 3309 61 20 Don-

2564 177 56 20 ville
2669 178 87 26 Joseph
2769 180 90 21 Vasson
2876 180 149 21 LXXXVIII
3077 180 30 21 G.
3120 181 73 21 Pozzo
3210 181 21 21 di
3256 183 78 26 Borgo

2602 204 64 20 Elise
2681 204 27 19 A.
2728 206 119 21 Courville
2897 208 28 20 P.
2943 207 58 21 Ifain
3018 208 22 20 et
3054 207 28 20 K.
3098 207 69 21 Nibal
3236 209 48 21 Alf.
3309 211 25 19 et

2564 230 90 21 Jeanne
2666 230 103 22 Bianzer
2817 233 48 21 Une
2877 234 151 26 excentrique
3040 233 27 22 de
3083 234 113 21 Boufarik
3239 236 25 20 E.
3273 236 61 21 Lion

2564 257 22 20 et
2601 256 91 21 Jeanne
2706 256 28 21 G.
2787 259 76 22 Paule
2878 260 97 21 Gcurlct
3022 261 98 24 Marius,
3132 260 13 21 à
3158 260 136 28 Périgueux

2563 283 31 20 La
2610 283 91 22 Poterie
2715 285 70 19 —Mi
2802 285 48 21 Kar
2868 286 33 20 M.
2929 287 123 21 lletbe.Ucs
3125 288 106 26 Marquis
3260 288 28 21 de
3308 289 25 19 la

2562 309 99 22 Navetfc
2712 311 41 20 Ch.
2767 312 70 20 Roux
2849 312 27 21 de
2890 312 46 21 Cod
2950 324 14 4 -
2991 313 139 27 Coquillage
3145 315 21 20 et
3189 314 105 27 Coquille

2562 337 148 27 Couuançon
2759 339 12 19 2
2784 337 76 27 Julys,
2871 338 13 21 à
2898 339 80 27 Voncq
3025 340 48 20 Alf.
3087 341 118 19 Abraham
3279 341 54 21 Tito

2562 364 76 22 Salari
2683 364 66 21 Aulit
2763 364 135 26 Gargaillac
2907 376 25 9 r-
2946 366 90 25 Lyl'sse
3053 367 22 20 et
3090 367 97 21 Juliette
3256 367 37 24 C.,
3319 367 14 21 à

2562 391 154 27 Saint-Léger
2767 392 11 19 1
2792 391 58 26 petit
2864 387 133 25 Ixellois'—
3011 392 27 20 A.
3052 393 104 20 Marchai
3210 393 50 21 Oct.
3278 393 52 21 Clin

2597 417 85 27 Sphéjo
2695 419 31 20 K.
2741 419 20 19 I.
2779 418 27 20 O.
2862 417 193 22 Jeanne-Hélène
3081 419 96 20 llarnou
3195 420 135 26 --.Joseph

2562 444 103 21 Delhave
2720 444 107 21 Edmond
2843 444 22 21 et
2877 444 67 20 Anna
3047 450 34 15 ma
3086 445 38 20 ton
3138 445 27 20 de
3180 445 105 28 Chëzery

2561 470 64 21 Léon
2636 471 96 20 Cariant
2780 470 123 21 Clémence
2917 471 61 20 cIE.
2995 471 98 21 Monnet
3158 471 111 22 Pér'ouffe
3294 472 37 21 fils
3334 470 1 25 i

2598 497 132 21 Loubidoul
2785 497 59 20 Ach.
2861 497 46 20 Moi
2915 497 32 20 lin
3000 497 105 21 Maurice
3120 497 91 21 Sandra
3220 497 2 25 1
3283 497 52 25 Titii

2561 523 59 26 Caju
2669 523 72 22 Edm.
2758 523 157 21 Barthomeuf
2962 523 157 21 Demosthenc
3167 526 12 19 2
3194 524 81 21 devins
3301 526 31 22 de

2562 550 155 26 Gourgançon
2780 550 80 21 Albert
2889 550 72 21 Defez
3028 549 45 22 Des
3085 550 81 20 Veaux
3190 550 56 21 c'est
3267 552 64 22 leste
3334 549 1 27 :

2680 576 69 26 Alph.
2765 576 103 22 Leivobîc
2917 578 7 19 1
2936 576 81 26 spiritc
3031 588 25 2 --
3069 578 9 19 1
3102 576 54 26 pain
3177 578 40 25 pot
3240 578 43 20 lait

2561 602 64 20 Pour
2637 602 103 21 Martine
2791 604 60 20 Paul
2867 604 61 21 Dezc
2969 604 28 19 A.
3017 602 86 21 Trillée
3164 604 30 21 Le
3210 604 120 22 Goronnet

2596 628 45 20 Les
2649 628 87 21 fiancés
2751 628 28 21 de
2791 630 22 20 la
2825 630 93 21 Canche
2968 631 72 20 Tante
3057 628 86 22 Léonie
3195 630 73 21 Birès.

2695 1043 145 39 MOTS
2887 1044 149 39 POUR
3078 1045 113 38 RIRE

2593 1155 136 30 M.X...,
2750 1154 25 27 le
2793 1154 162 27 mélomane
2983 1154 67 26 bien
3078 1163 103 25 connu,
3211 1156 71 26 offre
3311 1159 17 24 à

2558 1191 138 35 quelques
2708 1189 167 28 dilettantes
2897 1189 34 26 de
2946 1196 46 19 ses
3008 1189 73 26 amis
3099 1189 25 26 le
3139 1189 78 33 régal
3240 1191 85 28 d'une

2558 1227 93 26 soirée
2667 1225 138 28 musicale
2819 1226 70 26 dont
2903 1224 26 28 le
2946 1234 13 13 «
2974 1224 63 27 clou
3053 1234 14 14 »
3084 1226 44 25 est
3152 1224 175 31 l'ouverture

2558 1261 39 26 du
2610 1261 169 27 FrcischiUz.

2642 1296 116 35 Joseph,
2776 1296 81 26 dit-il
2882 1305 15 17 a
2920 1303 39 19 un
2980 1294 193 35 domestique,
3188 1296 142 34 -pendant

2558 1332 182 33 l'ouverture,
2759 1339 71 19 vous
2851 1339 34 19 ne
2908 1331 135 27 laisserez
3060 1332 97 26 entrer
3171 1339 155 26 personne.

2595 1367 43 27 Un
2650 1367 189 27 retardataire
2857 1375 30 18 se
2900 1368 146 33 présente.

2594 1402 116 34 Joseph,
2724 1403 119 26 barrant
2871 1401 26 27 la
2926 1404 91 32 porte,
3046 1410 39 18 un
3106 1402 79 35 doigt
3210 1410 51 19 sur
3287 1402 40 27 les

2559 1436 92 27 lèvres
2672 1436 5 27 :

2636 1472 99 25 Fermé
2751 1480 73 25 pour
2838 1480 85 18 cause
2937 1472 184 25 d'ouverture
3138 1470 7 25 !

2591 1546 130 26 Madame
2739 1545 78 34 parle
2832 1546 15 26 à
2864 1553 32 19 sa
2910 1546 156 26 cuisinière
3079 1545 5 34 :

2641 1580 78 27 Vous
2733 1589 86 19 venez
2836 1581 125 26 d'entrer
2974 1580 66 27 chez
3057 1580 69 34 moi,
3143 1580 28 35 je
3188 1580 74 28 crois
3273 1590 54 28 que

2558 1623 72 21 Vous
2643 1624 45 19 me
2705 1616 117 35 plairez.

2640 1651 32 27 Je
2688 1652 61 26 suis
2764 1652 66 26 bien
2845 1654 133 26 contente
2993 1652 33 27 de
3039 1661 105 26 penser
3158 1661 56 26 que
3230 1652 27 34 je
3267 1661 47 19 res-

2558 1688 71 26 terai
2643 1688 67 26 chez
2725 1688 149 33 madame;
2891 1689 86 26 avant
2994 1688 86 27 d'être
3096 1688 66 26 chez
3184 1688 143 33 madame,

2558 1722 50 34 j'ai
2626 1730 80 18 assez
2724 1722 81 26 boîte.

2643 1756 43 27 Un
2701 1756 57 27 mal
2772 1757 34 26 de
2819 1756 97 34 jambe
2926 1757 13 25 ?

2644 1793 72 26 Non.
2726 1793 31 26 Je
2767 1800 74 18 veux
2858 1793 59 25 dire
2930 1800 56 26 que
3001 1792 50 34 j'ai
3067 1792 77 27 servi
3161 1793 70 27 dans
3243 1794 69 26 beau-

2558 1834 72 27 coup
2648 1826 34 26 de
2695 1827 93 26 boîtes
2809 1826 6 26 !

2593 1892 37 26 Le
2644 1891 45 27 fils
2706 1892 34 26 de
2754 1891 85 38 X...,
2855 1891 25 27 le
2890 1891 132 33 bohème,
3039 1892 48 35 qui
3100 1892 130 27 travaille
3255 1902 73 27 pour

2558 1930 97 25 entrer
2683 1929 15 25 à
2724 1926 161 37 Saint-Cyr,
2911 1928 97 27 étudie
3037 1937 38 18 un
3103 1929 84 27 traité
3213 1930 34 27 de
3279 1931 33 26 ba-

2559 1963 129 34 listique.

2642 1998 83 35 Papa,
2743 1997 246 38 qu'appeilc-t-on
2999 1998 27 26 la
3038 2007 71 19 zone
3122 1998 180 35 dangereuse
3313 1998 13 27 ?

2558 2035 219 26 dcmande-t-il.

2594 2070 35 25 Le
2643 2069 123 26 bohème
2781 2068 148 27 vivement
2948 2068 5 27 :

2641 2105 37 26 La
2691 2113 50 18 rue
2754 2106 37 25 où
2806 2104 137 26 demeure
2959 2112 38 18 un
3011 2104 148 27 créancier
3177 2104 5 27 !

2594 2187 73 26 Chez
2682 2186 163 26 l'armurier
2861 2186 5 27 :

2593 2222 78 26 —Je
2694 2220 137 27 voudrais
2858 2229 38 17 un
2913 2219 234 37 coup-de-poing
3172 2219 156 30 américain

2561 2265 32 19 en
2609 2257 86 26 acier.

2644 2290 57 27 Poli
2714 2290 13 26 ?

2643 2327 41 27 Oh
2701 2326 5 37 !
2721 2335 72 26 pour
2807 2335 30 19 ce
2851 2335 56 27 que
2921 2328 70 26 c'est
3019 2326 81 34 faire,
3131 2327 17 26 il
3175 2327 76 27 n'est
3276 2335 52 26 pas

2558 2362 184 27 absolument
2756 2362 163 26 nécessaire
2933 2362 69 34 qu'il
3017 2362 58 26 soit
3087 2361 59 35 poli
3163 2361 5 35 !

2594 2435 76 25 Dans
2685 2444 39 17 un
2740 2435 59 25 café
2816 2445 35 17 on
2868 2437 77 33 parle
2962 2437 33 26 de
3008 2437 117 26 Galilée.

2641 2469 126 27 Galilée?
2781 2470 44 26 dit
2839 2469 171 27 Pitanchard
3024 2478 39 18 un
3077 2478 54 26 peu
3142 2472 70 32 gris,
3222 2472 87 33 qu'est-

2561 2512 30 19 ce
2606 2512 54 27 que
2674 2505 69 26 c'est
2757 2511 54 28 que
2826 2512 32 25 ça
2869 2504 13 27 ?

2593 2541 70 27 —Il
2675 2543 103 33 paraît,
2800 2539 41 27 lui
2869 2539 110 37 répond
3011 2549 38 18 un
3085 2541 158 33 camarade,
3274 2550 53 26 que

2558 2576 70 26 c'est
2643 2576 25 26 le
2685 2576 125 34 premier
2822 2576 117 26 homme
2965 2576 50 34 qui
3040 2584 14 18 a
3080 2576 44 26 dit
3138 2583 56 27 que
3210 2576 26 26 la
3250 2577 76 25 terre

2559 2611 137 26 tournait.

2593 2646 183 30 Pitanchard,
2794 2654 31 18 se
2838 2647 193 33 rengorgeant
3045 2646 5 34 :

2623 2680 5 33 •
2639 2680 43 25 Un
2694 2680 111 33 copain,
2820 2680 76 26 alors
2910 2680 13 25 ?

2574 2772 70 69 LA
2678 2769 266 72 SURDITE
2980 2770 171 71 N'EST
3185 2772 139 69 PLUS

2691 2870 146 30 L'action
2877 2870 181 37 électrique
3096 2869 155 30 continue
3289 2869 38 30 do

2568 2908 220 37 l'Aiidiphone
2799 2911 154 27 invisible
2962 2911 162 27 Bernard
3135 2908 83 30 rend
3230 2908 98 30 l'ouïe

2569 2948 163 30 naturelle
2758 2957 67 20 aux
2850 2949 119 28 sourds
2995 2949 32 28 et
3046 2956 34 21 ce
3106 2948 221 30 merveilleux

3004 2988 51 28 est
3093 2986 32 30 la
3165 2987 79 30 hase
3288 2987 39 30 de

2812 3028 32 28 la
2877 3022 154 37 Méthode
3069 3020 259 44 aùrivoïtàïque.

2812 3069 46 28 Le
2882 3066 177 31 Directeur
3083 3066 39 28 de
3145 3065 182 32 l'lnstitut

2813 3105 182 32 National
3019 3105 46 31 de
3091 3104 38 31 la
3159 3104 168 38 Surdité,

2813 3146 28 37 7,
2861 3154 59 22 rue
2940 3146 40 28 de
2999 3145 161 35 Londres,
3178 3145 19 28 à
3216 3146 110 33 Paris,

2815 3185 118 30 envoie
2961 3185 305 38 gratuitement
3295 3185 32 30 le

2809 3224 135 38 journal
3125 3222 202 32 Médecine

2568 3267 69 30 des
2813 3263 19 30 à
2854 3263 110 30 toutes
2988 3262 50 30 les
3061 3269 188 31 personnes
3269 3263 54 38 qui

2568 3313 40 21 en
2636 3305 70 30 font
2733 3304 33 31 la
2793 3302 172 31 demande.

141 3450 262 25 —9—FEUILLETON
423 3457 34 15 DU
470 3450 223 26 .SUPPLÉMENT
717 3454 156 21 ILLUSTRÉ

372 3491 34 18 DU
424 3484 84 25 Petit
523 3484 131 25 Journal

143 3600 64 67 LE
257 3598 306 70 CAPITAINE
605 3598 268 70 RIPAILLE

308 3703 98 18 ROMAN
423 3703 34 18 DE
472 3702 72 19 CAPE
560 3703 34 17 ET
609 3702 98 19 D'ÉPÉE

420 3814 188 28 PROLOGUE

352 3865 52 31 Le
429 3867 268 38 guet-apens

432 3978 24 26 V
474 3978 97 34 (Suite)

125 4049 72 20 DANS
213 4045 105 26 LEQUEL
338 4049 33 18 LE
391 4049 149 18 CAPITAINE
555 4049 128 20 RIPAILLE
696 4050 71 19 FERA
781 4050 110 19 PREUVE

292 4076 83 27 D'UNE
396 4083 178 19 EXCELLENTE
594 4080 131 25 MÉMOIRE

156 4140 104 27 Lazare
276 4139 32 28 fit
324 4139 138 28 entendre
476 4147 57 18 une
544 4139 67 27 toux
628 4139 200 37 significative.

208 4176 72 26 Mais
296 4175 25 26 la
337 4175 105 32 litière,
459 4174 41 26 les
513 4173 137 33 chevaux,
666 4175 98 33 ajouta
780 4176 111 26 Jérôme

124 4212 155 31 vivement,
305 4211 175 27 resteraient
491 4209 207 27 certainement
711 4219 50 20 sur
774 4212 26 26 la
815 4212 74 27 rive.

159 4245 76 27 René
249 4246 34 26 de
304 4246 133 35 Rouvray
450 4253 156 30 approuva.

208 4281 39 26 En
265 4281 76 34 effet,
357 4291 71 18 vous
444 4290 67 19 avez
524 4280 107 27 raison.

161 4317 78 32 Puis,
252 4318 83 33 après
346 4317 136 28 réflexion
502 4317 5 34 :

204 4352 48 33 N'y
269 4352 72 27 a-t-il
357 4363 52 26 pas
428 4363 39 18 un
482 4355 57 34 gué
554 4352 72 27 dans
640 4351 43 28 les
700 4352 158 27 environs?

210 4388 72 31 Non,
299 4389 131 26 messire.

207 4422 53 26 Pas
276 4422 110 27 d'autre
402 4424 51 26 bac
464 4423 13 27 ?

159 4459 123 31 Jérôme,
300 4459 50 34 qui
363 4467 31 18 se
409 4460 106 27 sentait
534 4460 136 27 surveille
694 4467 52 27 par
774 4459 116 34 Lazare,

124 4504 31 20 se
171 4494 66 27 hâta
250 4493 34 27 de
300 4493 142 34 répondre
459 4501 6 18 :

207 4531 20 27 Il
242 4538 72 19 vous
331 4530 125 27 faudrait
469 4530 71 27 faire
555 4539 34 19 au
604 4532 97 26 moins
716 4531 51 27 dix
783 4530 104 28 lieues.

156 4566 132 27 Chacune
311 4565 50 27 des
391 4565 139 34 réponses
555 4566 34 26 de
614 4567 113 26 Jérôme
757 4565 133 27 semblait

123 4603 113 34 ajouter
252 4604 14 26 à
281 4602 25 27 la
319 4599 172 30 contrariété
507 4600 37 27 du
559 4604 100 26 comte.

207 4638 152 27 Comment
370 4637 70 27 faire
452 4637 13 27 ?
481 4644 31 19 se
534 4636 90 27 dit-il.
656 4637 122 27 Blanche
798 4637 45 26 est
867 4637 24 26 si

123 4671 76 31 lasse
211 4671 5 31 !

159 4720 92 32 Enfin,
270 4720 83 34 après
370 4728 37 18 un
424 4719 131 27 moment
570 4716 34 28 de
620 4716 106 28 silence
744 4716 5 38 :

206 4755 79 26 Vous
299 4756 60 25 êtes
373 4754 175 35 aubergiste,
562 4754 28 34 je
607 4753 76 27 crois
696 4753 13 26 ?

156 4787 4 38 ■
161 4806 26 5 —
206 4791 63 32 Oui,
286 4791 133 26 messire.
435 4791 33 26 Et
481 4789 71 35 j'ose
581 4788 63 27 dire
670 4795 53 27 que
749 4794 69 19 mon
840 4787 51 26 hô-

933 3442 111 28 tellerie
1058 3442 45 25 est
1119 3446 57 19 une
1187 3438 48 26 des
1248 3438 164 28 meilleures
1433 3441 34 26 de
1488 3441 79 26 toute
1593 3438 27 27 la
1635 3448 51 26 pro-

933 3478 92 26 vince.
1042 3476 116 27 Jérôme
1170 3472 129 35 Bougàrd
1310 3477 44 24 est
1363 3476 66 26 bien
1444 3483 94 19 connu
1556 3475 50 26 des
1616 3483 70 27 voya-

934 3522 96 27 geurs.
1049 3510 44 33 Et,
1108 3516 112 20 comme
1240 3509 136 35 l'indique
1406 3519 67 19 mon
1498 3510 149 34 enseigne,
1674 3510 28 34 je

934 3541 63 43 loge
1013 3549 15 26 à
1041 3546 67 35 pied
1120 3546 28 25 et
1165 3546 14 24 à
1191 3542 109 28 cheval;

1015 3583 79 26 Nous
1111 3587 126 20 sommes
1250 3580 65 34 cinq
1328 3588 157 26 personnes
1514 3582 28 25 et
1566 3581 44 26 six
1636 3580 50 27 che-

933 3627 85 25 vaux,
1033 3620 27 25 et
1072 3618 30 33 je
1119 3614 94 27 crains
1230 3614 115 34 qu'avec
1354 3618 63 25 tous
1431 3615 43 27 les
1485 3620 217 32 gens-que'vous

934 3663 67 18 avez
1015 3653 76 33 déjà,
1106 3650 44 27 dit
1165 3648 25 27 le
1209 3652 92 25 comte
1328 3659 33 18 en
1385 3652 155 34 désignant
1569 3652 40 26 les
1633 3660 52 18 sou-

935 3690 96 30 dards,
1049 3694 72 20 vous
1135 3693 35 19 ne
1183 3685 126 33 puissiez
1326 3694 72 18 nous
1411 3686 87 37 loger.

1018 3725 52 26 Ces
1087 3719 161 30 messieurs
1264 3729 34 18 ne
1320 3723 137 26 couchent
1470 3731 51 26 pas
1539 3723 46 33 ici,
1603 3730 83 26 repar-

935 3761 35 26 tit
985 3758 148 28 vivement
1147 3755 148 27 l'hôtelier.
1310 3756 34 27 Et
1363 3765 63 18 mes
1443 3757 110 27 écuries
1578 3758 126 33 peuvent

935 3795 131 28 contenir
1080 3791 84 35 vingt
1179 3790 136 27 chevaux.

1015 3829 79 27 Soit!
1120 3827 43 26 dit
1189 3826 24 26 le
1235 3829 102 24 comte.
1364 3828 223 33 Attendez-moi,
1609 3828 28 34 je
1658 3836 31 18 re-

935 3867 92 27 viens.

969 3901 34 27 Et
1018 3901 19 26 il
1050 3898 97 30 sortit.

1019 3948 72 28 Très
1107 3947 69 26 bien
1193 3945 4 32 !
1217 3945 43 27 dit
1274 3946 102 27 Lazare
1391 3947 14 26 à
1417 3947 125 26 Jérôme.

969 3996 52 26 Les
1038 3990 143 31 soudards
1195 3989 113 28 avaient
1333 3991 74 26 suivi
1433 3992 72 26 cette
1530 3992 85 26 scène
1638 3999 67 18 avec

934 4039 57 18 une
1005 4028 143 30 attention
1160 4024 117 27 éveillée
1292 4033 50 25 par
1355 4025 41 27 les
1413 4028 112 33 apartés
1541 4026 34 26 de
1603 4025 87 26 l'hôte-

934 4067 53 26 lier
1003 4067 28 25 et
1046 4064 34 26 de
1094 4063 84 26 notre
1189 4059 67 27 ami.
1280 4059 92 31 Quant
1383 4070 35 18 au
1433 4062 152 35 capitaine,
1594 4062 20 26 il
1624 4061 65 27 ache-

935 4102 59 27 vait
1010 4101 34 26 de
1071 4098 94 26 fumer
1192 4103 32 19 sa
1251 4095 66 35 pipe
1339 4096 265 33 silencieusement,
1636 4103 67 20 sans

935 4139 94 25 môme
1046 4135 85 27 s'être
1144 4139 58 19 une
1218 4129 77 28 seule
1309 4131 54 30 fois
1387 4134 133 26 retourné
1547 4141 73 27 pour
1641 4131 64 27 voir

934 4174 27 26 le
976 4173 86 33 jeune
1074 4169 104 27 comte.

969 4205 124 30 Celui-ci
1107 4201 124 30 rentrait
1245 4201 137 35 quelques
1398 4202 126 28 instants
1538 4204 83 34 après
1638 4212 67 18 avec

935 4244 27 27 la
978 4244 154 27 comtesse.
1148 4237 130 28 Derrière
1294 4246 53 18 eux
1364 4240 97 26 venait
1485 4247 39 19 un
1543 4240 83 26 vieux
1654 4239 35 27 do-

935 4279 145 33 mestique
1106 4273 117 37 portant
1241 4273 71 26 dans
1331 4281 46 19 ses
1404 4274 66 26 bras
1486 4283 57 18 une
1571 4273 135 28 adorable

935 4315 90 35 petite
1057 4311 58 27 fille
1148 4310 35 26 de
1225 4306 130 30 dix-huit
1385 4311 73 26 mois
1485 4309 130 33 environ,
1654 4311 51 33 qui

937 4349 125 28 dormait
1091 4345 34 27 de
1153 4351 31 20 ce
1208 4344 135 26 sommeil
1364 4344 123 35 paisible
1512 4344 51 27 dos
1590 4344 115 27 enfants

941 4395 34 17 au
990 4385 132 26 berceau.

970 4421 38 26 La
1036 4420 145 27 comtesse
1206 4414 70 27 était
1304 4415 283 27 merveilleusement
1613 4416 86 27 belle.

935 4455 113 27 Grande
1062 4455 30 26 et
1106 4450 100 32 sveltc,
1220 4449 99 32 brune,
1342 4459 67 19 avec
1434 4452 34 26 de
1496 4452 106 34 grands
1631 4460 74 26 yeux

934 4492 83 27 bleus
1029 4488 92 30 voilés
1139 4487 33 26 de
1187 4485 83 35 longs
1284 4486 51 27 cils
1351 4486 124 33 noirs,la
1486 4486 99 34 pâleur
1596 4486 110 28 chaude

935 4527 34 26 de
991 4535 53 18 son
1078 4524 73 28 teint
1178 4520 70 27 était
1272 4528 100 19 encore
1397 4521 155 27 rehaussée
1573 4530 51 26 par
1654 4522 39 26 l'é-

935 4564 56 26 clat
1011 4563 33 26 de
1065 4569 33 19 sa
1114 4558 70 27 robe
1200 4556 34 27 de
1247 4557 113 27 velours
1383 4558 135 26 cramoisi
1541 4558 87 26 brodé
1645 4558 60 27 d'or

935 4599 27 26 et
974 4606 52 27 par
1041 4605 32 20 sa
1087 4592 91 39 petite
1193 4593 86 32 toque
1307 4592 34 26 de
1369 4593 94 26 même
1479 4592 85 27 étoffe
1589 4593 35 25 où
1649 4602 57 18 une

933 4633 94 35 légère
1061 4631 99 35 plume
1187 4626 120 27 blanche
1339 4628 112 30 mettait
1478 4637 57 18 une
1563 4629 80 26 tache
1671 4629 34 27 do

934 4669 96 27 clarté.

969 4717 41 27 Un
1024 4716 41 27 cri
1080 4711 203 31 d'admiration
1300 4710 41 27 fut
1356 4719 50 19 sur
1419 4710 26 28 le
1460 4711 83 35 point
1556 4711 33 27 de
1615 4711 91 35 jaillir

935 4753 39 27 du
984 4760 110 28 groupe
1108 4749 50 27 des
1176 4748 181 27 aventuriers
1374 4747 71 28 dont
1457 4747 41 26 le®
1514 4748 118 31 égards
1644 4748 50 27 s'al-

934 4788 157 26 lumèrent.

1779 3437 207 37 L'imprcssion
2001 3435 44 26 fut
2060 3433 65 27 telle
2145 3442 56 26 que
2218 3432 124 37 Ripaillé
2357 3431 26 27 la
2409 3437 90 18 remar-

1744 3483 57 26 qua
1817 3476 27 24 et
1869 3472 71 35 qu'il
1964 3478 30 19 se
2022 3471 103 25 tourna
2144 3470 14 25 à
2184 3477 51 19 son
2271 3471 64 24 tour
2350 3468 39 26 du
2406 3465 61 26 cûté
2481 3464 34 27 de

1744 3509 26 27 la
1787 3510 152 26 comtesse.

1779 3543 123 28 Blanche
1917 3544 27 25 et
1969 3549 53 19 son
2047 3539 74 27 mari
2143 3540 168 27 achevaient
2323 3546 56 19 une
2396 3542 102 20 conver-

1746 3580 93 27 sation
1854 3578 183 27 commencée
2054 3583 6 18 :

1830 3614 76 27 C'est
1919 3612 26 28 le
1956 3611 76 37 parti
2044 3611 25 26 le
2086 3611 65 34 plus
2163 3618 78 28 sage,
2259 3609 89 27 disait
2365 3607 25 26 le
2404 3607 109 26 comte.

1744 3651 231 26 Arrêtons-nous
2000 3647 71 26 dans
2088 3647 73 25 cette
2177 3647 135 34 auberge,
2341 3651 47 19 car
2404 3641 28 34 je.
2453 3641 60 26 suis

1744 3686 52 27 sûr
1815 3693 54 28 que
1887 3686 31 25 lu
1932 3691 30 18 as
1978 3681 102 27 besoin
2096 3680 34 27 de
2147 3689 94 27 repos.

1779 3720 124 27 Blanche
1918 3716 146 38 répondit,
2080 3716 84 27 d'une
2177 3717 65 27 voix
2256 3713 207 28 harmonieuse
2487 3711 28 26 et

1746 3757 77 26 lente
2471 3757 4 30 .

1830 3790 47 27 S'il
1894 3798 35 18 ne
1946 3787 146 38 s'agissait
2105 3795 53 27 que
2179 3787 33 27 de
2235 3787 71 33 moi,
2319 3787 28 33 je
2361 3785 28 25 te
2405 3783 90 26 dirais
2507 3790 6 18 :

1746 3826 198 38 poursuivons
1959 3826 83 25 notre
2055 3824 81 25 route
2147 3830 6 25 ;
2170 3823 74 27 mais
2259 3822 27 27 la
2315 3826 137 22 secousse
2481 3817 33 27 de

1746 3865 27 25 la
1788 3863 93 26 litière
1894 3870 17 17 a
1925 3860 146 32 beaucoup
2089 3857 107 34 fatigué
2210 3867 47 18 ma
2272 3857 89 35 petite
2376 3853 102 27 Renée.

1780 3898 41 26 En
1838 3895 159 28 entendant
2011 3901 46 19 ces
2070 3893 123 35 paroles,
2207 3893 123 37 Ripaille
2347 3888 96 30 s'était
2456 3887 59 27 levé

1747 3932 220 37 brusquement.

1828 3977 151 26 Maître...
2014 3976 146 24 comment
2194 3983 71 18 vous
2297 3969 220 38 appelle-t-on?

1747 4015 43 26 dit
1802 4012 25 27 le
1840 4012 93 27 comte
1948 4011 15 24 à
1972 4007 195 34 l'aubergiste,
2181 4009 50 35 qui
2245 4017 31 18 se
2293 4005 91 30 tenait
2406 4011 96 27 respec-

1748 4048 185 28 tueusement
1946 4044 117 31 debout,
2078 4043 26 26 le
2117 4044 107 27 bonnet
2239 4046 14 24 à
2268 4044 26 26 la
2306 4042 89 32 main,
2408 4041 15 25 à
2435 4039 66 34 quel-

1748 4093 70 27 ques
1833 4090 51 28 pas
1900 4081 39 26 du
1954 4081 92 26 comte
2062 4081 27 24 et
2105 4078 32 27 do
2150 4078 27 27 la
2192 4081 152 26 comtesse.

1830 4119 115 27 Jérôme
1968 4113 142 37 Bougard,
2124 4122 72 27 pour
2212 4120 78 22 vous'
2306 4110 104 33 servir,
2437 4117 61 19 mon-

1748 4155 148 35 seigneur.

1828 4191 102 26 Maître
1946 4186 124 32 Jérôme,
2086 4186 133 33 préparez
2231 4193 54 19 une
2301 4182 135 28 chambre
2446 4188 73 27 pour

1748 4225 143 32 madame,
1919 4224 80 26 votre
2029 4219 64 37 plus
2114 4224 78 25 vaste
2222 4224 28 25 et
2272 4221 80 26 votre
2370 4215 148 28 meilleure

1748 4261 145 26 chambre.

1831 4296 107 26 Toutes
1955 4299 61 20 mes
2031 4290 150 28 chambres
2212 4293 66 26 sont
2303 4290 105 35 prêtes,
2433 4294 65 18 mon-

1748 4331 136 37 seigneur
1898 4323 5 45 ;
1923 4336 67 19 mon
2008 4326 124 34 auberge
2152 4335 34 19 ne
2203 4325 156 35 désemplit
2385 4330 63 27 pas,
2473 4323 31 25 ré-

1748 4368 103 34 pondit
1866 4365 124 27 Jérôme.
2191 4387 6 7 ,
2399 4365 2 37 .

1826 4401 70 27 Bien
1913 4400 6 26 !
1938 4400 60 26 Mes
2014 4396 90 27 valets
2119 4397 172 28 coucheront
2303 4396 71 27 dans
2391 4394 8 26 1
2411 4394 106 32 écurie,

1748 4446 67 19 avec
1830 4437 41 26 les
1887 4436 137 26 chevaux.
2040 4433 174 26 Faites-leur
2226 4433 92 27 servir
2336 4433 14 25 à
2368 4437 106 27 souper
2490 4430 27 25 et

1748 4472 254 30 conduisez-nous.

1782 4524 115 26 Jérôme
1911 4519 58 35 prit
1984 4525 56 19 une
2053 4518 104 32 torche,
2176 4526 85 27 passa
2272 4517 104 28 devant
2386 4514 24 26 le
2427 4515 93 26 comte

1749 4561 27 25 et
1791 4567 32 18 sa
1839 4557 107 27 femme
1962 4563 34 18 en
2013 4553 164 26 s'excusant
2202 4554 154 34 poliment,
2382 4551 27 26 et
2440 4557 60 19 com-

1749 4602 100 25 mença
1861 4592 35 27 de
1910 4589 97 38 gravir
2020 4589 138 26 l'escalier
2169 4589 34 26 de
2218 4589 74 27 bois.

1783 4642 78 27 René
1878 4642 27 25 et
1935 4637 123 28 Blanche
2083 4637 207 35 s'apprêtaient
2317 4638 15 25 à
2357 4635 25 26 le
2409 4635 109 33 suivre,

1749 4678 84 34 après
1848 4675 78 27 avoir
1941 4674 53 26 fait
2009 4674 113 26 monter
2135 4674 104 27 devant
2256 4681 56 19 eux
2324 4672 24 26 le
2365 4670 87 27 vieux
2469 4670 35 26 do-

1749 4713 145 33 mestique
1907 4709 104 35 chargé
2028 4708 33 27 de
2076 4707 61 27 leur
2160 4709 109 34 enfant,
2280 4707 97 37 quand
2399 4704 122 35 Ripaille

1750 4749 59 35 qui,
1825 4746 104 37 depuis
1941 4753 39 19 un
1995 4744 141 33 moment,
2145 4744 176 27 considérait
2337 4742 26 26 la
2379 4742 143 26 comtesse

1750 4793 34 18 en
1801 4783 118 27 homme
1932 4780 50 35 qui
2002 4779 119 28 cherche
2137 4781 15 25 à
2165 4780 128 35 préciser
2319 4786 39 19 un
2386 4776 137 27 souvenir

2558 3441 131 34 lointain,
2709 3442 169 35 s'approcha
2904 3442 94 33 d'eux,
3026 3443 27 26 et
3069 3441 116 28 saluant
3203 3443 109 27 courtoi-

2558 3480 115 26 sement
2689 3485 6 17 :
2858 3484 40 9 ..
2940 3491 14 2 ..

2643 3511 118 32 Pardon,
2778 3511 158 30 monsieur,
2955 3510 78 26 dit-il
3046 3519 66 18 avec
3124 3519 56 18 uno
3200 3511 67 26 voix
3288 3511 28 26 lé-

2558 3547 150 35 gèrement
2724 3547 93 32 émue,
2832 3544 120 27 veuillez
2963 3553 120 19 excuser
3099 3553 69 19 mon
3184 3544 128 35 importu-

2558 3582 71 26 nité.
2649 3581 32 27 Je
2698 3581 154 26 désirerais
2865 3581 143 28 savoir...

2640 3617 105 32 Parlez,
2778 3617 158 32 monsieur,
2969 3615 124 40 répartit
3123 3617 25 26 le
3172 3619 94 25 comte
3295 3626 33 18 en

2557 3653 105 34 voyant
2687 3660 53 26 que
2776 3651 120 37 Ripaille
2930 3652 97 30 s'était
3060 3651 183 37 interrompu
3272 3652 43 27 lui-

2558 3689 104 25 même.
2676 3687 104 32 Parlez,
2799 3687 163 35 répéta-t-il
2980 3687 180 26 doucement.

2593 3722 122 37 Ripaille
2743 3722 129 28 hésitait.
2891 3723 130 27 L'accent
3047 3723 206 37 sympathique
3292 3723 37 27 du

2558 3759 93 26 comté
2663 3758 25 27 le
2704 3758 109 27 décida.

2642 3794 97 33 Merci,
2760 3794 81 27 dit-il
2856 3794 200 35 simplement.

2594 3830 33 26 Et
2642 3829 40 27 les
2698 3830 119 34 regards
2842 3829 34 27 de
2896 3837 46 19 ces
2966 3829 76 27 deux
3060 3829 133 27 hommes
3226 3830 102 25 s'étant

2558 3865 118 32 croisés,
2687 3865 107 26 chacun
2806 3865 84 26 d'eux
2903 3872 31 19 se
2950 3865 91 26 sentit
3056 3873 34 18 en
3103 3863 59 27 face
3178 3863 85 27 d'une
3278 3873 33 18 na-

2558 3902 64 25 ture
2635 3900 99 34 loyale,
2751 3902 27 24 et
2786 3907 31 19 ce
2830 3899 44 26 fut
2884 3907 70 18 sans
2970 3899 148 26 embarras
3133 3908 54 25 que
3203 3899 25 27 le
3252 3900 61 34 capi-

2558 3935 77 27 taine
2649 3935 91 33 reprit
2757 3935 5 33 :

2640 3970 31 26 Je
2683 3969 155 26 désirerais
2854 3969 96 26 savoir
2965 3967 24 27 si
3004 3966 132 27 madame
3202 3970 27 25 et
3243 3969 19 26 il
3279 3969 33 26 dé-

2559 4005 109 35 signait
2679 4004 122 26 Blanche
2818 4004 66 26 d'un
2901 4004 80 34 geste
3001 4003 106 26 discret
3182 4004 74 27 n'est
3280 4013 52 27 pas

2561 4041 65 26 Mlle
2639 4039 122 27 Blanche
2777 4039 34 26 de
2823 4038 119 28 Gressac
2954 4037 13 28 ?

2595 4075 35 26 Ce
2661 4075 43 26 fut
2732 4074 122 27 Blanche
2878 4074 165 28 elle-même
3064 4075 50 37 qui
3132 4075 137 37 répondit
3296 4084 34 18 en

2561 4110 132 27 souriant
2709 4110 5 27 :

2643 4146 105 35 Depuis
2780 4146 73 28 deux
2881 4156 61 25 ans,
2968 4146 106 28 femme
3105 4146 38 27 du
3170 4147 94 26 comte
3295 4146 35 27 de

2561 4182 141 34 Rouvray.

2596 4219 37 25 La
2652 4218 90 37 figure
2758 4218 34 28 de
2807 4218 123 37 Ripaille
2943 4218 168 27 s'illumina.

2643 4254 41 27 Oh
2702 4254 6 26 !
2733 4256 28 33 je
2777 4263 71 19 vous
2869 4254 77 27 avais
2975 4254 69 26 bien
3073 4260 144 19 reconnue
3235 4252 5 37 !
3270 4253 43 26 s'é-

2562 4289 130 28 cria-t-il.

2594 4326 103 26 Lazare
2711 4325 97 27 faisait
2819 4333 57 19 uno
2889 4323 126 30 horrible
3032 4324 135 35 grimace.
3184 4322 79 26 Cette
3288 4330 28 19 re-

2562 4362 206 26 connaissance
2783 4361 94 27 devait
2890 4361 142 33 déranger
3045 4357 155 41 quelqu'un
3226 4356 34 27 de
3287 4367 48 19 ses

2561 4396 93 35 plans.
2672 4397 52 27 Les
2747 4396 151 32 soudards,
2917 4395 97 26 moins
3034 4393 191 26 directement
3256 4393 61 27 inté-

2562 4433 94 26 ressés
2673 4441 54 26 que
2744 4431 41 26 lui
2800 4439 67 19 sans
2893 4431 96 31 doute,
3018 4436 31 18 se
3071 4427 197 28 contentaient
3300 4429 34 27 de

2563 4467 155 27 chuchoter
2738 4467 139 34 quelques
2903 4463 213 35 appréciations
3143 4463 189 33 fantaisistes,

2563 4504 70 26 dont
2644 4504 27 26 la
2696 4504 97 26 moins
2819 4501 111 28 bizarre
2956 4498 70 27 était
3054 4507 54 27 que
3141 4499 25 28 le
3189 4500 145 34 capitaine

2564 4540 73 26 avait
2652 4540 44 25 été
2712 4544 158 20 amoureux
2897 4535 33 26 de
2957 4534 27 26 la
3008 4535 154 31 comtesse,
3193 4535 74 33 piais
3298 4543 37 19 ne

2564 4574 142 27 cessaient
2719 4577 73 31 pour
2817 4570 60 27 cela
2897 4570 28 26 ni
2956 4570 33 26 de
3015 4570 91 35 boire,
3132 4572 31 25 ni
3190 4571 34 27 de
3252 4571 83 34 jouer

2564 4619 54 18 aux
2635 4610 60 26 dés.

2597 4646 35 26 Le
2647 4644 93 27 comte
2757 4643 28 26 et
2796 4641 28 27 la
2836 4642 143 27 comtesse
3000 4643 183 35 regardaient
3210 4641 124 37 Ripaille

2564 4689 67 19 avec
2646 4680 197 26 étonncment.

2917 4727 151 27 ARMAND
3091 4724 171 28 D'ARTOIS.

2601 4778 48 33 (La
2662 4778 71 26 suite
2748 4783 38 20 au
2796 4778 141 33 prochain
2953 4776 136 33 numéro.)

131 106 57 20 —■
224 104 93 27 i>72
351 107 27 24 m

1406 100 196 46 Supplément
1617 100 30 38 ill
1655 103 86 37 astre
1755 102 40 38 du
1812 103 84 37 Petit
1910 103 132 37 Journal

1787 2138 91 21 Contre
1896 2137 111 27 RHUMES,
2022 2138 161 24 BRONCHITES,
2197 2134 123 26 ASTHMES,
2333 2134 152 25 CATARRHES!

2028 2165 456 40 S'ANTOINEDEPADOUE

1787 2209 48 17 Chez
1843 2207 115 21 principaux
1965 2209 90 20 Epiciers.
2063 2209 65 21 Dépôt
2134 2210 25 17 G*
2161 2206 5 24 I
2170 2206 4 24 :
2179 2206 107 24 l,Cloître
2296 2206 189 22 St-Merri.Paris.

1788 2230 64 21 Refusez
1858 2230 116 26 Contrefaçons.
1983 2230 71 26 Exigez
2061 2231 13 20 le
2081 2237 46 14 nom
2135 2233 14 18 et
2156 2230 107 26 l'imagedu
2270 2229 58 20 Saint
2335 2230 14 20 s'
2355 2230 58 26 chaque
2420 2230 64 21 bonbon.

1787 2251 47 27 IBTOÎ
1838 2256 53 22 franee
1898 2256 46 22 d'une
1950 2256 40 22 boite
1997 2263 8 14 O
2006 2257 15 13 TR
2022 2261 8 9 *
2037 2257 7 20 1
2050 2257 38 20 '2O
2094 2263 19 15 EN
2119 2256 196 22 \iwtoei.PrJ**Déûlâi
2319 2256 165 20 pitQommarce.

2572 791 20 19 et
2601 790 87 20 MAUX
2699 789 22 20 do
2733 789 123 20 JAMBES
2869 788 165 22 immédiatement
3044 790 89 25 soulagés
3145 790 71 25 parles
3230 784 2 31 |

2574 817 59 19 BAS
2648 813 193 26 ÉLASTIQUES
2851 816 24 19 de
2888 815 122 26 CI.AVF.RIE..
3018 816 115 24 Spécialiste
3139 815 77 21 breveté

2572 844 19 18 et
2603 842 41 20 seul
2657 842 102 24 fabricant,
2770 842 61 24 234,
2844 841 106 26 Faubourg
2965 841 155 26 Saint-Martin,
3129 843 86 19 Paris.

2572 869 61 19 D'une
2642 868 119 20 confection
2771 868 90 26 parfaite
2867 869 14 19 et
2887 869 45 19 d'une
2937 868 84 20 solidité
3030 868 103 26 garantie,
3139 873 31 15 ses
3177 868 39 20 bas

2572 894 194 26 sonttoujoursfaits
2774 899 37 17 sur
2819 899 83 17 mesure
2908 895 110 20 etdonnent
3022 895 53 19 seuls
3081 900 38 14 une
3124 899 48 15 com-

2572 921 87 26 pression
2666 921 94 26 régulière
2766 927 38 14 sans
2810 921 123 20 occasionner
2939 927 58 14 aucune
3002 921 57 25 gène.

2572 947 39 25 prix
2623 950 72 19 courant
2705 947 64 26 envoyé
2778 947 58 26 gratis
2845 952 43 17 avec
2897 947 77 21 manière
2980 947 72 26 prendre
3059 952 87 17 mesures.
