3475 4927
115 209 124 80 LE
311 206 554 84 BURNOUS

142 366 44 26 Au
197 365 67 27 fond
283 365 33 26 de
334 373 30 18 sa
374 364 138 35 boutique
528 364 86 28 basse
626 364 35 27 où
674 363 54 26 l'on
744 361 128 26 accédait

109 400 70 27 delà
196 407 50 19 rue
262 409 34 18 en
324 399 175 27 descendant
526 400 76 26 deux
628 398 143 32 marches,
797 396 73 27 Bou-

107 436 98 31 Graïn,
227 435 25 27 le
263 435 110 28 célèbre
393 436 142 27 armurier
562 436 33 25 do
620 432 196 31 Souk-Ahras,
840 438 31 19 se

106 471 91 26 hâtait
213 472 15 25 à
239 480 52 18 son
314 471 110 28 travail,
438 471 25 26 le
475 471 60 25 soir
546 470 65 33 déjà
627 476 84 19 venu.
736 467 56 26 Sur
817 475 52 18 son

109 507 97 33 établi,
230 507 124 35 gisaient
381 506 159 33 pêle-mêle,
565 503 230 33 entre-croisées,
821 502 50 27 des

107 542 90 26 lames
209 542 34 26 de
254 542 110 31 sabres,
381 542 124 33 d'épées,
533 541 34 25 de
594 537 167 35 poignards.
795 536 76 27 Elles

106 576 149 28 brillaient
265 586 51 26 par
328 576 96 27 reflets
451 575 124 34 inégaux
605 575 28 25 et
660 573 122 27 mobiles
808 575 15 24 à
846 573 26 27 la

106 613 84 27 lueur
203 613 86 33 jaune
301 614 27 24 et
344 609 171 30 tremblante
527 609 48 26 des
591 608 115 27 mèches
723 608 146 26 fumeuses

109 648 34 25 de
157 648 74 25 deux
248 647 109 33 lampes
371 645 165 34 primitives
543 653 37 18 au
591 644 51 27 bcc
653 644 122 35 allongé.
785 645 85 26 L'une

107 683 84 35 après
207 683 109 30 l'autre,
334 680 20 25 il
370 680 169 26 fourbissait
554 687 67 19 avec
635 689 39 18 un
691 680 65 26 soin
772 679 78 26 minu-

107 718 80 26 tieux
200 724 46 19 ces
262 723 94 20 armes
374 717 156 34 éprouvées
546 718 27 25 et
589 716 39 26 les
647 715 132 37 rangeait
797 715 72 26 dans

107 754 51 25 des
171 752 93 25 boîtes
282 751 137 34 spéciales
435 751 33 26 de
480 751 182 27 dimensions
684 750 185 34 appropriées

107 789 15 25 à
136 787 107 37 chaque
256 788 152 35 catégorie.

141 823 161 27 Bou-Graïn
327 823 74 26 avait
425 823 105 26 atteint
555 823 25 25 la
613 822 145 26 vieillesse
774 820 5 35 ;
801 820 69 35 l'âge

107 859 77 26 avait
197 857 113 27 blanchi
324 867 32 18 sa
381 857 103 35 longue
506 859 87 26 barbe
611 856 5 37 ;
641 856 18 26 il
690 856 106 26 n'avait
819 862 51 26 pas

106 894 105 26 courbé
227 901 32 19 sa
269 894 85 26 haute
370 894 87 32 taille,
474 894 28 25 ni
536 893 103 26 ralenti
667 900 53 19 son
744 891 124 26 activité.

109 928 56 27 Son
193 937 71 28 sang
292 928 94 26 s'était
406 938 37 17 uu
469 937 54 27 peu
549 927 118 26 refroidi
684 934 67 19 sans
772 926 97 30 doute,

107 965 73 26 mais
197 973 37 17 au
247 965 84 33 profit
344 964 32 26 de
393 973 32 17 sa
439 964 157 34 prudence..
622 963 38 25 Do
680 961 189 34 l'expérience

106 999 156 34 prolongée
275 999 33 26 do
319 998 27 26 la
358 999 44 26 vie
419 999 14 25 à
448 999 107 25 travers
574 997 78 27 mille
673 996 196 31 vicissitudes,

109 1035 18 26 il
142 1033 76 27 avait
229 1033 98 34 acquis
341 1042 54 18 une
409 1032 200 35 remarquable
625 1032 107 27 finesse
751 1031 120 34 d'esprit

107 1070 28 26 et
150 1077 56 19 une
221 1069 141 27 rectitude
378 1069 34 26 de
426 1069 152 34 jugement
592 1069 97 34 qu'eut
704 1068 115 26 enviées
831 1075 38 17 un

107 1104 123 35 logicien
243 1103 33 26 de
288 1103 163 34 profession
465 1107 27 24 et
506 1103 74 27 dont
592 1104 78 25 n'eût
685 1110 51 27 pas
752 1103 52 25 fait
816 1102 17 25 fi
846 1101 26 26 le

105 1140 66 35 iplus
184 1148 102 27 sagaee
299 1140 50 26 des
360 1139 89 27 cadis.

141 1175 50 26 S'il
206 1175 93 26 savait
308 1175 98 26 mieux
432 1182 54 27 que
515 1182 143 26 personne
685 1172 145 35 assouplir
844 1173 27 24 et

106 1211 76 34 polir
191 1209 97 27 l'acier
302 1211 48 34 qui
369 1211 116 26 tranche
511 1208 190 27 violemment
731 1207 40 26 les
788 1207 71 26 diffé-

107 1246 97 32 rends,
221 1244 51 28 nul
285 1253 54 20 non
358 1246 64 33 plus
438 1246 99 26 n'était
555 1252 111 19 comme
689 1244 38 25 lui
754 1240 119 35 capable

107 1280 34 27 de
151 1280 176 27 débrouiller
341 1290 52 17 une
416 1280 98 26 affaire
539 1279 181 34 compliquée
735 1286 37 18 ou
791 1277 33 25 de
841 1284 31 18 se

107 1317 71 26 tirer
193 1316 84 27 d'une
294 1316 146 27 mauvaise
465 1315 123 35 querelle
612 1322 51 27 par
689 1320 57 18 une
765 1311 106 27 subtile

109 1351 126 26 adresse.

142 1385 37 26 La
193 1385 80 32 façon
288 1387 92 25 même
398 1384 70 26 dont
480 1384 18 26 il
520 1383 112 26 soutint
659 1390 52 19 son
729 1382 143 26 industrie

107 1423 28 26 et
151 1429 30 19 se
197 1429 137 19 conserva
347 1421 70 26 dans
435 1420 133 27 l'aisance
581 1419 89 26 serait
689 1426 56 18 une
767 1424 106 26 preuve

109 1456 150 27 suffisante
269 1456 33 26 de
319 1455 220 35 la,supériorité
560 1455 34 26 de
613 1462 52 19 son
679 1453 191 35 intelligence.

107 1493 41 25 En
161 1501 32 18 sa
204 1493 146 34 jeunesse,
367 1492 19 26 il
407 1492 76 27 avait
504 1499 94 19 connu
627 1489 151 27 l'honneur
798 1489 30 25 et
848 1488 25 26 le

107 1527 103 34 plaisir
222 1527 33 26 de
273 1527 146 34 fabriquer
433 1527 33 26 de
495 1526 193 35 magnifiques
704 1533 105 22 armes,
828 1532 31 18 su-

107 1563 169 34 perbement
289 1563 234 34 damasquinées,
541 1563 99 25 sabres
652 1569 38 25 pu
706 1561 167 25 cimeterres

109 1597 66 26 d'un
193 1598 90 33 grand
299 1598 64 33 prix
374 1605 56 26 que
445 1605 31 18 se
491 1596 180 35 disputaient
686 1594 40 27 les
749 1594 78 27 caïds
847 1596 28 24 et

109 1631 40 27 les
165 1631 97 26 cheiks
275 1631 144 33 opulents.
437 1632 52 25 Les
504 1633 92 31 temps
614 1631 115 26 avaient
754 1631 117 33 changé.

109 1667 145 37 L'Algérie
279 1667 136 34 conquise
444 1669 27 24 et
495 1665 143 26 colonisée
659 1674 50 25 par
729 1664 27 26 la
769 1663 104 27 Franco

107 1702 152 35 échappait
275 1703 14 25 à
301 1701 189 35 l'oppression
509 1702 48 25 des
574 1701 77 26 chefs
672 1700 34 26 de
726 1698 89 28 tribu.
837 1700 35 25 Le

107 1746 109 27 pauvre
229 1736 102 37 peuple
347 1736 131 27 devenait
493 1744 38 18 un
550 1744 56 26 peu
634 1735 97 27 moins
756 1742 116 27 pauvre,

109 1773 116 28 arraché
237 1781 56 19 aux
312 1773 146 27 exactions
482 1773 34 26 de
543 1780 45 18 ses
619 1772 118 26 maîtres
765 1769 92 27 musul-

109 1817 83 19 mans
207 1811 27 25 et
246 1809 115 33 n'ayant
386 1811 17 24 à
426 1815 86 27 payer
539 1807 87 35 qu'un
644 1807 92 33 impôt
752 1813 104 27 propor-

107 1845 100 26 tionné
223 1846 27 25 et
266 1845 133 34 régulier.
417 1844 73 27 Mais
506 1843 40 27 les
560 1843 94 26 riches
674 1841 198 26 dominateurs

107 1879 136 34 voyaient
252 1879 141 26 décroître
406 1879 78 26 leurs
501 1879 156 26 richesses.
673 1877 54 27 Dès
750 1877 67 31 lors,
833 1876 40 26 les

109 1917 152 25 coûteuses
281 1922 92 19 armes
389 1916 35 24 où
451 1913 53 26 l'or
529 1913 151 26 s'incruste
693 1912 71 26 dans
781 1912 94 26 l'acier

109 1950 154 27 devinrent
274 1949 65 34 plus
354 1957 78 18 rares
446 1948 5 35 ;
472 1949 93 28 tandis
589 1957 54 25 que
666 1948 40 26 les

109 1984 103 37 gaires,
230 1983 32 26 de
279 1983 120 34 simples
415 1983 168 34 poignards,
598 1982 189 27 d'ordinaires
796 1990 58 18 rou-

109 2013 96 40 leaux,
223 2020 79 26 voire
318 2019 34 26 de
367 2019 119 27 serviles
503 2017 118 32 rasoirs,
644 2016 141 27 restaient
806 2016 66 26 d'un

109 2055 80 26 débit
201 2055 128 26 courant.

142 2089 159 27 Bou-Graïn
328 2088 115 28 souffrit
467 2088 72 26 dans
562 2095 51 19 son
641 2088 64 25 âme
732 2086 138 32 d'artiste,

107 2126 76 27 mais
213 2126 151 34 domptant
387 2125 26 26 la
432 2124 112 30 révolte,
566 2124 34 26 de
614 2131 52 19 son
681 2120 110 37 orgueil
804 2120 57 35 légi-

109 2160 80 32 time,
207 2160 18 26 il
242 2170 30 18 se
288 2161 44 26 dit
351 2170 65 18 avec
433 2167 117 27 sagesse
581 2160 27 26 et
635 2159 119 26 fermeté
776 2165 56 27 que
849 2156 25 26 la

109 2197 112 34 dignité
249 2197 34 26 do
311 2197 135 26 l'homme
471 2194 112 35 dépend
608 2194 96 26 moins
724 2192 38 27 du
787 2199 86 28 genre

109 2231 125 26 d'oeuvre
263 2231 71 34 qu'il
357 2231 117 34 produit
495 2238 54 26 que
580 2230 34 27 de
635 2229 237 35 l'indépendance

109 2264 70 37 qu'il
191 2274 99 18 assure
307 2269 14 22 à
338 2275 32 17 sa
397 2267 44 25 vie
458 2274 52 26 par
523 2264 144 26 l'honnête
693 2264 107 34 emploi
822 2263 51 27 des

109 2302 72 25 dons
195 2300 126 26 naturels
339 2302 28 24 et
380 2301 51 25 dos
442 2298 161 35 aptitudes,
615 2298 191 34 développées
823 2307 50 26 par

106 2335 157 28 l'exercice.
281 2334 66 27 line
364 2335 141 33 dédaigna
520 2334 73 26 donc
605 2342 51 25 pas
677 2334 34 25 de
726 2331 148 37 fabriquer

109 2369 219 37 des.poignards
344 2368 66 27 d'un
426 2369 65 34 prix
507 2368 128 31 modéré,
656 2368 51 26 des
732 2369 139 25 couteaux

107 2408 28 25 et
148 2407 50 26 des
214 2405 107 27 rasoirs
348 2407 15 25 à
381 2406 57 26 bon
461 2404 125 31 marché,
615 2404 73 26 mais
719 2404 19 26 il
765 2404 53 26 mit
841 2413 32 17 sa

109 2441 79 26 fierté
200 2443 15 25 à
230 2440 41 27 les
288 2440 148 37 fabriquer
445 2440 156 27 excellent.;
627 2448 71 26 pour
719 2440 63 26 leur
797 2440 73 34 prix.

107 2477 21 26 Il
142 2486 37 20 en,
200 2478 100 26 vendit
319 2478 157 34 beaucoup,
504 2478 158 30 beaucoup,
693 2478 27 24 et
746 2476 71 26 dans
841 2484 34 19 sa

109 2512 89 32 petite
209 2512 138 33 boutique
360 2512 33 26 do
406 2512 196 31 Souk-Ahras,
617 2512 34 22 où
663 2511 56 24 l'on
728 2511 79 24 venai
815 2512 8 22 t
839 2511 33 24 de

109 2546 70 32 loin,
195 2549 28 24 et
235 2555 51 18 sur
300 2546 41 25 les
358 2546 130 25 marchés
502 2545 34 25 de
560 2544 27 25 la
601 2544 136 33 province
754 2544 37 24 où
807 2543 18 25 il
842 2551 30 17 se

111 2582 112 27 rendait
240 2583 15 24 à
269 2580 151 27 l'occasion
430 2580 50 25 des
491 2578 89 25 foires
591 2577 34 26 de
640 2577 106 26 saison.

143 2616 158 31 Toutefois,
315 2614 21 27 il
351 2622 35 19 ne
402 2614 100 27 voulut
521 2613 107 35 jamais
643 2621 31 18 se
686 2611 187 27 déshabituer

109 2652 50 27 des
174 2650 107 27 formes
296 2650 43 26 les
354 2649 65 37 plus
431 2649 136 26 délicates
581 2649 34 26 de
631 2656 52 19 son
693 2650 52 30 art,
764 2650 27 25 et
801 2656 72 27 pour

109 2695 51 19 son
175 2686 110 35 plaisir,
301 2694 69 20 sans
383 2686 89 27 calcul
495 2686 34 27 de
554 2686 27 26 la
607 2687 81 25 vente
705 2685 165 32 incertaine,

109 2721 20 27 il
141 2722 162 27 continuait
330 2725 17 25 à
367 2722 148 35 fabriquer
542 2730 66 18 avec
634 2730 111 24 amour,
776 2728 34 18 en
827 2730 45 18 ses

109 2759 104 26 heures
224 2759 34 26 de
283 2759 92 32 loisir,
404 2759 229 33 quelques-unes
657 2757 34 26 de
716 2765 46 18 ces
778 2765 94 17 armes

109 2793 135 27 blanches
255 2793 84 27 d'une
351 2796 110 32 trempe
474 2792 200 26 merveilleuse
687 2792 27 26 et
724 2792 83 26 d'une
823 2792 33 26 dé-

109 2830 128 26 coration
253 2829 207 32 éblouissante,
481 2829 71 26 dont
575 2828 40 26 les
639 2829 119 25 maîtres
771 2826 102 26 arabes

109 2864 187 34 apportèrent
309 2865 28 25 et
347 2864 151 26 laissèrent
504 2863 77 33 jadis
595 2863 124 26 lesecret
732 2864 15 25 à
756 2859 115 28 Tolède.

145 2900 34 25 La
191 2900 64 26 nuit
269 2901 60 25 tout
359 2901 14 25 à
403 2898 52 26 fait
470 2906 100 25 venue,
596 2896 167 27 Bou-Graïn
789 2896 59 35 prit
859 2898 15 25 à

107 2935 85 34 peine
202 2934 138 35 quelques
360 2934 104 27 heures
491 2935 33 26 de
554 2933 144 27 sommeil.
725 2933 22 25 A
772 2931 26 26 la
811 2941 47 26 pre-

109 2969 90 27 mière
215 2969 155 27 blancheur
381 2969 38 26 du
441 2969 77 34 jour,
539 2968 20 26 il
579 2968 145 34 chargeait
750 2968 106 26 adroite-

109 3007 81 25 ment
204 3014 33 18 en
256 3014 38 18 un
308 3005 141 35 équilibre
476 3006 103 25 savant
599 3012 46 18 ses
673 3004 94 26 boîtes
782 3002 91 34 plates

109 3050 50 17 sur
170 3040 40 27 les
223 3041 85 26 flancs
322 3040 33 26 de
370 3048 52 18 son
438 3041 52 25 âne
508 3038 5 34 ;
535 3039 150 26 lui-même
700 3038 99 26 s'assit
823 3046 51 18 sur

107 3076 41 27 les
165 3077 78 25 reins
261 3077 37 25 du
313 3084 161 26 courageux
493 3073 109 27 animal
615 3081 6 24 ;
640 3074 27 25 et
680 3073 19 25 il
723 3080 31 19 se
769 3073 54 26 mit
839 3080 33 19 en

109 3112 83 26 route
203 3118 72 26 pour
291 3110 243 32 Ghardi-Mahou,.
547 3109 27 25 la
588 3107 142 35 première
746 3107 67 27 ville
827 3117 32 18 au-

109 3145 63 28 delà
188 3145 34 26 de
234 3145 27 26 là
276 3145 136 26 frontière
432 3145 33 25 de
488 3144 27 26 la
535 3144 119 26 Tunisie
674 3144 60 34 qui,
764 3144 15 26 à
800 3145 73 25 cette

109 3183 120 33 époque,
236 3182 100 26 n'était
351 3189 51 27 pas
416 3189 102 19 encore
536 3180 150 33 française.

144 3217 100 26 C'était
260 3216 24 27 la
298 3216 107 37 grande
419 3216 70 26 foire
510 3216 131 26 annuelle
658 3216 34 26 de
709 3216 73 26 cette
797 3215 61 27 loca-

109 3253 50 26 lité
177 3262 6 21 ;
201 3253 20 26 il
236 3262 15 26 y
265 3254 118 34 parvint
410 3254 15 25 à
454 3253 109 27 l'he.ure
587 3252 34 26 de
647 3250 172 27 l'ouverture
836 3250 38 26 du

109 3288 124 26 marché.
265 3288 34 26 Et
322 3288 136 34 jusqu'au
484 3288 69 32 soir,
580 3288 105 25 s'étant
712 3287 163 26 seulement

109 3324 99 26 nourri
219 3324 34 26 de
269 3324 78 34 pain,
365 3324 33 26 de
415 3322 93 26 dattes
520 3324 27 24 et
560 3321 34 26 de
612 3322 92 34 figues
724 3321 34 26 de
771 3321 86 27 Barba-

109 3359 52 33 rie,
178 3359 28 26 et
222 3359 123 26 abreuve
359 3359 34 25 de
406 3358 73 26 l'eau
495 3357 34 26 de
543 3357 26 25 la
585 3357 137 32 fontaine,
736 3356 19 26 il
775 3365 100 24 exerça

110 3394 70 25 dans
197 3400 54 18 une
266 3392 125 26 sérénité
404 3399 124 27 presque
548 3391 172 27 silencieuse
745 3399 52 18 son
810 3399 48 26 pro-

109 3428 97 28 fitable
221 3430 115 34 négoce.
350 3428 20 26 Il
385 3426 100 27 vendit
501 3428 15 25 à
530 3435 54 26 peu
598 3426 64 34 près
680 3428 60 25 tout
754 3435 52 18 son
823 3426 48 32 lot,

109 3465 44 32 et,.
163 3464 27 26 la
201 3464 106 27 bourse
321 3465 128 30 îoesantc,
465 3462 21 27 il
500 3463 120 33 repartit
630 3470 51 19 sur
693 3470 51 18 son
758 3463 61 25 âne.

144 3500 158 33 Toutefois,
321 3500 26 26 la
357 3500 130 26 distance
504 3498 69 26 était
595 3500 61 33 trop
680 3496 106 37 grande
803 3506 72 27 pour

109 3535 70 34 qu'il
194 3535 39 27 lui
248 3535 44 27 fût
305 3535 128 34 possible
459 3535 34 26 do
519 3542 142 26 regagner
683 3542 32 18 sa
738 3534 136 26 demeure

109 3573 163 24 autrement
285 3570 83 34 qu'en
381 3570 94 34 pleine
491 3569 74 26 nuit.
588 3569 20 25 11
626 3568 157 35 n'ignorait
793 3568 83 34 point

111 3607 89 33 qu'un
220 3606 116 26 homme
351 3607 69 26 dont
432 3614 34 18 on
484 3613 15 18 a
515 3613 37 18 vu
568 3604 170 27 l'escarcelle
756 3612 30 19 se
797 3613 58 18 rem-

107 3641 66 34 plir,
202 3641 130 33 s'expose
360 3650 35 18 en
413 3640 167 26 cheminant
596 3640 72 26 seul,
696 3640 70 26 dans
787 3640 73 26 l'obs-

109 3676 102 32 curité,
228 3677 15 24 à
257 3677 34 25 de
311 3676 146 35 tragiques
472 3674 156 34 surprises.
645 3674 177 27 L'économie
835 3674 38 26 lui

109 3711 156 31 défendait,
291 3711 109 26 d'autre
426 3712 73 32 part,
529 3710 33 26 dé
600 3710 165 34 s'héberger
804 3710 70 27 dan's

110 3745 236 33 Ghardi-Mahou,
363 3754 33 18 on
409 3744 41 26 les
465 3744 165 26 hôtelleries
643 3744 73 26 dans
738 3745 27 25 le
780 3746 94 34 temps

110 3783 33 26 do
164 3782 27 26 la
206 3782 71 26 foire
291 3781 144 27 coûtaient
450 3782 65 33 trop
529 3780 66 27 cher
607 3781 15 25 à
645 3787 52 19 son
723 3782 59 33 gré.
800 3781 76 26 Bou-

110 3817 87 27 Graïn
214 3826 30 19 se
261 3819 61 26 crut
333 3826 66 27 sage
412 3816 35 27 de
463 3816 124 35 prendre
606 3823 39 19 un
673 3816 69 26 tiers
758 3816 72 34 parLi
849 3819 26 24 et

110 3854 34 26 de
159 3854 133 26 s'arrêter
308 3855 14 25 à
337 3844 76 35 la'lin
424 3853 38 26 du
478 3850 168 37 crépuscule
657 3850 70 26 dans
755 3860 56 18 une
834 3860 28 18 es-

109 3888 69 35 pèce
190 3888 34 27 de
244 3888 132 27 métairie
404 3888 34 26 de
458 3888 111 26 chétive
596 3894 169 27 apparence,
791 3888 84 26 tenue

109 3933 52 26 par
171 3924 51 27 des
240 3924 161 35 indigènes,
423 3932 46 18 ses
489 3922 266 35 coreligionnaires.
791 3922 37 26 La
837 3922 38 26 loi

110 3959 34 27 de
170 3959 144 27 Mahomet
339 3959 122 35 prescrit
496 3959 34 26 de
561 3959 133 33 toujours
723 3959 99 26 ouvrir
850 3958 26 27 la

109 3997 83 32 porte
203 3996 14 25 à
233 4004 37 17 un
287 3996 73 26 frère
377 3997 27 25 et
419 3994 33 26 de
469 3993 41 27 lui
526 3993 110 27 donner
658 3993 59 26 abri
737 4002 69 18 sous
823 4002 51 19 sou

109 4030 65 26 toit.

190 4063 41 26 Tu
249 4071 28 19 es
295 4064 24 26 le
334 4064 155 32 bienvenu,
504 4064 43 26 dit
556 4065 17 25 à
589 4064 162 26 l'armurier
772 4064 22 26 te
811 4064 64 26 chef

110 4101 34 26 do
158 4098 28 28 la
202 4098 113 27 maison
333 4097 5 38 :
353 4097 102 27 louons
467 4098 83 26 Allah
566 4101 50 34 qui
630 4101 102 26 amène
748 4109 37 17 un
803 4100 72 27 frère

111 4137 14 25 à
142 4143 52 19 son
208 4135 84 27 frère.

144 4172 34 26 Et
194 4172 41 26 les
266 4169 69 28 trois
360 4168 45 27 fils
426 4168 39 27 du
488 4168 64 26 chef
574 4168 34 26 dd
633 4168 27 26 la
685 4170 123 30 maison,
827 4172 48 34 qui

110 4207 109 26 étaient
241 4207 66 34 déjà
327 4206 33 27 de
387 4205 103 35 jeunes
510 4204 132 26 hommes
659 4205 117 27 ardents
791 4207 26 25 et
835 4207 27 26 vi-

111 4251 138 28 goureux,
261 4243 164 37 répétèrent
441 4243 5 37 :

194 4278 63 27 Sois
268 4278 25 27 le
308 4279 155 32 bienvenu,
481 4285 35 18 au
530 4283 66 20 nom
611 4273 110 27 d'Allah
741 4273 5 38 !

143 4312 38 27 Ils
193 4311 130 38 logèrent
347 4315 72 26 l'âne
444 4320 67 20 sous
539 4320 38 18 un
602 4311 119 34 hangar,
739 4310 136 28 l'homme

112 4349 70 27 dans
198 4357 57 19 une
272 4350 78 33 pièce
379 4350 102 26 étroite
501 4350 28 25 et
554 4346 116 35 longue,
700 4355 37 17 au
761 4348 99 26 rez-de-

112 4383 148 34 chaussée,
283 4393 128 26 pourvue
439 4393 73 27 pour
542 4383 63 26 tout
630 4382 135 27 mobilier
793 4383 83 26 d'une

109 4421 80 25 natte
204 4421 124 26 étendue
341 4429 50 19 sur
405 4421 27 26 la
448 4423 74 24 terre
533 4420 109 31 battue,
673 4417 33 26 de
736 4419 139 35 quelques

110 4454 85 27 vieux
211 4455 133 27 coussins
359 4457 27 25 et
399 4455 66 27 d'un
482 4455 106 35 baquet
602 4453 78 35 plein
696 4453 81 28 d'eau
804 4463 58 25 poul-

110 4491 40 27 ies
167 4488 155 28 ablutions.

191 4525 32 25 Je
250 4526 73 25 serai
348 4526 25 26 là
402 4526 57 27 fort
478 4527 76 30 bien,
582 4525 112 28 déclara
713 4525 159 27 Bou-Graïn

110 4569 67 20 avec
196 4567 38 19 un
254 4560 112 26 sourire
390 4561 34 25 de
452 4563 216 26 contentement
693 4559 165 37 philosophi-

109 4605 56 27 que
178 4604 6 25 ;
210 4594 20 27 il
259 4596 46 34 n'y
328 4603 123 28 manque
472 4598 58 25 rien
561 4598 34 26 de
624 4597 249 34 l'indispensable.

107 4633 98 26 Bonne
223 4631 64 27 nuit
300 4638 67 19 sous
384 4631 27 26 la
425 4632 86 33 garde
523 4632 120 26 d'Allah.

143 4669 34 26 Et
191 4668 144 26 l'honnête
360 4667 152 31 armurier,
539 4668 79 26 roulé
647 4668 72 26 clans
736 4676 52 18 son
806 4669 53 26 bur-

107 4713 84 24 nous,
204 4703 156 35 s'allongea
372 4709 50 20 sur
432 4702 26 26 la
471 4703 87 28 natte,
575 4710 38 19 un
632 4703 119 26 coussin
765 4711 67 18 sous
849 4703 26 26 la

107 4742 67 31 tête,
191 4742 27 25 et
231 4737 170 30 s'endormit
418 4744 66 19 sans
500 4736 135 26 défiance.

141 4775 130 27 Derrière
282 4775 26 26 la
320 4775 80 34 porto
415 4773 76 28 close
501 4772 33 27 de
549 4772 27 26 la
592 4772 146 34 chambre,
764 4774 25 26 le
807 4774 66 33 plus

915 175 85 34 jeune
1012 175 51 27 dos
1078 176 54 33 fils,
1148 185 56 18 aux
1219 178 111 33 aguets,
1352 176 91 34 épiait
1470 184 52 19 son
1540 174 144 32 sommeil,

915 211 28 25 et
959 210 97 34 quand
1071 210 26 27 la
1113 213 175 34 respiration
1313 211 143 35 régulière
1482 211 35 26 de
1545 210 61 26 leur
1620 210 67 26 hôte

915 248 27 24 et
957 254 46 18 ses
1019 247 188 28 ronflements
1222 255 120 20 sonores
1357 255 35 19 ne
1409 247 40 26 lui
1469 246 155 27 laissèrent
1636 254 35 18 au-

915 288 54 18 cun
986 281 98 33 cloute,
1103 282 18 26 il
1137 285 137 25 retourna
1302 285 15 25 à
1341 291 51 27 pas
1417 281 122 27 étouffés
1559 281 66 33 près
1652 281 35 26 de

915 324 45 18 ses
979 315 89 28 frères
1085 320 27 25 et
1128 319 61 27 leur
1205 319 43 26 dit
1264 315 5 31 :

998 352 175 28 Savez-vous
1188 354 48 34 qui
1260 356 45 25 est
1328 356 45 25 cet
1397 354 116 26 homme
1543 360 56 28 que
1613 360 74 19 nous

915 385 118 37 logeons
1050 387 13 26 ?
1078 389 346 34 Bou-Graïn,l'armurier
1440 390 34 26 de
1491 387 194 28 Souk-Ahras.

915 420 176 31 Savez-vous
1109 432 31 19 cc
1156 425 48 34 qui
1221 425 76 34 pend
1311 426 15 25 à
1348 433 32 18 sa
1394 425 130 26 ceinture
1550 431 69 20 sous
1632 431 53 19 son

915 457 130 28 burnous
1057 459 60 31 ?...
1137 459 58 28 Une
1212 461 105 27 bourse
1331 459 94 37 pleine
1450 461 34 26 do
1504 461 96 34 pièces
1612 458 60 27 d'ar-

915 496 69 34 gent
1012 496 27 25 et
1069 496 35 27 de
1129 496 94 34 pièces
1254 496 67 27 d'or.
1349 496 98 27 J'étais
1463 504 37 18 au
1521 494 115 28 marché
1651 496 44 27 de,

915 529 241 30 Ghardi-Mahou.
1175 531 20 26 Il
1209 541 35 17 en
1256 540 17 18 a
1287 539 149 28 pour.une
1456 539 102 28 grosse
1573 537 113 19 somme

915 566 71 27 dans
1004 574 52 18 son
1071 568 73 33 petit
1159 575 47 19 sac
1218 568 34 26 de
1269 567 70 32 cuiij,
1354 567 51 26 J'ai
1424 568 77 25 toute
1530 566 25 26 la
1567 566 119 34 journée

915 601 122 33 regardé
1052 609 33 19 sa
1098 602 149 34 boutique.

998 637 43 26 Ah
1058 638 6 25 !
1082 638 35 26 ah
1133 634 5 39 !
1155 638 85 27 firent
1252 646 46 20 ses
1316 638 99 33 frères,
1433 646 102 27 grosse
1554 634 133 30 somme?

915 673 27 26 et
960 672 74 27 alors
1045 672 13 26 ?

1003 707 94 32 Alors,
1114 707 19 27 il
1149 709 61 26 faut
1224 707 26 27 la
1261 707 41 26 lui
1319 707 133 35 prendre.

998 743 74 27 C'est
1089 751 28 19 ce
1135 752 54 25 que
1213 744 27 33 je
1267 744 126 33 pensais,
1423 744 96 26 diront
1541 751 32 19 en
1591 743 93 26 même

915 780 97 33 temps
1031 777 40 27 les
1088 778 74 26 deux
1173 781 107 25 autres.

999 813 81 27 A-t-il
1097 814 51 27 dos
1166 823 94 18 armes
1273 814 13 26 ?
1306 814 144 27 demanda
1470 813 94 27 l'aîné.

994 849 74 26 Pour
1081 856 31 19 se
1136 849 138 26 défendre
1286 849 13 26 ?
1325 857 58 18 non
1401 857 6 18 ;
1436 849 85 26 celles
1548 848 70 34 qu'il
1643 849 44 25 n'a

915 891 50 27 pas
981 883 129 26 vendues
1127 887 66 24 sont
1207 885 71 27 clans
1293 885 52 26 des
1361 886 96 26 boîtes
1468 883 133 31 fermées,
1616 883 71 34 qu'il

914 927 15 17 a
944 919 141 34 empilées
1100 919 26 27 le
1146 919 69 35 long
1235 920 38 26 du
1304 927 65 19 mur
1390 920 33 26 de
1455 919 25 27 la
1491 920 145 26 chambre.
1663 919 18 26 Il

914 954 98 25 n'aura
1023 961 51 26 pas
1089 953 24 27 le
1131 957 93 32 temps
1241 956 34 26 de
1286 954 39 27 les
1341 956 107 31 ouvrir,
1466 954 24 26 si
1514 963 72 18 nous
1610 963 74 18 nous

913 997 18 27 y
945 996 126 27 prenons
1089 990 266 27 convenablement.

999 1024 20 26 Il
1036 1025 74 26 n'est
1122 1033 51 27 pas
1188 1025 162 26 nécessaire
1375 1025 34 26 de
1436 1025 25 26 le
1485 1026 71 31 tuer,
1573 1031 111 20 rcmar-
1703 1024 1 37 '

914 1068 57 26 qna
985 1057 93 28 l'aîné.

998 1095 71 27 Sans
1084 1096 97 30 doute,
1198 1096 133 34 répliqua
1354 1096 26 26 le
1407 1096 117 32 second,
1554 1097 15 25 à
1589 1095 96 27 moins

914 1129 70 34 qu'il
1006 1137 35 18 ne
1068 1130 125 27 s'éveille
1221 1130 57 26 mal
1311 1133 15 24 à
1355 1139 106 27 propos
1487 1133 28 25 et
1546 1139 34 18 ne
1606 1129 78 27 fasse

915 1165 169 27 résistance.

997 1201 32 26 Et
1056 1201 71 26 dans
1153 1209 30 18 ce
1209 1209 58 24 cas,
1293 1204 112 24 conclut
1423 1201 24 26 le
1473 1201 96 33 jeune,
1592 1208 35 19 on
1644 1200 40 26 lui

915 1243 123 27 coupera
1049 1234 27 26 la
1085 1245 89 27 gorge
1189 1245 67 19 avec
1272 1245 40 17 un
1328 1237 33 26 de
1383 1245 48 18 ses
1453 1237 120 32 rasoirs,
1590 1244 54 27 que
1657 1235 30 34 je

915 1270 61 25 vais
993 1271 71 26 tirer
1077 1266 85 32 d'une
1194 1272 34 26 de
1257 1279 47 19 ses
1324 1272 104 31 boîtes,
1446 1272 34 26 de
1504 1272 80 33 façon
1599 1271 85 34 qu'on

915 1312 107 26 pourra
1038 1307 91 25 croire
1142 1306 69 35 qu'il
1227 1306 70 27 s'est
1309 1306 122 32 suicidé,
1443 1309 28 24 et
1487 1306 70 27 c'est
1573 1315 28 18 cc
1626 1312 56 28 que
1703 1306 1 35 j

915 1348 73 18 nous
1006 1339 111 30 dirons.

951 1376 94 26 L'aîné
1063 1377 31 26 fit
1107 1385 102 18 encore
1224 1385 57 18 une
1297 1377 133 33 question
1447 1385 35 18 au
1498 1377 90 26 cadet.

998 1411 86 26 As-tu
1102 1415 89 33 songé
1207 1414 64 33 qu'à
1296 1421 53 17 son
1363 1411 89 27 réveil
1470 1411 18 27 il
1508 1413 177 34 s'apercevra

915 1444 34 26 de
966 1446 193 35 l'allégement
1175 1449 33 26 do
1221 1456 33 19 sa
1267 1448 126 26 ceinture
1403 1455 51 26 par
1469 1447 27 26 la
1511 1448 174 33 disparition

917 1480 34 27 de
967 1488 32 19 sa
1009 1481 105 27 bourse
1126 1482 14 26 ?

999 1518 89 25 Aussi
1103 1518 118 35 s'agit-il
1235 1518 87 28 d'être
1338 1518 98 27 adroit
1446 1518 76 26 deux
1538 1517 54 28 fois
1612 1525 73 27 pour

915 1552 28 26 la
971 1551 145 34 détacher,
1143 1563 72 25 pour
1238 1553 26 26 la
1293 1553 143 26 rattacher
1465 1553 84 34 après
1586 1552 98 27 l'avoir

915 1586 92 31 vidée,
1028 1587 64 33 puis
1109 1589 120 34 remplie
1238 1589 64 26 d'un
1318 1589 80 34 poids
1411 1587 63 35 égal
1482 1587 34 27 do
1534 1589 148 34 baïoques.

999 1622 34 26 Et
1055 1625 30 24 tu
1098 1631 81 20 seras
1195 1631 78 20 assez
1289 1624 93 27 adroit
1394 1624 13 25 ?

999 1657 60 26 J'en
1078 1659 135 33 réponds,
1228 1658 19 26 il
1267 1667 33 18 ne
1330 1658 110 26 sentira
1467 1658 71 32 rien,
1556 1667 31 18 ce
1612 1658 73 26 n'est

915 1700 52 26 pas
984 1693 215 35 d'aujourd'hui
1218 1703 54 26 que
1285 1695 27 33 je
1328 1694 52 26 fais
1397 1694 24 26 le
1434 1695 112 31 métier,
1564 1696 27 24 et
1606 1702 35 18 ne
1658 1696 26 22 te

915 1728 189 28 souvipns-tu
1130 1737 52 26 pas
1202 1737 56 27 que
1287 1729 48 34 j'ai
1358 1729 72 26 saisi
1456 1737 35 18 au
1521 1729 71 26 haut
1616 1729 69 26 d'un

917 1762 89 26 chêne
1020 1766 28 24 et
1062 1763 144 27 descendu
1221 1765 116 34 jusqu'à
1351 1767 72 24 terre
1440 1773 38 17 un
1499 1765 48 26 nid
1573 1763 96 35 d'éper-

915 1798 78 27 viers
1010 1807 69 18 sans
1106 1800 131 28 réveiller
1259 1800 27 26 la
1310 1801 78 25 mère
1417 1800 139 26 dormant'
1578 1807 51 18 sur
1654 1807 31 19 sa

917 1834 104 25 couvée
1037 1834 12 25 ?
1064 1834 167 35 Cependant
1241 1844 56 25 que
1312 1837 83 24 notre
1410 1834 84 32 fi-ôro,
1508 1835 17 25 à
1543 1835 63 25 tout
1618 1835 50 25 évé-

917 1871 126 28 nement,
1058 1878 32 18 se
1104 1871 96 26 tienne
1213 1873 73 32 pt'èt,
1306 1870 22 26 le
1348 1870 92 26 rasoir
1455 1872 14 22 à
1482 1869 28 27 la
1524 1871 89 25 main.

951 1903 35 26 Ils
1002 1905 148 26 entrèrent
1161 1915 67 17 sans
1240 1905 89 27 bruit,
1356 1906 27 25 et
1407 1905 154 33 opérèrent
1572 1912 112 19 comme

917 1938 35 26 ils
967 1946 33 18 en
1018 1939 107 27 étaient
1137 1949 156 19 convenus.
1312 1939 148 27 Toutefois
1472 1938 24 27 le
1508 1939 65 34 plus
1584 1939 98 34 jeune,

918 1976 63 33 trop
997 1976 237 34 présomptueux,
1248 1977 51 25 eut
1313 1976 27 25 la
1354 1976 77 25 main
1444 1975 64 34 plus
1524 1976 109 30 lourde,
1646 1983 38 19 ou

917 2009 163 27 Bou-Graïn
1094 2011 77 26 avait
1187 2011 24 26 le
1225 2009 135 27 sommeil
1371 2009 65 37 plus
1454 2010 80 35 léger
1547 2019 56 26 que
1628 2010 43 26 n'a-

915 2044 59 26 vait
986 2043 152 30 la.femelle
1149 2047 34 26 de
1198 2047 157 34 l'épervier.
1378 2046 35 26 Le
1430 2046 60 26 volé
1513 2047 92 26 sentit
1629 2046 56 26 fort

917 2080 221 28 distinctement
1156 2081 26 26 le
1208 2081 56 33 vol,
1294 2081 73 26 mais
1384 2081 20 26 il
1424 2082 100 33 perçut
1541 2089 33 18 en
1590 2082 94 25 même

919 2119 92 31 temps
1025 2115 26 26 la
1067 2118 137 33 présence
1225 2117 50 27 des
1292 2117 71 26 trois
1380 2115 90 27 frères
1492 2119 28 24 et
1543 2117 77 26 leurs
1639 2117 31 25 in-

917 2152 138 31 tentions,
1072 2153 126 33 comprit
1218 2153 87 33 qu'un
1326 2151 83 35 signe
1424 2152 103 27 d'éveil
1550 2152 24 26 le
1599 2152 85 26 ferait

917 2186 103 26 mettre
1041 2189 17 24 à
1069 2190 84 24 mort.
1172 2186 21 26 Il
1212 2186 107 27 simula
1333 2187 73 26 donc
1419 2196 38 17 un
1473 2186 135 27 sommeil
1618 2186 66 35 plus

917 2220 122 35 profond
1052 2230 53 27 que
1120 2231 51 19 son
1195 2222 136 27 sommeil
1359 2223 115 26 naturel
1504 2225 28 25 et
1547 2223 137 26 continua

917 2257 33 26 de
964 2257 119 26 souffler
1091 2257 71 26 dans
1176 2257 24 26 le
1213 2259 93 25 même
1319 2257 111 34 rythme
1443 2259 27 24 et
1483 2257 25 26 le
1521 2258 94 25 même
1625 2259 57 24 ton.

950 2293 53 25 Les
1031 2291 193 34 malfaiteurs,
1253 2294 116 26 traîtres
1394 2295 15 24 à
1434 2293 198 35 l'hospitalité,
1651 2301 31 18 se

915 2328 154 27 retirèrent
1083 2329 152 26 satisfaits.
1254 2329 37 25 Le
1306 2328 66 26 vieil
1385 2329 143 25 armurier
1544 2336 31 19 se
1599 2328 58 34 prit
1670 2329 14 25 à

917 2362 131 26 réfléchir
1064 2372 34 17 au
1116 2372 102 26 moyen
1234 2362 34 26 do
1284 2362 39 26 les
1337 2362 171 26 convaincre
1538 2365 27 24 et
1592 2362 33 26 de
1642 2362 41 26 l'es

915 2398 71 27 faire
999 2398 98 35 punir,
1124 2400 38 31 et,
1191 2398 25 27 si
1239 2398 139 35 possible,
1401 2398 34 27 de
1453 2406 151 19 recouvrer
1631 2406 53 18 son

918 2434 78 27 bien.

950 2476 37 26 Ce
999 2474 76 26 n'est
1084 2481 53 26 pas
1166 2480 69 19 sans
1261 2474 162 25 amertume
1455 2483 35 18 au
1515 2481 78 19 cœur
1613 2476 71 33 qu'il

915 2509 150 33 soupesait
1078 2517 33 15 sa
1139 2507 169 31 bourse'où,
1332 2516 54 15 une
1415 2507 163 33 malpropre
1600 2516 64 18 mon-

915 2542 65 30 naie
993 2541 34 26 de
1042 2541 130 25 mauvais
1182 2541 116 30 bronze,
1307 2541 115 32 n'ayant
1433 2542 152 32 mèmepas
1599 2549 84 18 cours

915 2577 67 25 hors
999 2574 34 28 dé
1049 2575 27 26 la
1098 2574 137 35 Régence,
1253 2572 69 26 était
1337 2574 162 27 substituée
1514 2583 53 18 aux
1592 2575 89 27 belles

915 2611 94 37 pièces
1028 2610 130 35 d'argent
1175 2610 158 26 sonnantes
1365 2610 26 26 et
1419 2619 56 18 aux
1499 2610 92 27 beaux
1607 2609 76 30 louis

915 2649 61 26 d'or
991 2647 145 28 brillants.

951 2686 35 26 Sa
999 2683 167 27 méditation
1185 2691 35 17 ne
1238 2681 43 26 fut
1296 2691 51 25 pas
1363 2682 91 26 vaine-.
1480 2682 204 37 L'inspiration

917 2721 33 25 de
964 2730 33 17 sa
1012 2719 143 34 prudence
1172 2719 151 24 rasséréna
1336 2726 46 19 ses
1401 2719 97 31 traits;
1524 2720 28 25 et
1569 2727 35 19 au
1619 2720 66 33 jour

918 2757 18 25 il
951 2765 30 17 se
992 2754 63 27 lova
1067 2752 167 34 tranquille,
1251 2753 105 32 résolu,
1371 2753 72 26 dans
1463 2753 128 27 l'intérêt
1603 2754 34 26 do
1654 2764 32 18 sa

918 2792 43 26 vie
976 2792 28 25 et
1019 2791 39 25 du
1072 2789 98 27 succès
1195 2786 34 26 de
1254 2796 53 18 son
1329 2787 128 34 dessein,
1483 2791 17 25 à
1515 2790 170 27 dissimuler

917 2825 70 37 qu'il
999 2823 262 28 eûtconnaissance
1276 2823 38 26 du
1326 2823 91 27 larcin
1433 2825 30 26 et
1481 2825 15 26 à
1514 2825 107 33 quitter
1637 2833 47 18 ses

915 2862 93 30 hôtes,
1025 2868 56 27 que
1094 2857 182 27 maintenant
1292 2857 20 26 il
1323 2858 93 27 savait
1431 2859 131 34 capables
1573 2861 33 26 de
1618 2863 65 25 tous

917 2896 41 27 les
969 2896 123 31 forfaits,
1107 2894 26 25 la
1155 2893 191 27 mansuétude
1374 2894 71 27 dans
1462 2895 40 27 les
1518 2903 76 26 yeux
1615 2897 28 25 et
1659 2896 25 27 le

917 2930 221 30 remerciement
1154 2936 54 17 aux
1221 2928 103 27 lèvres.

952 2968 93 26 Avant
1061 2966 34 26 de
1108 2962 87 27 sortir
1207 2962 34 26 de
1258 2965 73 25 cette
1342 2963 136 28 chambre
1502 2966 37 26 où
1567 2965 19 27 il
1609 2967 76 26 avait

917 3002 104 32 dormi,
1038 2995 164 32 Bou-GràSti
1208 2998 155 35 accomplit
1369 3007 38 19 un
1422 3001 118 26 curieux
1552 3002 131 33 manège.

952 3035 145 38 Dépouille
1113 3033 34 27 de
1170 3040 46 19 ses
1234 3033 162 28 vêtements
1420 3044 112 19 comme
1557 3044 74 27 pour
1644 3039 40 26 les

917 3073 156 30 ablutions,
1090 3078 53 27 que
1156 3066 248 37 religieusement,
1423 3079 34 18 en
1475 3072 74 32 effet,
1579 3072 20 27 il
1617 3080 48 26 pra-

917 3110 81 34 tiqua
1058 3105 19 27 ii
1095 3111 118 27 masque
1228 3103 26 26 la
1267 3105 89 33 petite
1371 3105 109 27 fenêtre
1495 3115 66 19 avec,
1572 3116 32 18 sa
1615 3117 53 26 gan-

917 3144 99 33 doura,
1032 3139 118 37 aveugle
1165 3138 40 26 les
1220 3138 92 27 fentes
1329 3141 69 26 delà
1411 3144 80 32 porte
1508 3151 33 18 on
1560 3151 107 26 suspen-

917 3181 70 26 dant
1011 3178 106 26 devant
1143 3182 52 18 son
1222 3174 141 28 burnous.
1393 3177 54 26 Sûr
1474 3177 76 26 ainsi
1589 3178 34 26 de
1651 3187 34 18 no

915 3214 124 37 pouvoir
1052 3214 61 25 être
1127 3216 46 25 vu,
1194 3208 19 26 il
1231 3209 54 27 tire
1299 3210 85 27 d'une
1404 3211 33 27 de
1463 3221 48 18 ses
1534 3214 93 26 boîtes
1645 3223 39 17 un

917 3249 151 37 poignard,
1082 3246 92 27 relève
1188 3242 27 26 la
1227 3246 78 25 natte
1320 3247 51 34 qui
1393 3247 38 26 lui
1449 3248 90 27 servit
1563 3249 35 26 de
1617 3257 51 18 cou-

917 3278 61 41 che',
994 3287 28 25 et
1038 3283 63 26 tout
1114 3281 182 31 doucement,
1309 3288 67 20 sans
1393 3282 26 26 lo
1448 3283 132 26 moindre
1593 3285 90 33 bruit,

917 3321 21 26 il
963 3327 99 19 creuse
1087 3317 71 27 dans
1178 3309 30 31 la
1228 3314 77 27 terre
1319 3317 100 27 battue
1435 3327 37 18 un
1499 3320 64 25 trou
1584 3320 96 33 étroit,

918 3354 122 38 profond
1056 3353 34 26 de
1104 3351 47 27 dix
1167 3350 187 30 centimètres
1369 3353 130 27 environ.

952 3391 67 27 Cela
1031 3390 60 30 fait,
1109 3386 15 26 il
1147 3385 167 33 s'approche
1342 3389 33 26 de
1401 3398 53 17 son
1478 3390 129 26 burnous
1636 3390 33 27 dé-

917 3426 83 37 ployé
1013 3428 28 24 et
1057 3425 69 26 dans
1154 3419 22 26 le
1202 3429 56 25 pan
1281 3422 34 25 de
1343 3425 132 32 dessous,
1493 3425 126 34 découpe
1645 3433 38 18 un

918 3463 71 26 rond
1005 3458 112 28 d'étoffe
1130 3456 34 26 de
1186 3452 31 28 lia
1231 3456 169 32 dimension,
1426 3459 84 28 d'une
1540 3459 79 35 pièce
1650 3461 34 26 de

918 3498 69 33 cinq
1007 3497 104 25 francs.
1130 3491 20 25 Il
1172 3490 112 26 enfouit
1312 3497 72 25 cette
1409 3494 126 27 rondelle
1560 3496 72 26 dans
1661 3496 24 26 lo

920 3536 60 25 trou
1000 3531 69 35 qu'il
1097 3524 141 31 rebouche
1278 3530 240 37 soigneusement
1540 3533 27 24 et
1581 3524 5 43 •
1605 3530 81 27 rabat

919 3569 25 26 la
970 3570 77 24 natte
1071 3569 111 21 comme
1198 3568 187 27 auparavant.

953 3605 56 26 Peu
1024 3601 93 35 après,
1135 3605 67 19 sans
1221 3599 161 37 témoigner
1397 3601 33 26 do
1446 3601 76 31 hâte,
1540 3601 20 26 il
1580 3601 87 26 harna-

918 3640 50 26 che
985 3641 27 25 et
1024 3635 80 30 bride
1121 3641 51 18 son
1188 3633 61 33 âne,
1267 3638 142 34 prodigue
1426 3639 15 24 à
1457 3645 47 18 ses
1533 3637 81 27 hôtes
1642 3637 43 27 les

918 3674 106 26 selams
1042 3673 125 31 d'usage,
1186 3670 27 24 et
1226 3671 70 27 offre
1322 3672 33 27 d-e
1371 3672 63 26 leur
1462 3679 86 26 pavor
1573 3671 24 27 le
1613 3673 70 33 gîte.

919 3710 72 27 Mais
1006 3717 54 19 eux
1077 3705 48 37 qui
1139 3712 34 18 no
1200 3705 116 27 veulent
1345 3716 51 27 pas
1417 3706 71 35 qu'il
1511 3705 175 38 s'aperçoive

919 3745 70 27 si'tôt
1005 3744 35 26 du
1057 3742 54 30 vol,
1130 3746 73 18 —ce
1226 3742 47 33 qui
1292 3751 40 18 ne
1345 3743 118 34 pouvait
1479 3749 141 28 manquer
1639 3743 46 27 s'il

918 3780 115 28 ouvrait
1046 3787 32 19 sa
1101 3777 115 30 bourse,
1307 3777 63 27 fout
1396 3776 40 28 tes
1467 3778 155 35 généreux,

919 3816 74 27 ainsi
1006 3823 54 27 que
1082 3813 41 33 s'y
1137 3810 143 28 attendait
1299 3813 176 33 Bou-Graïn,
1499 3815 28 25 et
1553 3813 131 27 refusent

920 3853 78 26 toute
1015 3844 227 32 rémunération.

954 3887 34 26 Et
1000 3886 107 27 chacun
1123 3882 15 25 à
1150 3881 65 34 part
1228 3882 43 25 soi
1286 3892 30 18 so
1328 3883 169 34 réjouissait
1514 3882 33 28 de
1573 3892 33 18 sa
1623 3892 43 18 ma-

919 3921 54 27 lice
989 3924 28 25 et
1030 3921 38 26 du
1084 3920 54 26 bon
1155 3919 63 24 tour
1234 3917 77 34 joué.
1338 3920 53 27 Car
1411 3927 56 19 eux
1494 3927 31 19 se
1552 3919 135 34 voyaient

920 3957 182 28 maintenant
1136 3952 169 34 tranquilles
1338 3963 189 27 possesseurs
1554 3954 34 26 de
1622 3954 52 25 l'ar-

919 3994 77 34 gent,
1012 3994 28 24 et
1056 3986 163 32 Bou-Graïn
1235 3990 71 27 était
1323 3991 159 27 désormais
1513 3989 107 28 certain
1651 3990 33 27 de

920 4030 40 26 les
972 4025 164 31 confondre.

956 4062 196 35 L'expérience
1179 4057 76 28 avait
1279 4062 137 34 enseigné
1444 4061 27 26 la
1495 4061 126 27 défiance
1651 4069 35 18 au

920 4098 131 28 vieillard
1065 4095 4 35 :
1087 4096 40 26 les
1153 4095 131 33 coquins,
1315 4096 57 27 fort
1398 4097 93 32 rusés,
1519 4096 168 34 pourraient

920 4136 66 26 bien
1016 4129 151 32 surveiller
1193 4129 93 33 quelle
1311 4131 139 28 direction
1474 4131 20 26 il
1520 4131 149 34 prendrait
1680 4140 6 24 ;

920 4170 60 26 s'ils
993 4168 131 27 l'avaient
1136 4173 35 18 vu
1186 4165 191 30 s'acheminer
1385 4175 64 19 vers
1460 4167 227 27 Ghardi-Mahou

920 4214 34 18 au
967 4206 58 26 lieu
1038 4205 34 27 de
1087 4201 96 28 suivre
1200 4199 26 27 la
1252 4205 80 24 route
1363 4202 34 27 de
1421 4201 198 33 Sfiuk-Ahras,
1651 4201 34 26 ils

920 4241 131 26 auraient
1065 4235 103 31 deviné
1181 4233 25 27 le
1222 4235 66 28 faux
1318 4238 144 27 semblant
1488 4239 34 26 de
1552 4246 47 19 ses
1625 4246 41 17 ma-

920 4278 93 26 nières
1028 4283 67 19 avec
1122 4279 64 24 eux,
1201 4273 27 24 et
1241 4279 52 20 sur
1306 4273 25 27 le
1345 4273 113 27 chemin
1486 4273 41 26 lui
1554 4273 132 26 auraient

921 4312 87 26 tendu
1023 4318 56 20 une
1098 4305 138 30 embûche
1265 4317 73 25 pour
1367 4310 70 34 qu'il
1465 4309 141 27 n'arrivât
1633 4317 52 26 pas

921 4348 99 26 vivant
1031 4344 135 38 jusqu'au
1181 4342 110 28 bureau
1306 4344 34 26 de
1356 4344 100 35 police.

954 4383 21 26 Il
992 4389 105 28 poussa
1113 4378 72 27 donc
1201 4384 32 19 sa
1247 4382 133 25 monture
1397 4381 70 26 dans
1498 4380 27 26 la
1544 4378 142 27 direction

921 4419 33 27 de
967 4416 187 28 Souk-Ahras
1169 4413 116 35 jusqu'à
1300 4416 65 34 cinq
1391 4417 78 25 cents
1495 4415 107 26 mètres
1633 4423 35 18 en-

919 4455 81 26 viron
1019 4462 33 18 au
1067 4450 60 28 delà
1146 4449 66 26 d'un
1228 4449 105 27 double
1346 4452 90 26 coude
1452 4459 6 24 ;
1475 4449 26 27 là
1520 4449 111 27 courait
1646 4457 39 18 un

920 4489 86 27 faible
1022 4488 133 26 ruisseau
1168 4483 60 35 qui,
1232 4488 126 32 coupant
1371 4486 26 27 la
1413 4488 81 25 route
1508 4488 28 24 et
1548 4488 120 24 contour-

920 4527 70 25 nant
1000 4533 57 19 une
1071 4520 110 31 colline,
1191 4520 157 35 rejoignait
1361 4525 74 24 cette
1447 4524 81 24 route
1538 4522 15 24 à
1565 4530 38 17 un
1615 4519 57 27 kilo-

919 4561 91 26 mètre
1028 4559 64 35 plus
1101 4558 51 26 bas
1169 4563 53 26 que
1246 4556 26 26 la
1285 4557 102 31 ferme,
1401 4559 28 25 et
1455 4559 15 25 à
1489 4556 118 37 pareille
1625 4556 46 26 dis-

921 4599 79 24 tance
1017 4594 33 26 do
1063 4591 234 28 Ghardi-Mahou.
1316 4592 35 26 Le
1365 4593 65 34 plan
1456 4592 34 26 de
1519 4591 165 27 Bou-Graïn

919 4632 70 26 était
1002 4631 33 26 de
1051 4630 59 26 filer
1124 4635 52 27 par
1193 4625 24 26 le
1231 4626 33 26 lit
1276 4628 39 26 du
1330 4630 143 28 ruisseau,
1491 4628 35 27 de
1541 4628 143 33 façonque

919 4668 50 26 des
984 4675 48 27 pas
1050 4665 34 26 de
1104 4670 52 20 son
1173 4663 52 24 âne
1244 4662 17 26 il
1277 4671 35 19 ne
1326 4665 92 25 restât
1430 4664 80 33 point
1525 4664 34 26 de
1576 4665 107 27 traces;

919 4703 74 26 mais
1010 4704 60 32 trop
1088 4706 67 27 sage
1173 4704 72 26 pour
1274 4700 123 26 omettre
1427 4707 110 19 aucune
1565 4700 103 33 précau-

920 4739 67 27 tion,
1007 4736 18 26 il
1038 4742 106 25 avança
1160 4741 102 18 encore
1279 4736 65 25 cent
1365 4742 51 26 pas
1433 4735 65 33 plus
1514 4734 59 26 loin
1589 4741 58 27 que.
1659 4731 25 27 le

918 4773 144 31 ruisseau,
1080 4769 66 34 puis
1162 4775 14 27 y
1187 4775 116 19 ramena
1316 4778 52 18 son
1384 4770 52 25 âne
1453 4778 35 18 en
1505 4768 132 35 balayant
1650 4768 34 26 de

1731 183 52 19 son
1800 176 130 27 burnous
1957 176 26 26 la
2010 176 151 34 poussière
2191 177 39 26 du
2258 176 115 27 chemin
2395 185 51 18 sur
2470 176 27 27 la

1729 210 124 27 seconde
1867 211 77 34 piste
1959 213 38 26 du
2011 213 181 34 bourriquet.

1766 247 93 26 Moins
1876 247 85 27 d'une
1976 248 87 26 heure
2078 248 92 32 après,
2189 248 20 26 il
2237 248 119 26 arrivait
2379 248 67 26 chez
2472 248 22 26 le

1729 281 105 27 hakem
1850 281 90 37 (juge)
1956 285 27 25 et
1998 282 149 27 formulait
2163 292 32 18 sa
2206 282 118 34 plainte.
2344 283 151 33 Lajustice

1730 318 183 26 musulmane
1935 320 44 24 est
1994 318 64 34 plus
2072 318 164 34 expéditive
2263 326 53 26 que
2343 319 27 26 la
2396 320 94 26 nôtre.

1730 352 219 35 Sur-le-champ
1975 352 40 27 les
2042 352 130 35 inculpés
2203 353 96 26 furent
2320 354 123 27 .arrêtés
2470 356 27 25 et

1730 389 118 26 amenés
1865 387 105 27 devant
1983 387 24 27 le
2022 387 115 30 hakem.

1813 424 73 26 Leur
1899 425 79 25 as-tu
1996 424 122 26 réclamé
2133 425 51 25 ton
2200 424 100 34 argent
2315 424 12 26 ?

1813 457 81 27 Allah
1911 459 57 25 m'a
1980 458 86 37 gardé
2081 459 34 26 do
2128 459 63 26 leur
2205 468 33 18 en
2254 459 61 26 rien
2329 458 71 27 dire.
2417 459 80 26 C'eût

1731 495 45 26 été
1794 494 102 27 inutile
1911 496 27 25 et
1950 495 172 33 dangereux.

1818 529 208 31 Qu'avoz-vous
2042 531 15 24 à
2082 529 142 35 répondre
2237 529 13 26 ?
2276 530 164 34 interrogea
2471 529 25 26 le

1731 565 112 28 hakem,
1863 565 178 27 s'adressant
2057 573 54 20 aux
2126 565 124 27 voleurs.

1809 600 51 26 Cet
1872 600 117 26 homme
2003 600 45 26 n'a
2061 600 103 33 jamais
2174 600 137 33 séjourné
2328 600 66 26 chez
2408 608 83 25 nous,

1729 635 70 26 c'est
1814 635 26 25 la
1859 635 144 34 première
2016 634 54 27 fois
2087 645 54 26 que
2158 644 72 18 nous
2246 635 25 26 le
2284 644 119 26 voyons.

1809 671 34 26 Et
1858 671 48 33 toi,
1922 670 172 34 Bou-Graïn,
2109 670 94 37 quelle
2224 678 107 27 prouve
2357 672 80 25 as-tu
2461 671 34 26 do

1730 713 31 18 ce
1778 713 54 26 que
1850 707 30 24 tu
1893 715 119 18 avances
2029 705 13 27 ?

1813 741 71 32 Sidi,
1896 741 28 33 je
1942 742 183 26 m'attendais
2140 743 17 25 à
2185 741 76 27 leurs
2289 741 202 35 dénégations.

1730 776 138 34 Regarde,
1886 777 99 25 écoute
2001 778 27 24 et
2042 776 152 35 juge-moi.

1765 810 164 27 Bou-Graïn
1944 810 120 37 déploya
2079 820 52 19 son
2145 813 138 31 burnous,
2302 813 27 25 et
2346 814 149 25 montrant

1729 846 25 27 le
1773 848 60 25 trou
1851 847 149 27 circulaire
2014 847 34 27 de
2061 847 28 26 la
2102 847 78 33 pièce
2197 847 145 33 découpée
2356 846 5 34 :

1812 880 27 27 Si
1857 881 54 26 l'on
1928 882 139 26 découvre
2081 881 66 27 chez
2161 891 56 18 eux
2232 882 25 25 le
2284 889 133 19 morceau
2446 881 46 37 qui

1729 925 125 26 manque
1869 919 15 25 à
1899 926 30 17 ce
1957 918 129 26 burnous
2108 919 28 25 et
2165 917 37 27 tel
2230 917 71 35 qu'il
2324 918 41 34 s'y
2392 918 103 34 adapte

1731 954 190 31 exactement,
1939 952 158 26 croiras-tu
2111 960 56 26 que
2180 952 50 33 j'ai
2244 952 43 26 dit
2307 952 60 26 vrai
2381 952 12 26 ?

1814 987 109 32 Certes,
1938 997 31 17 ce
1983 996 65 19 sera
2063 987 161 27 démontré.

1817 1023 106 26 Envoie
1950 1023 72 27 donc
2040 1024 41 26 tes
2102 1030 70 27 gens
2198 1023 33 26 de
2256 1020 144 28 confiance
2425 1024 70 25 dans

1728 1056 27 27 la
1768 1057 135 26 chambre
1917 1062 34 21 où
1967 1058 50 33 j'ai
2030 1057 44 27 dit
2089 1067 56 26 que
2157 1058 48 33 j'ai
2220 1057 116 32 couché,
2366 1057 34 26 ils
2426 1065 52 18 sou-

1728 1091 129 27 lèveront
1872 1093 26 26 la
1909 1096 87 26 natte,
2014 1096 28 24 et
2055 1102 33 17 au
2100 1093 99 27 milieu
2211 1093 34 26 de
2258 1093 123 34 l'espace
2393 1093 103 34 qu'elle

1728 1135 112 22 couvre,
1857 1136 58 18 une
1937 1128 89 34 petite
2054 1128 79 34 placo
2159 1128 191 26 fraîchement
2380 1129 115 28 remuée

1728 1162 61 26 leur
1806 1161 144 37 signalera
1976 1163 22 25 le
2016 1167 60 22 trou
2094 1172 54 26 que
2160 1163 48 33 j'ai
2224 1165 98 25 creusé
2340 1165 28 24 et
2383 1165 37 24 où
2446 1163 47 33 j'ai

1729 1199 96 25 enfoui
1840 1199 25 25 le
1879 1206 133 19 morceau
2029 1199 33 27 de
2078 1206 66 19 mon
2159 1200 137 25 burnous.

1763 1233 37 26 Le
1815 1233 103 26 hakem
1941 1241 15 25 y
1969 1233 152 26 consentit.
2140 1233 109 26 Durant
2263 1233 26 26 le
2319 1234 97 34 temps
2440 1241 54 26 que

1728 1267 74 26 deux
1815 1269 96 26 séides
1928 1269 34 26 de
1978 1269 90 35 police
2080 1269 119 26 allèrent
2211 1267 113 27 vérifier
2331 1267 162 27 l'assertion

1728 1303 37 26 du
1782 1303 158 35 plaignant,
1957 1304 39 26 les
2013 1305 118 25 accusés
2150 1304 143 26 restèrent
2309 1303 131 27 détenus.

1762 1337 94 28 Moins
1885 1338 35 26 do
1944 1338 74 26 deux
2053 1339 103 26 heures
2191 1339 93 34 après,
2320 1337 41 27 les
2396 1338 100 27 séides,

1727 1374 110 26 étaient
1848 1374 35 26 de
1899 1375 106 25 retour.

1813 1409 164 26 Bou-Graïn
1994 1417 15 18 a
2023 1409 44 27 dit
2081 1409 71 33 vrai,
2167 1409 74 26 voici
2257 1409 26 26 le
2298 1415 135 20 morceau
2459 1409 34 26 de

1730 1452 52 19 son
1798 1443 139 27 burnous.

1763 1480 19 25 11
1794 1480 63 26 n'en
1881 1479 91 27 fallait
1985 1487 50 26 pas
2048 1480 161 34 davantage
2225 1487 6 18 :
2250 1479 40 27 les
2307 1479 71 26 trois
2396 1479 89 27 frères

1728 1514 96 26 furent
1838 1514 177 27 condamnés
2028 1517 14 25 à
2057 1514 28 27 la
2100 1514 100 37 prison
2218 1515 27 25 et
2258 1515 15 25 à
2288 1513 151 27 l'amende.

1812 1550 35 26 Ce
1864 1551 73 25 n'est
1952 1559 51 26 pas
2020 1552 70 31 tout,
2106 1550 91 35 reprit
2219 1550 25 26 le
2271 1548 104 26 hakem
2404 1552 17 24 à
2446 1550 48 34 qui

1728 1584 57 27 l'taa
1801 1585 50 26 des
1873 1587 102 32 agents
2002 1585 77 26 avait
2107 1585 89 26 remis
2224 1584 207 27 discrètement
2456 1591 39 20 un

1728 1623 105 32 paquet
1850 1619 167 35 enveloppé.

1765 1655 96 31 Quelle
1894 1663 112 19 somme
2050 1656 124 26 avais-Lu
2218 1655 71 26 dans
2324 1656 27 24 ta
2379 1655 116 32 bourse,

1728 1689 168 26 Bou-Graïn
1910 1690 12 25 ?

1813 1726 195 31 Exactement,
2026 1734 35 19 en
2086 1726 135 27 monnaie
2248 1724 152 33 française,
2430 1726 66 35 cinq

1727 1760 94 33 pièces
1838 1761 60 26 d'or
1912 1761 40 26 de-
1964 1761 83 34 vingt
2066 1761 106 32 francs,
2189 1761 45 26 six
2263 1760 34 26 de
2323 1760 51 26 dix
2400 1761 96 26 francs

1727 1796 27 25 et
1768 1804 71 18 onze
1854 1795 34 27 de
1903 1796 66 34 cinq
1983 1796 94 26 francs
2093 1804 34 19 en
2145 1796 110 35 argent,
2283 1794 64 26 huit
2368 1795 35 26 do
2420 1795 76 26 doux

1728 1830 94 28 francs
1839 1833 27 24 et
1881 1832 135 27 dix-neuf
2033 1832 34 26 de
2082 1839 39 19 un
2139 1831 87 27 franc.
2243 1831 38 25 En
2298 1831 136 26 monnaie
2450 1839 32 19 an-

1727 1865 102 34 glaise,
1844 1874 56 17 une
1916 1867 104 32 guinée
2034 1869 27 27 et
2076 1866 76 26 deux
2167 1865 169 27 souverains
2349 1873 6 24 ;
2372 1873 34 18 en
2417 1874 60 18 mon-

1726 1902 65 26 naie
1812 1902 146 32 italienne,
1977 1904 99 33 quatre
2093 1902 94 35 pièces
2205 1900 33 26 de
2257 1899 47 26 dix
2322 1900 51 26 lire
2402 1910 35 17 en
2466 1910 31 18 or

1727 1937 126 26 et.treize
1871 1937 50 26 lire
1937 1944 34 19 en
1985 1938 110 34 argent,
2113 1937 66 34 plus
2193 1937 99 33 quatre
2315 1935 107 28 douros
2451 1945 31 18 es-

1726 1972 142 34 pagnols;
1891 1980 50 26 pas
1976 1972 33 26 de
2042 1965 96 41 pièces
2167 1970 202 32 tunisiennes;
2394 1971 102 33 j'avais

1727 2008 85 33 opéré
1826 2007 25 27 le
1867 2007 118 34 change.

1808 2041 119 35 Compte
1944 2044 28 24 et
1996 2042 107 31 vérifie,
2135 2041 130 27 ordonna
2293 2041 25 26 le
2346 2041 105 26 hakem
2483 2043 14 24 à

1727 2075 105 37 l'agent
1846 2086 34 18 en
1892 2076 39 27 lui
1946 2079 156 25 remettant
2115 2076 26 27 le
2157 2079 113 33 paquet.

1761 2113 100 26 C'était
1877 2120 40 19 un
1930 2113 48 33 pot
1995 2113 34 26 do
2046 2114 72 25 terre
2132 2113 35 26 où
2181 2113 40 26 les
2237 2111 116 27 voleurs
2380 2112 117 27 avaient

1726 2148 81 25 versé
1821 2147 24 26 le
1861 2150 123 25 contenu
1998 2147 33 27 de
2048 2147 27 26 la
2091 2148 115 31 bourse,
2235 2147 27 25 et
2275 2153 54 27 que
2356 2146 43 26 les
2424 2156 71 26 gens

1727 2183 34 26 do
1775 2183 91 34 police
1883 2184 113 26 avaient
2024 2183 155 27 découvert
2205 2190 34 19 en
2268 2183 122 33 opérant
2418 2183 77 26 leurs

1727 2217 221 35 perquisitions.

1806 2252 74 27 C'est
1897 2254 203 33 parfaitement
2120 2254 90 31 exact,
2228 2250 112 27 déclara
2368 2251 120 38 l'agent.

1812 2289 148 33 Reprends
1976 2290 47 25 ton
2040 2289 78 31 bien,
2135 2287 175 28 Bou-Graïn,
2330 2287 115 27 déclara
2469 2288 25 27 le

1726 2322 78 35 juge.
1818 2323 112 26 Louons
1944 2323 81 26 Allah
2036 2323 6 25 !
2057 2326 30 24 et
2099 2322 125 26 n'oublie
2237 2329 52 27 pas
2302 2321 41 27 les
2361 2330 133 26 pauvres.

2211 2369 195 27 PONTSKVRKZ.

1733 3999 262 61 MEMENTO
2024 4002 72 59 DU
2128 3999 366 61 CAPITALISTE

1780 4122 259 39 PAIEMENT
2085 4122 61 38 DE
2191 4120 244 41 COUPONS

1917 4214 164 25 Echéance
2102 4215 37 24 de
2158 4214 64 25 mai
2243 4213 72 25 1900

2067 4257 98 31 (Suite)

1753 4317 196 21 EMPRUNTS
1971 4317 154 24 D'ETATS,
2148 4317 44 20 DE
2215 4317 128 20 VILLES
2360 4316 45 21 ET
2419 4316 45 20 DE

1729 4351 286 25 DEPARTEMENTS
2026 4351 181 31 FRANÇAIS
2222 4351 46 21 ET
2276 4350 223 22 ETRANGERS

1756 4397 103 22 Colonie
1873 4397 31 22 de
1918 4397 25 22 la
1959 4396 175 26 Guadeloupe.
2191 4396 37 20 Au
2239 4397 61 26 port.
2315 4397 13 20 S
2340 4396 31 20 fr.
2389 4396 32 19 75.

1754 4424 100 27 Egypte
1866 4427 58 19 1577.
1937 4424 69 21 Dette
2021 4423 98 27 unifiée.
2165 4423 37 20 Au
2212 4424 59 25 port.
2289 4426 25 19 10
2327 4424 31 19 fr.
2370 4422 33 25 06,
2413 4422 86 26 change

1728 4453 78 20 25.15.

1755 4478 118 21 Suédois.
1931 4479 12 19 3
1962 4479 37 22 1/2
2008 4479 43 21 0/0'
2061 4476 59 24 1899,
2134 4481 31 15 au
2178 4476 61 26 port.
2257 4476 13 20 8
2282 4476 31 20 fr.
2330 4476 37 19 75.

1754 4505 182 25 Département
1952 4504 35 22 du
2001 4505 81 21 Nord.
2138 4504 70 22 Bons,
2222 4508 30 14 au
2268 4504 60 25 port.
2342 4504 12 19 7
2367 4501 32 20 fr.
2414 4500 37 20 89.

1760 4531 63 21 Ville
1837 4531 31 21 de
1879 4531 84 27 Liège.
2029 4530 149 27 Obligations
2203 4530 58 24 1853,
2277 4534 31 15 au
2328 4530 60 25 port.
2407 4527 13 19 2
2432 4527 43 24 fr.,
2490 4526 9 21 à

1728 4556 80 28 Liège.

1861 4597 152 21 CHEMINS
2037 4593 45 24 DE
2108 4596 71 21 FER
2212 4594 181 31 FRANÇAIS

1754 4641 89 21 Dakar
1852 4642 15 21 à
1883 4639 176 24 Saint-Louis.
2121 4639 105 24 Actions,
2238 4644 94 21 coupon
2347 4643 13 15 ri
2363 4643 8 7 0
2383 4638 33 24 31,
2433 4643 64 19 nom,

1728 4668 26 20 14
1767 4668 31 20 fr.
1811 4669 33 22 '2O,
1856 4674 31 14 au
1899 4669 61 25 port.
1974 4668 26 20 13
2011 4667 32 20 fr.
2060 4667 33 20 48.

1757 4694 44 21 Est
1813 4694 32 21 de
1858 4695 80 24 Lyon.
2002 4693 148 26 Obligations
2171 4693 12 20 3
2199 4693 47 24 0/0,
2267 4696 65 17 nom.
2350 4691 11 19 7
2375 4689 31 20 fr.
2421 4689 34 25 20,
2471 4695 28 14 au

1728 4722 61 25 port.
1804 4721 13 20 G
1830 4721 32 20 fr.
1879 4722 37 19 76.

1756 4746 210 22 Uambervitliers
1976 4746 17 21 à
2007 4746 132 21 Charmes.
2184 4744 105 24 Actions,
2306 4748 64 17 nom.
2387 4742 25 20 19
2422 4741 30 21 fr.
2467 4742 32 25 -20,

1728 4778 31 15 au
1773 4774 60 22 port.
1851 4774 26 19 18
1890 4774 30 19 fr.
1935 4775 33 21 70,
1978 4773 14 20 à
2006 4773 97 24 Epinal.

2568 181 151 28 Mfftohatix
2744 185 43 22 des
2811 189 267 24 nouches-du-rthônc.
3156 193 148 25 Obligations

2538 213 65 15 nom.
2621 210 12 19 7
2647 210 31 20 fr.
2695 213 32 22 20,
2743 217 30 15 au
2784 215 61 26 port.
2858 215 13 20 6
2882 215 33 20 fr.
2930 217 35 19 75.

2654 257 154 22 CHEMINS
2825 260 44 20 DE
2887 261 70 20 FER
2973 261 217 25 ETRANGERS

2570 300 144 24 Andalous.
2773 304 148 27 Obligations
2934 306 12 21 3
2965 306 46 26 0/0,
3026 313 31 14 au
3070 309 65 24 port.
3154 312 12 17 7
3181 309 93 24 pesetas
3288 311 21 20 16

2538 331 30 15 au
2583 332 78 15 cours.

2565 352 48 21 Eco
2626 354 123 25 wmir/ues
2765 356 109 27 (Société
2896 359 120 25 générale
3033 359 96 27 'belge).
3202 361 107 24 Actions,

2538 384 91 21 coupon
2680 381 33 22 20,
2727 387 30 15 au
2772 385 59 24 port.
2848 385 26 19 22
2887 385 31 20 fr.
2934 387 35 19 50.

2563 405 291 28 Letnbcrg-CzernowUz
2859 405 4 35 .
2917 412 155 27 Obligations,
3084 416 8 19 l
3098 417 15 9 ro
3126 413 67 24 série,
3208 420 30 15 au
3248 417 52 24 port

2537 439 13 12 °
2569 433 13 30 lonnf*I
2583 437 48 17 onn
2633 438 21 31 f*
2672 445 25 4 ~
2708 435 155 28 Obligations,
2875 438 21 20 2°
2914 438 66 25 série,
2994 445 30 15 au
3039 442 59 25 port.
3115 442 13 19 5
3141 441 81 21 florins
3236 443 32 19 40.

2565 467 14 12 o
2584 463 31 17 cio
2627 462 12 18 1
2648 462 63 21 ctitlo
2726 462 25 21 et
2761 463 47 21 Rio
2820 464 111 22 Grande.
3012 468 154 24 Obligations,
3189 474 30 15 au
3247 468 52 24 port

2543 484 19 19 11
2577 487 32 19 fr.
2626 488 35 20 50.

2620 555 165 22 VALEURS
2804 554 176 26 DIVERSES
2995 559 122 22 FRANC
3126 561 96 22 USES

2565 598 111 22 Aciéries
2692 600 31 20 de
2734 600 129 27 Firming.
2921 602 100 25 Actions,
3034 609 92 21 coupon
3149 608 25 18 n°
3187 606 32 25 64,
3239 612 56 15 nom

2537 625 26 21 Si
2575 626 40 22 fr.,
2627 631 30 15 au
2672 627 60 25 port.
2744 627 26 20 80
2784 627 28 20 fr.
2828 628 35 20 50.

2564 651 113 21 Aciéries
2691 652 30 21 de
2735 653 107 21 saint-E
2845 654 94 22 tienne.
2999 656 103 26 Actions,
3120 663 92 21 coupon
3230 651 12 33 n
3254 651 12 33 1
3278 651 22 33 33

2538 683 65 15 noni.
2619 679 26 19 40
2659 678 31 20 fr.
2707 678 32 21 80.
2753 685 31 14 au
2798 683 59 22 port.
2874 681 27 20 33
2914 681 28 20 fr.
2959 684 34 19 70.

2564 705 156 21 Assurances
2732 706 34 21 La
2783 707 132 21 Foncière.
2978 710 96 20 Actions
3093 711 116 24 incendie,
3239 717 54 17 nom

2541 731 21 19 il
2578 730 31 21 fr.
2663 732 96 21 Actions
2772 733 43 20 vie.
2828 739 65 15 nom.
2909 735 13 20 0
2935 735 27 21 fr.
2980 736 35 20 60.

2564 758 158 21 Assurances
2733 759 32 19 L-.
2778 761 93 21 Monde
2893 761 67 26 {vie).
3026 762 104 25 Actions,
3146 769 65 15 nom.
3237 765 22 20 10
3275 765 18 20 fi

2564 784 35 20 La
2609 784 148 22 Pa'ernelle
2770 787 144 27 {incendie).
2968 789 104 24 Actions,
3085 796 65 14 nom.
3169 791 37 20 130
3219 791 26 20 fr.

2564 810 32 20 Le
2610 810 80 22 Soleil
2705 811 158 28 (accidents).
2922 815 102 20 Actions,
3039 821 65 17 nom.
3118 817 26 19 24
3158 816 31 20 fr.
3204 819 34 19 96.

2565 835 89 22 Câbles
2676 837 210 30 télégraphiques
2909 841 168 26 [Compagnie
3098 842 154 27 française).

2538 862 146 26 Obligations
2708 866 12 19 5
2744 866 46 24 0/0.
2813 872 65 15 nom.
2907 867 22 20 12
2953 867 40 20 fr..
3018 873 31 14 au
3081 870 61 24 port.
3168 869 24 21 11
3217 870 31 19 fr.
3269 870 33 20 s;i.

2577 887 148 30 Obligations
2739 893 71 22 4.0/0,
2824 898 65 15 nom.
2906 893 12 20 9
2930 893 31 20 fr.
2976 894 33 22 60,
3026 900 28 13 au
3066 896 61 24 port.
3144 896 12 20 9
3170 895 31 20 fr.
3219 898 33 20 10.

2564 917 83 21 Canal
2660 917 33 21 du
2706 917 77 22 Midi.
2836 919 154 27 Obligations,
3005 924 65 17 nom.
3085 922 12 18 7
3110 922 30 19 fr.
3154 922 33 24 2j,
3203 927 31 17 au

2537 943 13 19 G
2563 944 30 19 fr.
2609 944 33 19 90.
3248 935 6 14 1

2565 969 89 21 Crédit
2667 970 221 25 foncicr~mictuel.
2944 972 154 26 Obligations,
3117 979 65 15 nom.
3200 977 12 18 7
3226 976 31 20 fr.
3274 977 28 20 2*.

2537 1000 30 15 au
2576 997 60 25 port.
2650 997 13 19 6
2675 997 32 20 fr.
2719 998 37 19 82.

2565 1023 80 20 Docks
2669 1023 35 20 du
2727 1024 93 20 Havre.
2896 1024 94 21 Actions
3014 1025 93 26 capital,
3124 1031 93 24 coupon
3235 1031 26 18 n°
3275 1028 28 25 435,

2538 1054 64 15 nom.
2619 1050 25 19 50
2657 1050 43 21 fr..
2715 1056 30 14 au
2760 1050 58 26 port.
2842 1050 26 21 48
2890 1051 28 20 fr.
2941 1051 34 20 23.
2999 1050 22 30 —•
3045 1052 94 21 Actions
3164 1055 136 25 jouissance

2537 1080 91 21 coupon
2643 1078 25 18 n°
2681 1076 32 25 43,
2725 1082 65 15 nom.
2803 1077 26 19 25
2838 1077 43 24 fr.,
2893 1083 30 15 au
2936 1080 61 24 port.
3014 1078 26 20 24
3052 1080 33 20 fr.
3100 1081 34 19 40.

2647 1156 137 51 NOS
2819 1157 376 53 GRAVURES

2688 1278 32 47 ta
2740 1276 119 61 banquet
2880 1278 31 50 de
2929 1279 236 51 Saint-Sébastien

2574 1348 91 34 Apres
2689 1346 63 26 leur
2777 1349 123 33 superbe
2924 1348 130 33 victoire,
3073 1349 47 27 -les
3138 1350 148 27 conseillet

2538 1382 188 34 municipaux
2750 1382 200 27 nationalistes
2962 1383 34 26 de
3013 1384 79 26 Paris
3110 1387 51 24 ont
3174 1394 34 18 eu
3226 1385 58 27 l'idé-

2538 1416 156 27 excellente
2717 1416 98 27 d'aller
2839 1417 131 34 par-delà
2989 1419 27 26 la
3040 1420 137 26 frontière
3206 1421 97 26 rcndr;

2538 1453 89 30 visite
2639 1454 15 25 à
2669 1452 167 33 Déroulèdc,
2855 1452 25 27 le
2895 1454 123 33 patriote
3033 1455 132 32 proscrit.

2574 1487 44 31 U»
2633 1487 90 35 grand
2739 1487 119 26 nombre
2872 1487 109 27 d'entre
2995 1496 65 25 eux,
3073 1489 93 33 parmi
3180 1489 124 37 lesquels-

2539 1522 67 27 MM.
2624 1524 130 31 Dausset,
2786 1522 139 32 BariHier,
2955 1522 84 34 Galli,
3066 1525 104 31 Piault,
3198 1526 106 27 Gasloo

2539 1558 87 34 Méry,
2642 1558 130 26 Edmond
2789 1558 177 34 Lcpclletier,
2981 1558 119 28 Baillèrc
3105 1581 11 9 v
3124 1560 102 31 Caron,
3242 1564 61 25 etc.,

2539 1602 31 19 se
2585 1596 66 24 sont
2675 1593 107 27 rendus
2799 1596 15 24 à
2828 1592 248 30 Saint-Sébastien
3092 1597 37 25 où
3151 1596 40 27 les
3215 1598 73 25 atten-

2539 1629 106 30 daient,
2681 1636 66 19 avec
2777 1637 54 18 une
2861 1630 128 26 émotion
3013 1638 53 26 que
3097 1630 54 27 l'on
3184 1632 118 31 conçoit,

2539 1663 156 26 Déroulèdc
2711 1667 27 22 et
2753 1663 103 26 Marcel
2870 1664 113 27 Hubert.

2575 1700 92 34 Après
2689 1698 40 26 les
2753 1698 157 34 premières
2934 1700 150 32 effusions,
3103 1702 63 26 tous
3189 1708 31 20 se
3242 1704 65 25 son!

2539 1734 99 27 réunis
2660 1734 70 26 dans
2757 1742 35 18 un
2817 1734 125 35 banquet
2966 1735 76 26 servi
3060 1736 71 26 dans
3155 1736 27 26 la
3201 1737 105 35 grandi;

2539 1768 71 27 salle
2639 1769 34 26 de
2698 1768 311 33 l'Hôtel-Uontinontal,
3041 1773 35 25 où
3102 1770 25 27 le
3159 1773 139 33 sculpteu-

2539 1804 90 27 Palloz
2655 1805 84 30 avait,
2766 1813 33 18 en
2816 1805 138 34 quelques
2980 1804 113 35 heures,
3126 1806 112 27 modelé
3268 1817 34 18 ut

2541 1840 84 26 buste
2641 1839 123 34 superbe
2777 1839 35 26 de
2828 1840 26 25 la
2870 1839 188 35 République.

2575 1874 145 26 Plusieurs
2745 1876 99 25 toasts'
2858 1877 50 24 ont
2923 1877 44 24 été
2991 1878 106 32 portés.
3112 1876 20 26 Il
3151 1877 61 26 faut
3235 1878 54 26 elle

2541 1910 73 27 celui
2629 1910 33 27 de
2679 1909 156 27 Déroulèdc
2848 1910 60 34 qui,
2917 1910 83 33 après
3014 1910 78 27 avoir
3107 1910 107 27 félicité
3226 1912 73 27 Paru

2541 1948 28 24 et
2763 1944 33 27 de
2818 1944 100 27 cetteK
2936 1945 119 27 victoire
3080 1946 38 26 du
3144 1948 111 33 travail,
3273 1949 26 25 d<

2542 1981 151 27 l'honnetfr
2705 1982 27 25 et
2748 1981 34 26 de
2797 1980 26 27 la
2838 1981 111 34 probité
2965 1991 25 24 »,
3007 1989 14 18 a
3038 1983 107 33 engagé
3159 1982 40 27 les
3216 1982 63 27 élus
3293 1984 9 28 1,

2541 2024 34 17 ne
2591 2023 51 28 pas
2665 2023 31 19 se
2713 2015 86 27 livrer
2812 2017 17 25 à
2844 2015 148 27 d'inutiles
3009 2017 165 34 agitations,
3193 2019 17 25 à
3223 2027 71 26 prou

2541 2060 50 18 ver
2604 2050 61 26 leur
2681 2050 90 30 union
2797 2054 27 24 et
2851 2053 14 25 à
2893 2052 118 26 mériter
3027 2044 104 34 'mieux
3157 2060 100 20 encore
3281 2054 19 26 h

2541 2087 143 26 confiance
2701 2086 33 27 de
2747 2087 78 26 Paris
2837 2094 33 19 en
2887 2087 162 26 travaillant
3061 2095 111 18 comme
3185 2088 34 26 de
3235 2088 67 26 bons

2541 2124 28 24 et
2602 2120 85 27 utiles
2720 2121 263 31 administrateurs,
3011 2122 138 27 soucieux
3183 2124 112 27 d'ordre

2542 2156 185 33 d'économie,
2744 2158 28 25 et
2794 2158 116 26 surtout
2922 2157 111 27 résolus
3051 2159 15 25 à
3081 2159 104 25 mettre
3202 2159 37 25 fin
3254 2167 48 19 auj

2541 2191 183 35 gaspillages.

2577 2226 52 27 Ces
2652 2225 89 27 belles
2758 2226 110 34 paroles
2884 2229 99 25 seront
2996 2230 182 26 assurément
3198 2229 25 26 le
3242 2237 46 26 pro-

2542 2269 128 27 gramme
2687 2262 48 26 des
2759 2270 150 19 nouveaux
2929 2263 167 26 conseillers
3120 2263 185 34 municipaux

2543 2296 34 27 de
2594 2297 87 27 Paris.

2766 2359 157 60 Exposition
2949 2361 32 47 ta
3013 2359 73 50 1900

2715 2446 136 19 PAVILLON
2885 2446 34 19 DE
2949 2447 34 18 LA
3008 2441 124 27 TURQUIE

2577 2497 137 33 L'empire
2728 2498 129 25 ottoman
2874 2504 15 18 a
2907 2496 51 26 fait
2981 2496 259 34 magnifiquement
3266 2497 41 26 les

2541 2530 102 26 choses
2655 2532 28 24 et
2699 2537 52 19 son
2769 2530 124 33 pavillon
2907 2531 44 25 est
2965 2531 207 25 certainement
3184 2531 58 25 l'un
3257 2531 50 26 des

2542 2563 63 35 plus
2622 2564 109 25 réussis
2745 2564 33 25 de
2792 2563 197 34 l'Exposition.

2576 2601 34 25 Le
2636 2600 78 27 souci
2740 2600 34 26 de
2802 2600 130 25 résumer
2961 2607 28 18 ce
3015 2607 54 26 que
3099 2598 208 30 l'architecture

2542 2635 183 27 musulmane
2740 2643 15 18 a
2780 2634 34 27 de
2831 2634 64 35 plus
2911 2634 133 35 gracieux
3070 2635 44 25 est
3139 2634 112 31 visible,
3281 2639 27 24 et

2542 2673 69 26 c'est
2623 2680 39 19 un
2679 2670 136 28 souvenir
2836 2670 33 26 de
2885 2669 178 28 l'admirable
3086 2669 149 28 Stamboul
3250 2680 56 26 que

2542 2713 73 20 nous
2627 2715 89 18 avons
2732 2706 105 27 devant
2848 2706 41 27 l'es
2903 2714 84 26 yeux.

2577 2741 48 28 Tel
2644 2741 89 28 détail
2748 2750 73 19 nous
2835 2740 124 35 rappelle
2970 2750 57 18 une
3038 2743 139 34 mosquée
3188 2741 118 30 célèbre,

2543 2779 27 25 et
2580 2778 25 26 le
2622 2778 46 26 ton
2686 2777 124 35 généra},
2826 2777 67 26 d'un
2913 2776 84 28 blanc
3021 2776 123 28 éclatant
3171 2778 136 26 rehaussé

2543 2812 195 27 d'ornements
2753 2813 27 25 et
2802 2811 34 26 de
2851 2811 115 26 vitraux
2981 2820 56 17 aux
3054 2811 93 27 riches
3164 2812 143 33 couleurs,

2542 2849 94 26 donne
2649 2848 195 34 l'impression
2857 2848 33 25 de
2907 2856 46 18 ces
2963 2846 175 27 admirables
3151 2848 92 34 palais
3259 2849 47 33 qui

2542 2883 162 26 s'étendent
2719 2891 50 17 sur
2785 2882 40 26 les
2842 2882 76 26 rives
2927 2882 38 26 du
2981 2882 155 34 Bosphore.

2576 2917 53 27 Les
2659 2917 194 27 installations
2882 2917 172 26 intérieures
3083 2920 67 24 sont
3174 2919 84 26 d'une
3281 2920 21 25 si

2542 2954 120 33 parfaite
2682 2953 162 27 exactitude
2859 2953 84 34 qu'en
2970 2954 113 26 sortant
3112 2961 37 19 on
3175 2955 44 25 est
3244 2955 63 25 tout

2542 2989 104 26 étonné
2676 2989 34 26 de
2740 2996 30 18 se
2794 2991 115 24 trouver
2923 2995 34 18 au
2980 2987 72 26 bord
3073 2987 33 26 de
3130 2988 26 26 la
3174 2988 83 27 Seine
3281 2992 26 24 et

2543 3032 54 19 non
2615 3025 83 34 point
2713 3026 14 25 à
2744 3022 248 35 Constantinople.

2640 3092 40 51 Un
2708 3093 58 48 acie
2792 3091 151 48 admirable
2975 3091 31 48 ta
3034 3090 176 50 dévouement

2576 3170 125 35 J'espère
2717 3178 54 27 que
2794 3169 54 26 l'on
2865 3177 35 18 ne
2921 3169 59 26 fera
3001 3176 51 26 pas
3077 3168 164 35 longtemps
3265 3170 27 25 at-

2543 3207 99 27 tendre
2655 3208 15 25 à
2683 3206 65 26 Mlle
2761 3204 152 32 Françoise
2934 3203 113 27 Clisson
3061 3202 27 27 la
3097 3202 139 28 .médaille
3249 3203 58 26 d'or

2541 3241 102 37 qu'elle
2657 3249 17 18 a
2688 3241 26 26 Si
2733 3239 259 35 magnifiquement
3002 3239 129 26 méritée.

2577 3278 57 26 Née
2648 3285 33 18 en
2694 3276 150 33 Bretagne,
2870 3273 69 27 dans
2960 3273 41 27 les
3017 3273 247 33 Côtes-du-Nord,
3291 3273 17 27 il

2541 3320 17 27 y
2572 3321 17 18 a
2603 3311 222 37 quarante-cinq
2848 3318 61 22 ans,
2931 3308 34 27 de
2996 3307 76 27 taille
3092 3308 100 34 petite,
3220 3317 35 19 on
3283 3308 25 26 la

2541 3346 178 28 connaissait
2745 3345 137 34 jusqu'ici
2907 3352 112 19 comme
3048 3352 57 18 une
3135 3345 58 26 très
3223 3345 84 26 brave

2543 3384 66 30 fille,
2627 3391 35 18 on
2679 3380 56 28 sait
2751 3380 181 26 maintenant
2943 3387 56 27 que
3019 3378 70 27 c'est
3106 3387 57 18 une
3177 3378 59 27 fille
3249 3379 58 27 très

2541 3419 97 26 brave.

2577 3454 58 27 Elle
2650 3454 44 26 est
2711 3451 94 35 placée
2819 3452 15 25 à
2850 3450 190 32 Saint-Denis,
3059 3450 66 26 chez
3150 3450 41 26 les
3216 3451 92 33 époux

2541 3489 154 34 Bourgeot,
2711 3487 197 31 cultivateurs,
2923 3485 59 34 qui,
3005 3484 146 40 lorsqu'ils
3171 3488 67 24 sont
3255 3494 52 18 aux

2542 3524 129 34 champs,
2686 3522 39 27 lui
2740 3521 124 28 laissent
2878 3521 25 26 le
2919 3521 63 26 soin
3005 3521 35 26 de
3061 3520 63 27 leur
3148 3528 161 19 commerce

2542 3560 34 26 de
2593 3559 97 32 détail,
2704 3556 61 27 leur
2776 3557 143 26 confiance
2934 3563 34 18 en
2983 3554 52 27 elle
3053 3556 78 25 étant
3144 3555 129 26 absolue.

2577 3595 111 26 L'autre
2704 3593 76 33 jour,
2793 3600 57 19 une
2864 3591 97 26 fillette
2978 3591 34 26 do
3039 3591 85 28 treize
3141 3600 61 21 ans,
3221 3591 87 26 Marie

2542 3631 161 31 Kcrisouët,
2715 3628 142 35 poussant
2877 3626 105 26 devant
2998 3625 52 27 elle
3074 3633 54 19 une
3146 3626 90 34 petite
3254 3626 40 26 voi-

2542 3667 63 24 ture
2621 3665 71 26 dans
2706 3663 119 37 laquelle
2851 3670 31 19 se
2908 3660 125 27 trouvait
3056 3670 32 18 sa
3116 3661 89 34 petile
3229 3661 80 26 nièce

2542 3702 69 34 âgée
2623 3699 34 27 de
2674 3699 131 26 dix-huit
2817 3697 83 32 mois,
2927 3697 69 26 était
3007 3704 93 19 venue
3131 3696 113 27 acheter
3261 3697 50 26 des

2542 3743 133 26 pommes
2691 3735 34 26 de
2746 3737 83 27 terre,
2846 3732 96 35 quand
2959 3741 56 18 une
3039 3731 169 27 formidable
3234 3731 60 27 déto-

2542 3771 99 26 nation
2656 3770 135 26 retentit:
2799 3769 94 26 c'était
2906 3767 169 35 l'explosion
3084 3767 33 27 de
3130 3767 178 27 Saint-Denis

2543 3807 71 27 dont
2628 3815 34 18 on
2680 3814 15 18 a
2707 3806 28 26 lu
2747 3804 41 27 les
2803 3803 109 27 affreux
2926 3802 113 26 détails.

2628 3841 148 27 Saùve-toi
2792 3840 57 26 vite
2864 3847 51 26 par
2929 3837 26 26 là
2968 3837 5 35 !
2992 3837 59 26 cria
3066 3837 152 33 Françoise
3246 3840 17 25 à
3286 3837 22 26 la

2543 3876 100 28 fillette
2657 3876 34 26 de
2707 3875 85 27 treize
2810 3881 61 19 ans.

2578 3912 112 27 Restait
2708 3912 27 26 la
2750 3911 113 26 voiture
2877 3918 66 18 avec
2955 3908 26 26 le
2994 3908 80 27 bébé.
3103 3908 71 26 Sans
3203 3908 106 26 hésiter

2544 3957 56 18 une
2615 3946 132 32 seconde,
2763 3945 154 33 Françoise
2926 3944 113 27 Clisson
3052 3945 26 25 là
3091 3944 158 27 couvrit'de
3260 3952 50 19 son

2544 3991 98 27 corps;
2657 3983 51 26 elle
2726 3983 79 32 reçut
2818 3979 77 27 ainsi
2909 3980 73 25 deux
2999 3980 118 34 poutres
3133 3987 50 18 sur
3210 3978 25 27 le
3249 3979 60 31 dos,

2544 4028 54 18 une
2616 4020 79 24 autre
2712 4025 50 19 sur
2777 4017 27 26 la
2817 4017 57 26 tète
2884 4017 28 25 et
2924 4023 52 19 son
2994 4015 83 27 sabot
3092 4023 15 18 a
3118 4016 44 25 été
3175 4015 80 27 brisé
3262 4022 48 28 par

2544 4062 56 19 une
2615 4052 78 27 tuile.

2580 4089 41 26 On
2637 4089 34 26 l'a
2688 4088 107 27 relevée
2818 4095 34 19 en
2867 4094 81 27 sang,
2965 4085 73 27 mais
3064 4084 125 32 l'enfant,
3207 4091 56 30 que
3288 4083 22 26 la

2545 4123 131 28 moindre
2691 4123 50 27 des
2763 4122 72 27 trois
2857 4123 117 33 poutres
2996 4121 96 26 aurait
3116 4121 74 32 tuée,
3208 4120 103 26 n'avait

2544 4168 52 27 pas
2610 4168 56 19 une
2681 4159 193 35 égratignure.

2580 4194 59 27 Elle
2654 4202 33 19 ne
2831 4193 65 34 qu'à
2911 4200 32 19 sa
2960 4193 148 33 patronne,
3125 4199 30 18 se
3170 4188 141 28 félicitant

2545 4231 103 34 qu'elle
2673 4231 77 26 n'eût
2773 4238 51 26 pas
2850 4230 43 25 été
2919 4227 27 27 là
2968 4230 14 24 à
3002 4234 84 19 cause
3110 4226 33 26 de
3164 4226 146 27 l'émotion

2545 4265 104 35 qu'elle
2665 4265 93 26 aurait
2774 4265 141 33 éprouvée
2929 4271 6 22 ;
2953 4263 53 27 elle
3021 4260 132 35 songeait
3176 4261 80 26 aussi
3278 4271 33 17 au

2544 4302 74 35 petit
2634 4303 59 25 être
2718 4309 54 27 que
2794 4309 53 18 son
2872 4298 124 27 sublime
3024 4297 194 26 dévouement
3237 4297 73 26 avait

2544 4337 137 34 préservé
2694 4337 28 26 et
2733 4336 48 33 qui
2793 4343 35 19 ne
2843 4335 43 26 lui
2900 4336 44 25 est
2954 4332 73 26 rien.

2641 4371 58 31 Que
2728 4370 197 31 voulez-vous,
2957 4365 167 33 disait-elle,
3151 4369 58 26 moi
3235 4368 76 27 seule

2544 4408 122 33 pouvais
2679 4408 133 33 protéger
2828 4403 118 27 l'enfant
2961 4403 27 25 et
3005 4410 61 19 mes
3089 4403 87 27 vieux
3194 4413 31 18 os
3242 4411 52 27 pou-

2545 4443 97 26 vaient
2660 4442 98 25 mieux
2773 4440 120 27 résister
2909 4447 54 26 que
2983 4437 41 28 les
3052 4439 79 28 siens
3144 4441 17 25 à
3182 4439 115 27 l'avalan-

2544 4478 61 27 che.
2623 4478 97 33 Aussi,
2743 4478 30 33 je
2785 4474 54 26 n'ai
2857 4473 81 37 point
2962 4474 93 35 bougé
3078 4475 60 26 tant
3161 4482 54 27 que
3240 4475 57 33 j'en-

2545 4513 113 27 tendais
2681 4513 40 26 les
2738 4511 120 34 pierres,
2876 4508 40 28 les
2931 4509 155 32 madriers,
3100 4509 43 28 les
3159 4518 151 19 morceaux

2544 4550 34 26 de
2614 4548 41 26 fer
2693 4545 106 28 ronfler
2830 4547 104 25 autour
2965 4546 35 26 de
3027 4546 67 26 moi.
3131 4545 67 27 Puis
3221 4545 28 33 je
3279 4553 32 18 no

2545 4584 110 27 sentais
2668 4584 72 30 rien,
2757 4581 28 34 je
2799 4590 35 18 ne
2848 4581 117 35 pensais
2982 4583 65 34 qu'à
3067 4581 125 26 l'enfant.
3210 4580 100 35 Après,

2544 4619 97 35 quand
2655 4618 30 34 je
2708 4617 57 26 n'ai
2787 4617 65 34 plus
2870 4625 34 19 ou
2928 4618 14 26 à
2965 4624 107 28 songer
3087 4617 64 33 qu'à
3172 4616 70 33 moi,
3256 4616 34 26 ah
3307 4616 4 39 !

2544 4656 85 31 alors,
2646 4655 28 34 je
2689 4661 46 19 me
2751 4654 61 26 suis
2829 4654 93 28 sentie
2937 4652 93 27 brisée
3046 4651 33 27 do
3099 4652 60 26 tout
3174 4651 26 26 le
3210 4659 97 26 corps.

2580 4689 69 26 Bien
2662 4689 129 26 enten'du
2805 4696 46 19 ses
2863 4689 118 26 maîtres
2998 4695 34 18 ne
3052 4687 70 26 l'ont
3142 4695 51 26 pas
3210 4687 100 27 laissée

2544 4723 71 28 aller
2624 4726 17 26 à
2653 4723 139 35 l'hôpital;
2807 4723 37 27 ils
2857 4724 133 33 soignent
3004 4722 67 27 chez
3083 4731 54 17 eux
3151 4723 72 25 cette
3237 4721 59 27 véri-

2545 4760 73 25 table
2633 4760 117 25 héroïne
2761 4760 38 25 du
2816 4760 98 25 devoir
2929 4760 27 24 et
2968 4759 34 26 de
3020 4757 25 26 la
3059 4757 117 27 charité.

1343 111 1 48 1
1384 115 197 45 Supplément
1600 113 122 38 illustré
1739 112 37 38 du
1796 111 83 39 Petit
1892 112 71 38 Jour
1970 112 48 38 nal

3123 124 93 30 ï'fs
3252 125 47 27 55

1734 2466 106 73 Le
1894 2467 216 71 Petit
2163 2467 330 72 Journal

1778 2572 41 31 Le
1832 2572 79 37 plus
1928 2574 70 30 fort
2011 2574 117 35 tirage
2146 2572 44 31 clu
2205 2572 119 32 Monde
2342 2576 110 30 entier

1970 2637 83 22 TOUS
2075 2639 56 21 LES
2153 2639 102 22 JOURS

1802 2686 60 66 M
2150 2686 92 66 M
2256 2686 83 66 M
2374 2686 54 66 H

1896 2777 89 28 ck&
2026 2779 311 31 lecteurs

2291 2835 14 21 H
2334 2831 123 26 MRO

1880 2868 113 33 MkSïVÎ.
2239 2868 256 31 Seesitimes)

1894 2916 272 85 k&nmm

2248 2948 112 33 DircUfflU'
2372 2952 103 43 patitiqas

2224 2995 4 46 |
2241 3005 38 30 H.
2289 3006 200 31 MABÎNONI

2179 3111 267 21 *BONN£»e!MT3

2244 3182 69 14 TROIS
2323 3181 54 15 MOIS

2127 3208 77 25 Sc.ine
2223 3213 25 21 ot
2261 3209 128 26 S.-et-0..

2126 3240 193 26 Départements

2128 3320 77 24 Seine
2222 3322 26 22 et
2262 3320 128 24 S.-ot-0..

2125 3351 195 30 Départements

2131 3431 78 25 Seine
2219 3431 25 22 et
2257 3429 135 25 S.-et-0..
2405 3428 30 24 1S
2456 3424 22 27 tr
2489 3424 5 32 .

2130 3457 265 34 Départements.....
2406 3457 31 26 24
2470 3467 9 11 »

2161 3506 21 24 11
2197 3504 90 31 publie
2300 3506 98 22 «leuv
2413 3501 69 28 feuil-

2133 3535 84 25 letons
2225 3535 107 24 inédits:

2127 3581 168 30 PAÏÏLETTE
2327 3581 40 27 ET
2395 3579 104 28 RENEE

2167 3660 295 31 Infâme

1965 3768 65 26 TOUS
2052 3768 46 25 LES
2113 3769 155 25 1/cMQSEQIS

1734 3813 77 27 3UE
1852 3814 292 27 JOURNAL.
2185 3803 314 38 ILLUSTRÉ

1767 3860 92 22 Dessins
1874 3861 131 21 d'actualité
2020 3861 150 22 —Portraits
2183 3861 40 21 des
2242 3862 103 20 nommes

1896 3905 31 18 LE
1943 3905 133 18 NUMNP.O:
