2590 4050
151 142 82 48 Nr.
266 142 164 43 288.—
434 140 197 60 Dinstag,
656 142 38 43 7.
729 140 219 62 Dezember
982 145 127 44 1858.

1525 139 51 43 N°
1601 136 313 49 288.—Mardi,
1950 137 25 42 7
2009 135 222 44 Décembre
2262 135 120 44 1858.

150 273 570 343 Luxemburger
772 273 362 343 Zeitung
1186 273 52 343 -
1290 273 362 343 Journal
1704 273 103 343 de
1859 273 518 343 Luxembourg

90 669 139 28 Erscheint
248 669 74 28 jeden
339 669 73 29 Tag,
433 669 51 23 mit
501 669 159 27 Ausnahme
676 670 44 22 der
738 670 92 23 Tonn»
847 670 52 22 und
915 668 158 28 aefetzlicken
1090 667 150 30 Feiertage.

88 704 237 27 Prännm.'Preis
336 705 14 26 s.
362 706 19 21 d.
392 704 165 28 Gi°ßber,ogth.
566 711 5 15 :
589 706 12 20 3
614 705 98 24 Monate,
724 704 37 28 Fl.
773 703 70 28 5.;6
855 703 43 25 M„
911 703 36 28 Fr.
960 703 28 21 10
999 708 20 21 ■>;
1031 703 11 20 1
1054 702 66 26 labr,
1131 702 37 29 Fi.
1179 702 29 22 SO
1220 711 19 13 ».

194 738 319 31 Insertions'Gebühren
531 743 37 23 per
583 738 58 28 Zeile
657 738 28 21 20
702 738 66 27 Lent,,
833 738 35 27 für
884 736 131 27 Abonnirte,
1032 736 28 22 10
1076 736 59 22 Lent.

88 790 168 40 Nedaclion,
280 789 211 31 Hdonnements
513 794 55 25 und
592 789 142 38 Anzeigen
741 810 8 19 ,
775 789 40 29 bei
837 787 35 31 V.
894 783 103 44 Vück,
1021 786 206 41 Pastorsftrnße.

1328 669 82 19 Parait
1421 670 54 16 toui
1489 665 34 20 lei
1532 665 83 28 jour»,
1632 665 13 17 à
1657 662 144 27 l'exception
1814 662 41 19 dei
1867 661 141 20 dimanche»
2022 664 23 16 et
2055 660 42 20 de»
2106 660 71 27 jour»
2190 660 29 20 de
2232 659 62 21 fête»
2307 659 90 27 UgaU»

1294 701 57 20 Prix
1362 700 113 20 d'abonn'
1485 702 21 24 p«
1516 698 19 20 le
1545 698 14 19 G
1563 698 8 13 d
1574 697 91 25 -Duché,
1674 696 88 27 payable
1773 695 100 20 d'avance
1882 694 4 32 :
1900 696 12 19 5
1922 696 62 25 mois,
1997 696 25 19 fr.
2035 696 11 19 5
2060 704 7 8 »
2076 694 4 32 ;
2093 696 12 19 6
2116 702 36 18 m.,
2165 695 26 20 fr.
2204 695 24 20 10
2241 700 20 22 »J
2277 695 6 20 I
2295 701 35 20 an,
2343 694 27 21 fr.
2381 694 33 19 30.

1497 732 131 20 Aanonoei
1640 729 4 27 i
1663 731 27 20 La
1702 731 71 25 ligne,
1785 730 27 19 90
1823 732 72 24 cent.;
1909 737 53 19 pour
1976 730 29 19 le»
2017 729 109 26 abonni»,
2143 730 22 18 10
2178 731 57 19 cent.

1293 781 185 37 Rédaction,
1492 780 229 31 abonnements
1737 783 31 25 et
1784 787 172 28 annonces,
1971 777 75 31 chez
2057 778 40 30 V.
2111 778 98 36 Bcck,
2223 787 57 21 rue
2292 776 42 31 du
2347 776 92 32 Curé.

358 894 125 51 Nicht
522 896 219 49 amtlicher
782 891 144 53 Theil.

1569 894 173 35 PARTIE
1761 893 93 34 NON
1874 894 284 35 OFFICIELLE.

188 1026 227 43 Luxembourg,
437 1026 29 34 le
485 1026 19 35 6
525 1026 173 34 décembre.

297 1111 99 21 Revue
416 1111 198 21 politique.

119 1155 49 25 Les
190 1154 83 26 bruits
295 1154 30 26 de
347 1160 93 27 guerre
464 1154 100 32 n'ayant
586 1160 45 26 pas
654 1153 71 27 cessé
747 1154 31 26 de
800 1160 27 20 se

86 1195 137 25 maintenir
242 1194 64 25 dans
325 1194 22 25 la
369 1200 87 26 presse
475 1197 24 22 et
517 1201 14 18 a
551 1193 23 26 la
594 1194 97 25 Bourse
703 1194 31 25 de
754 1193 72 26 Paris

85 1234 98 34 malgré
196 1235 115 30 l'article,
337 1237 24 22 et
375 1234 15 25 il
404 1240 29 19 en
454 1237 37 22 est
510 1233 43 33 qui
573 1233 84 26 disent
673 1235 16 24 à
702 1241 75 18 cause
797 1234 30 26 de

85 1274 104 26 l'article
197 1274 31 26 de
235 1274 34 26 M.
280 1273 112 28 Amédée
400 1273 84 26 Renée
493 1274 62 24 dans
564 1273 22 24 le
598 1273 226 32 Constitutionnel,

85 1321 27 20 ce
125 1314 101 33 journal
242 1322 13 18 a
270 1321 44 20 cru
328 1313 88 27 devoir
431 1313 100 26 revenir
544 1320 92 20 encore
651 1321 49 19 une
714 1314 47 26 l'ois
781 1320 46 19 sur

85 1355 23 25 la
132 1355 117 33 question
273 1354 88 25 traitée
387 1361 45 25 par
451 1360 46 19 son
516 1354 128 25 directeur
661 1354 122 32 politique
803 1357 24 22 et

86 1394 106 26 réitérer
211 1401 40 19 ses
271 1401 154 19 assurances
444 1394 30 24 de
495 1393 57 31 paix
571 1399 61 19 avec
654 1400 48 18 une
716 1393 109 32 netteté,

85 1441 50 19 une
151 1434 125 33 précision
292 1434 30 26 de
336 1435 108 31 langage
458 1432 43 34 qui
516 1439 30 19 ne
560 1436 138 29 permettra
717 1434 58 33 plus
791 1434 35 27 les

85 1475 209 31 interprétations
312 1473 107 27 subtiles
444 1474 148 33 auxquelles
617 1475 101 26 avaient
744 1474 82 27 donné

86 1515 49 25 lieu
151 1516 202 32 quelques-unes
367 1515 45 24 des
426 1515 161 30 expressions
606 1515 33 24 du
660 1514 110 31 premier
786 1520 28 19 ar-

86 1554 67 26 ticle.
178 1555 47 25 Ces
239 1553 169 26 déclarations
428 1552 205 26 semi-officielles
653 1559 30 19 ne
701 1553 126 26 semblent

85 1594 143 32 cependant
242 1601 46 24 pas
302 1600 91 20 encore
407 1594 70 26 avoir
489 1593 101 33 produit
602 1596 53 24 tout
666 1593 73 27 l'effet
752 1594 73 34 qu'en

85 1633 68 27 avait
166 1633 104 27 attendu
286 1633 22 26 le
322 1637 221 29 gouuvernement
554 1637 26 23 et
593 1633 22 27 le
628 1635 130 26 Moniteur
769 1636 44 25 uni-

85 1673 94 32 versel,
204 1674 64 25 dans
288 1680 45 19 son
355 1673 105 26 numéro
479 1672 33 26 du
527 1674 30 30 4,
582 1681 13 17 a
616 1673 61 34 jugé
699 1678 127 28 opportun

86 1713 166 26 d'intervenir
272 1721 45 25 par
336 1713 22 25 la
378 1716 58 23 note
449 1719 50 28 que
521 1719 63 20 nous
605 1714 175 25 transcrivons
792 1714 24 25 ci-

85 1753 76 31 après
173 1760 5 19 :

126 1803 10 12 »
151 1793 55 26 Une
220 1793 143 33 polémique
377 1796 124 24 soutenue
521 1799 61 20 avec
599 1799 50 20 une
668 1793 157 33 persistance

86 1833 170 32 »regrettable
271 1840 46 25 par
327 1833 131 27 différents
466 1833 128 32 journaux
606 1833 31 26 de
648 1834 71 26 Paris
731 1834 95 26 semble

85 1873 90 26 »avoir
187 1872 76 26 causé
278 1880 49 19 une
341 1873 149 33 inquiétude
504 1881 50 25 que
568 1880 45 19 nos
627 1874 119 26 relations
766 1881 60 19 avec

85 1913 55 25 »les
163 1913 149 32 puissances
334 1913 148 33 étrangères
494 1920 41 22 «ne
556 1914 125 32 justifient
704 1914 14 26 à
742 1921 83 19 aucun

85 1953 105 34 »degré.
215 1953 34 27 Le
267 1957 200 30 gouvernement
481 1954 30 27 de
532 1954 159 33 l'Empereur
709 1954 62 27 croit
795 1955 31 26 de

85 1999 63 20 »son
163 1993 88 26 devoir
264 1994 31 25 de
310 1993 132 33 prémunir
461 1994 120 32 l'opinion
600 1994 121 33 publique
739 1998 87 22 contre

85 2033 53 25 »les
151 2033 71 25 effets
237 2033 74 25 d'une
333 2034 144 25 discussion
492 2034 43 33 qui
554 2035 78 25 serait
650 2035 31 25 de
700 2038 92 22 nature
811 2034 14 26 à

85 2070 110 27 »altérer
210 2080 44 18 nos
269 2076 118 29 rapports
406 2080 60 20 avec
487 2080 48 19 une
554 2075 136 31 puissance
709 2074 72 26 alliée
795 2075 30 25 de

85 2120 11 15 »
112 2111 22 25 la
149 2113 106 24 France.
268 2123 11 13 »

120 2151 69 26 Cette
200 2151 155 26 déclaration
365 2153 237 31 parviendra-t-elle
613 2154 12 24 h
637 2154 102 24 vaincre
751 2153 62 26 l'obs-

84 2189 106 26 lination
206 2191 46 25 des
267 2191 144 26 alarmistes
426 2195 24 22 et
464 2191 13 26 à
492 2191 105 33 déjouer
611 2192 37 26 les
663 2199 161 20 manœuvres

84 2230 45 26 des
151 2229 159 35 agitateurs?
333 2233 18 23 Il
375 2234 78 23 serait
471 2233 13 25 à
504 2233 98 26 désirer
614 2240 50 27 que
677 2241 28 19 ce
719 2234 106 26 résultat

85 2270 45 31 pût
145 2271 52 24 être
211 2271 104 31 obtenu,
333 2270 64 27 mais
410 2271 152 26 l'excitation
576 2273 33 24 du
630 2278 111 20 moment
760 2280 64 19 nous

85 2310 82 32 paraît
182 2316 69 20 assez
267 2311 63 25 forte
350 2317 64 25 pour
433 2317 31 19 ne
485 2317 44 26 pas
548 2311 88 26 devoir
655 2311 136 27 s'attendre
809 2311 13 27 à

85 2355 33 20 un
131 2350 106 25 soudain
254 2350 204 27 rétablissement
471 2350 34 27 du
521 2351 89 26 calme.
626 2351 18 26 Il
656 2351 69 26 vient
734 2358 75 27 cepen-

84 2389 61 26 dant
162 2390 32 26 de
212 2390 87 34 surgir
318 2397 30 19 en
368 2391 97 25 France
487 2399 50 18 une
561 2393 177 31 complication
764 2394 58 26 d'un

890 1032 79 27 genre
983 1025 147 33 particulier
1143 1024 44 33 qui
1201 1024 115 32 pourrait
1328 1023 139 33 peut-être,
1485 1023 83 26 mieux
1583 1029 48 26 que

891 1070 82 22 toutes
988 1066 36 26 les
1038 1065 170 26 déclarations
1221 1064 140 26 officieuses
1375 1066 24 24 et
1415 1063 143 31 officielles,
1585 1063 32 25 im-

892 1106 95 31 primer
1003 1112 48 19 une
1065 1109 72 22 autre
1157 1105 122 26 direction
1301 1111 49 19 aux
1369 1103 210 33 préoccupations
1597 1103 34 25 du

889 1146 59 31 jour
960 1153 6 18 :
990 1152 65 19 nous
1069 1145 141 25 entendons
1227 1145 83 32 parler
1323 1144 30 25 de
1374 1144 21 25 la
1417 1143 165 33 protestation
1602 1142 30 26 de

891 1186 33 25 M.
942 1186 22 25 le
977 1188 82 23 comte
1074 1186 30 25 de
1119 1185 195 27 Montalembert
1327 1187 86 23 contre
1429 1185 69 24 l'acte
1513 1185 30 24 de
1556 1183 76 34 grâce

891 1225 61 26 dont
967 1225 15 26 il
999 1233 13 18 a
1028 1225 39 27 été
1082 1225 83 32 l'objet
1178 1227 25 22 et
1213 1224 30 26 de
1259 1224 89 32 l'appel
1363 1223 117 33 interjeté
1493 1230 46 26 par
1552 1223 35 26 lui
1599 1223 31 25 du

889 1266 134 31 jugement
1036 1265 42 31 qui
1095 1264 28 25 l'a
1144 1263 89 33 frappé
1252 1271 29 19 en
1304 1263 125 33 première
1448 1264 125 25 instance.
1598 1263 33 26 La

890 1304 76 32 grâce
981 1303 178 27 sortira-t-elle
1170 1311 45 19 son
1230 1303 66 31 effet,
1308 1310 32 19 ou
1351 1304 57 26 bien
1421 1303 89 32 l'appel
1525 1302 107 26 sera-t-il

892 1344 74 30 reçu?
981 1344 68 26 C'eet
1062 1344 23 25 là
1097 1351 27 19 ce
1136 1351 49 26 que
1196 1344 35 24 les
1242 1343 138 26 tribunaux
1391 1346 92 23 auront
1495 1343 12 25 à
1519 1342 111 26 décider.

891 1384 85 31 Quant
988 1388 14 22 à
1016 1385 33 25 M.
1071 1385 31 24 de
1121 1384 196 26 Montalembert
1334 1384 245 32 personnellement,
1601 1390 31 18 on

891 1424 138 32 comprend
1043 1430 61 18 sans
1118 1423 119 26 difficulté
1252 1423 60 34 qu'il
1327 1423 148 33 préférerait
1489 1430 13 19 a
1516 1430 27 19 sa
1557 1423 75 34 grâce

892 1470 32 18 un
939 1463 183 32 acquittement
1136 1463 60 32 qu'il
1209 1463 89 32 espère
1311 1471 60 18 sans
1381 1464 86 31 doute,
1483 1463 13 26 à
1509 1463 82 26 moins
1602 1463 30 25 de

891 1502 35 26 lui
943 1503 83 32 prêter
1039 1503 141 26 l'intention
1195 1504 31 26 de
1246 1504 97 25 vouloir
1363 1504 135 33 prolonger
1517 1503 22 26 le
1558 1503 74 26 débat

892 1550 46 26 par
950 1550 91 21 amour
1054 1545 34 25 du
1102 1545 119 26 scandale
1234 1550 31 20 ou
1282 1551 45 25 par
1342 1543 92 27 vanité.

927 1589 33 25 La
976 1589 101 26 Gazette
1091 1589 30 26 de
1137 1589 108 33 Cologne
1259 1595 26 18 se
1297 1588 44 26 fait
1351 1588 81 27 écrire
1446 1589 30 25 de
1491 1589 81 25 Berne
1583 1595 49 26 que

892 1628 35 25 les
942 1627 174 34 négociations
1132 1628 139 33 pendantes
1288 1634 32 20 en
1341 1635 27 20 ce
1386 1632 113 23 moment
1518 1631 71 23 entre
1609 1628 22 26 la

891 1668 97 26 France
1004 1671 23 23 et
1041 1668 23 26 la
1078 1668 89 26 Suisse
1180 1672 45 22 ont
1238 1675 64 25 pour
1315 1668 77 33 objet,
1408 1673 72 21 outre
1494 1668 24 26 la
1531 1668 99 26 cession

893 1707 29 27 de
936 1708 21 25 la
974 1708 79 26 vallée
1068 1709 44 25 des
1127 1709 112 33 Nappes,
1256 1709 21 25 le
1292 1708 63 26 libre
1369 1715 106 27 passage
1486 1709 30 25 de
1529 1712 103 29 troupes

892 1748 139 31 françaises
1052 1755 46 26 par
1115 1749 22 26 le
1159 1749 127 26 territoire
1301 1748 143 34 helvétique
1463 1751 24 23 et
1508 1749 123 25 l'alliance

892 1791 70 23 entre
977 1788 35 27 les
1027 1788 65 27 deux
1107 1796 62 25 pays
1186 1795 62 26 pour
1264 1795 48 19 une
1325 1795 93 27 guerre
1432 1789 147 32 prochaine.
1596 1789 35 26 La

891 1828 85 26 feuille
990 1829 127 26 colonaise
1132 1830 84 31 ajoute
1231 1829 178 32 prudemment
1420 1829 91 33 qu'elle
1523 1835 29 19 ne
1568 1829 63 25 croit

892 1876 45 25 pas
951 1869 15 25 à
979 1872 64 23 cette
1058 1876 103 27 guerre,
1180 1872 25 23 et
1220 1870 21 24 si
1257 1876 63 19 nous
1339 1869 179 26 mentionnons
1533 1869 21 25 la
1570 1876 47 18 nou-

892 1909 62 26 velle
966 1909 65 26 ainsi
1047 1909 125 32 produite,
1189 1909 59 26 c'est
1258 1915 63 26 pour
1329 1909 20 26 la
1360 1912 90 23 mettre
1461 1915 30 20 en
1503 1912 128 22 contraste

890 1954 61 20 avec
974 1948 21 26 la
1020 1948 154 26 déclaration
1193 1948 34 26 du
1244 1948 128 27 Moniteur
1389 1947 127 27 universel
1534 1947 43 34 qui
1599 1953 31 20 en

891 1988 123 33 implique
1029 1988 23 26 la
1068 1987 146 27 réfutation.

926 2034 34 25 La
975 2033 225 33 Correspondance
1214 2034 83 25 Havas
1314 2034 68 31 parle
1393 2034 75 25 d'une
1482 2033 73 25 lettre
1566 2032 30 26 de
1607 2032 23 25 la

890 2073 70 25 reine
974 2073 30 25 de
1019 2074 94 24 Prusse
1127 2080 32 19 au
1175 2072 200 34 prince-régent,
1391 2073 64 25 dans
1465 2072 109 33 laquelle
1584 2071 47 26 elle

890 2119 26 19 se
932 2113 137 31 plaindrait
1082 2119 60 20 avec
1156 2113 132 32 beaucoup
1303 2114 29 25 de
1347 2113 105 25 vivacité
1466 2113 44 25 des
1522 2112 94 33 change-

889 2156 83 22 ments
987 2152 138 26 introduits
1140 2152 64 27 dans
1219 2152 222 27 l'administration
1456 2152 33 26 du
1510 2158 120 27 royaume

889 2196 23 23 et
927 2192 32 27 du
976 2192 83 27 blâme
1075 2192 72 27 versé
1162 2194 64 25 dans
1240 2193 152 26 l'allocution
1408 2193 33 26 du
1457 2191 89 34 régent
1560 2198 14 19 a
1589 2198 40 19 ses

890 2233 131 25 ministres
1048 2240 45 18 sur
1118 2233 22 24 le
1165 2235 201 29 gouvernement
1390 2231 144 34 précédent.
1560 2232 70 25 Nous

888 2279 79 18 avons
990 2272 75 31 peine
1086 2271 13 25 à
1122 2271 82 26 croire
1220 2272 15 25 à
1253 2272 143 27 l'existence
1413 2273 31 26 de
1462 2275 64 24 cette
1545 2271 82 30 lettre,

889 2311 61 25 dont
963 2311 21 26 le
1002 2314 109 23 contenu
1131 2311 107 27 n'aurait
1253 2318 33 27 pu
1307 2312 52 26 être
1379 2314 79 26 rendu
1478 2312 85 34 public
1580 2318 49 27 que

889 2358 46 26 par
955 2352 22 27 le
998 2352 44 27 fait
1061 2352 82 27 même
1160 2352 31 27 de
1213 2353 124 34 l'auguste
1355 2360 159 26 personnage
1537 2351 91 33 auquel

889 2393 47 25 elle
949 2393 61 25 était
1021 2393 129 26 adressée.
1166 2394 70 25 Nous
1248 2393 181 31 reproduisons
1441 2393 55 31 plus
1511 2393 50 25 loin
1573 2393 45 24 l'ar-

1697 1015 57 26 ticle
1767 1015 32 26 de
1811 1015 23 26 la
1850 1015 225 34 Correspondance
2089 1015 98 31 Havas,
2208 1022 59 19 sans
2281 1020 113 28 engager
2407 1020 31 21 en

1696 1054 59 33 quoi
1769 1061 49 27 que
1833 1062 27 19 ce
1874 1056 48 25 soit
1938 1059 72 22 notre
2023 1054 205 34 responsabilité.

1732 1096 46 24 Les
1794 1096 130 25 nouvelles
1938 1097 32 25 de
1983 1097 126 25 Lisbonne
2124 1097 52 25 font
2192 1095 101 33 prévoir
2313 1102 33 19 un
2361 1095 63 26 chan-

1696 1138 104 30 gement
1812 1135 31 25 de
1857 1135 141 27 ministère.
2012 1137 47 25 Les
2070 1136 88 26 Cortès
2170 1136 117 25 auraient
2297 1135 141 26 l'intention

1696 1175 126 33 d'infliger
1838 1182 30 18 un
1885 1175 82 26 blâme
1982 1183 31 19 au
2027 1176 101 26 cabinet
2142 1182 65 26 pour
2220 1175 71 26 avoir
2306 1175 100 25 relâché
2417 1175 22 25 le

1698 1214 236 33 Charles-Georges,
1959 1223 61 18 sans
2044 1216 71 25 avoir
2134 1214 103 27 attendu
2260 1214 22 26 la
2302 1214 92 27 remise
2409 1214 30 26 de

1697 1255 162 26 l'ultimatum
1875 1256 110 29 français
1999 1263 31 18 ou
2046 1257 108 31 l'emploi
2169 1256 30 25 de
2214 1256 22 25 la
2250 1256 78 25 force.

1732 1295 46 25 Les
1802 1296 129 25 nouvelles
1955 1296 177 33 d'Angleterre
2155 1299 58 23 sont
2235 1296 118 25 relatives
2374 1294 15 25 à
2416 1294 23 25 la

1697 1335 115 33 question
1829 1336 120 27 lonienne
1962 1340 24 22 et
1999 1343 30 18 au
2046 1336 69 26 refus
2130 1335 84 27 donné
2229 1342 44 26 par
2286 1335 54 26 lord
2356 1335 83 32 Derby

1697 1375 14 26 à
1726 1381 48 20 une
1789 1375 146 32 dépufation
1950 1376 31 25 de
1994 1379 187 28 commerçants
2195 1375 99 34 anglais
2309 1374 130 27 d'accéder

1697 1423 48 17 aux
1762 1416 171 32 propositions
1949 1416 29 25 de
1993 1416 33 25 M.
2043 1416 97 25 Brooke
2154 1418 156 23 concernant
2328 1415 23 25 le
2366 1414 61 26 terri-

1698 1456 63 24 toire
1774 1455 31 25 de
1819 1456 121 25 Sarawak
1954 1457 64 24 dans
2032 1456 49 24 l'île
2092 1456 30 24 de
2134 1455 108 26 Bornéo.
2256 1457 34 24 Le
2301 1461 123 28 gouverne-

1698 1499 69 21 ment
1783 1495 99 33 anglais
1899 1503 30 19 ne
1944 1500 58 22 veut
2017 1503 45 25 pas
2076 1495 62 26 faire
2152 1496 89 25 sienne
2254 1495 22 26 la
2291 1501 78 20 cause
2380 1495 58 25 d'un

1697 1535 147 26 aventurier
1857 1538 24 22 et
1894 1539 117 28 accepter
2026 1535 75 26 l'offre
2113 1535 75 26 d'une
2199 1535 148 32 possession
2362 1534 65 26 nulle-

1698 1578 69 22 ment
1786 1573 109 35 justifiée
1914 1582 46 24 par
1977 1576 44 25 des
2042 1576 70 25 titres
2132 1581 30 19 en
2183 1574 68 34 règle
2269 1578 24 22 et
2311 1573 128 27 contestée

1697 1621 47 24 par
1758 1622 48 19 une
1819 1618 73 23 autre
1906 1615 137 30 puissance
2057 1615 75 26 amie.

1812 1707 514 54 Zeitungsnachrichten.

1855 1771 164 36 Nouvelles
2037 1772 53 34 des
2099 1773 173 43 journaux.

1885 1864 174 34 Kölnische
2077 1865 156 36 Zeitung.

1730 1911 109 31 ®enf,
1866 1910 22 27 1.
1909 1911 138 28 Dccembei.
2093 1910 56 29 Wir
2177 1911 107 31 erhalte»
2310 1911 68 32 heute
2396 1910 39 28 die

1695 1949 127 32 Nachricht
1850 1954 48 23 ans
1917 1951 82 32 Per»,
2028 1954 48 24 aus
2103 1951 61 30 sonst
2183 1954 69 30 guter
2270 1951 99 31 Quelle,
2389 1952 47 30 daß

1695 1989 36 27 die
1756 1989 103 32 spccielle
1883 1991 108 29 Mission
2015 1992 43 25 des
2082 1991 79 32 Herrn
2186 1990 125 34 Marquis
2340 1991 97 35 Turgot

1695 2031 121 33 Excellenz
1828 2031 121 33 Folgcude
1968 2031 30 30 sei
2010 2041 5 16 :
2035 2039 24 18 er
2071 2031 55 29 solle
2144 2037 48 20 von
2213 2031 40 25 der
2266 2031 172 33 Eidgenossen»

1695 2069 70 30 schast
1783 2071 130 32 verlangen
1927 2080 5 16 :
1961 2070 27 31 1)
2009 2069 138 36 Abtretung
2171 2069 43 28 des
2234 2069 204 33 Dappenthales,

1694 2108 29 32 2)
1752 2109 134 32 Durchpaß
1916 2109 39 31 für
1978 2108 37 28 die
2040 2109 168 35 französischen
2227 2110 120 32 Truppen
2367 2109 69 32 durch

1694 2148 37 27 die
1742 2150 108 35 Tchn>eiz
1865 2152 56 29 nach
1935 2148 109 35 Italien,
2060 2151 48 24 und
2122 2149 29 31 3)
2164 2150 97 35 Allianz
2275 2152 40 24 der
2329 2150 109 35 Schweiz

1694 2189 45 30 mit
1758 2190 136 34 Frankreich
1916 2190 37 30 für
1972 2189 68 28 einen
2062 2190 195 30 bevorstehenden
2271 2189 165 32 italienischen

1694 2231 83 32 Krieg.
1815 2231 42 26 So
1877 2230 55 26 weit
1955 2230 46 27 wir
2019 2230 38 27 die
2076 2230 110 34 Schweiz
2206 2230 99 30 kennen,
2324 2228 61 28 wird
2404 2230 30 28 sie

1693 2270 60 31 diese
1770 2269 194 34 Zumuthungen
1984 2268 63 30 nicht
2065 2269 135 29 annehme»
2212 2276 6 25 ;
2238 2268 73 28 allein
2328 2276 39 20 um
2382 2268 53 28 dies

1694 2318 25 27 zu
1739 2310 136 33 vermögen,
1895 2310 83 31 bedarf
1996 2310 29 30 sie
2045 2308 67 27 eines
2127 2308 101 33 Haltes,
2248 2309 65 26 einer
2327 2309 97 33 schützen
2429 2321 6 8 •

1693 2351 43 25 den
1762 2349 100 31 Macht,
1893 2351 82 28 welche
1993 2349 59 30 stark
2070 2357 79 27 ge»ug
2170 2348 37 32 ist,
2227 2350 51 24 dem
2299 2348 134 35 mächtigen

1694 2390 112 31 Machbar
1825 2389 38 27 die
1883 2389 87 35 Spitze
1988 2397 27 27 zu
2035 2389 86 27 bieten.
2159 2387 99 30 Bereits
2280 2389 40 30 hat
2340 2389 38 30 für
2396 2387 39 27 die

220 2534 463 46 FEUILLETON.

195 2681 132 34 Suez
354 2681 49 34 et
429 2679 278 36 Marseille.

437 2802 33 22 El
479 2801 124 23 renovabis
612 2802 88 28 faciem
713 2802 77 22 terrœ.

575 2836 39 22 Ps.
627 2837 47 21 103.

80 2898 37 22 Où
129 2897 59 23 donc
199 2897 121 22 s'arrêtera
332 2896 159 30 l'intelligence
502 2896 108 24 humaine
620 2898 10 22 ?

80 2933 59 27 Quel
150 2940 93 21 compas
253 2936 54 26 peut
319 2937 75 17 tracer
405 2939 29 14 un
446 2931 75 23 cercle
533 2933 14 20 à
558 2940 42 14 sou
612 2932 105 23 domaine
725 2934 11 21 ?

79 2967 92 23 Devant
184 2973 49 16 tous
245 2966 33 22 les
289 2966 94 30 progrès
395 2966 53 23 dont
460 2971 64 18 notre
535 2968 43 28 âge
590 2972 32 17 est
635 2967 96 29 témoin,

79 3001 45 28 Qui
135 3005 54 25 peut
200 3001 49 22 dire
261 3001 13 22 à
286 3001 86 28 l'esprit
382 3001 4 29 :
399 3001 33 21 Tu
443 3001 69 21 n'iras
526 3007 39 22 pas
579 3001 49 28 plus
641 3001 62 22 loin?

78 3035 95 23 Secrets
185 3043 43 21 que
239 3042 58 14 nous
309 3035 127 22 cherchons
445 3035 4 30 !
461 3035 129 22 insolubles
603 3036 128 29 problèmes
740 3037 5 21 !

79 3069 105 28 Quelque
194 3070 63 28 jour,
269 3077 41 22 par
321 3076 41 15 nos
375 3068 43 27 fils,
431 3069 18 21 si
462 3076 26 15 ce
499 3069 56 23 n'est
567 3077 42 22 par
620 3072 162 27 nous-mêmes,

79 3103 65 22 Vous
153 3103 110 30 jaillirez,
276 3103 104 27 vaincus,
392 3103 40 23 des
444 3102 70 24 fibres
525 3104 29 22 du
565 3112 107 16 cerveau.

78 3138 116 23 Peut-être
206 3145 51 22 que,
270 3138 96 26 demain,
379 3145 29 14 un
420 3138 87 22 Dédale
518 3146 118 20 nouveau,

79 3172 143 28 Complétant
233 3175 48 19 tout
293 3172 13 22 à
317 3179 60 22 coup
388 3176 49 18 tant
449 3172 100 22 d'efforts
560 3173 129 29 illusoires,

79 3205 61 23 Pour
152 3205 87 23 l'océan
251 3205 42 23 des
305 3205 65 23 deux
382 3210 108 18 trouvera
501 3205 42 23 des
554 3207 129 29 nageoires,

79 3240 36 27 Et,
127 3240 57 23 dan»
195 3240 149 27 l'immensité,
357 3240 20 22 le
388 3241 135 28 gouvernail
536 3248 28 15 en
576 3241 67 28 main,

79 3276 20 22 A
112 3274 40 23 des
163 3282 111 22 Waggons
286 3282 55 15 sans
353 3275 57 22 rails
422 3275 115 29 prescrira
548 3275 49 23 leur
608 3276 101 28 chemin;

79 3309 116 22 Peut-être
207 3316 45 15 une
263 3309 117 27 étincelle,
392 3309 13 22 à
416 3309 59 22 Dieu
487 3310 72 21 même
570 3310 72 27 ravie,

79 3343 34 23 En
124 3343 192 23 d'innombrables
326 3343 67 29 jours
405 3350 28 15 va
446 3344 122 28 prolonger
581 3344 20 22 la
613 3344 45 28 vie,

79 3377 36 27 Et,
128 3377 56 23 dans
197 3385 29 14 un
238 3383 64 16 autre
313 3377 72 27 Eden,
397 3377 46 22 doit
455 3381 81 19 mettre
547 3379 13 21 à
571 3384 43 16 nos
625 3386 89 22 genoux

79 3410 45 23 Les
135 3412 87 22 trésors
234 3412 113 21 inconnus
359 3410 113 31 qu'Adam
484 3412 71 28 perdit
568 3420 57 21 pour
637 3420 65 17 nous.

79 3446 77 22 Avant
169 3454 27 14 ce
208 3445 147 27 demi-siècle,
366 3445 31 23 oh
405 3445 5 23 !
422 3446 66 28 dites,
500 3447 65 28 quels
578 3447 121 29 prophètes

79 3480 110 23 Auraient
199 3480 89 29 jamais
300 3481 71 29 prévu
384 3481 33 21 les
429 3479 83 23 choses
524 3487 41 22 par
578 3475 30 28 lui
620 3481 83 23 faites?

79 3515 67 22 Ainsi
158 3521 44 22 que
215 3515 33 21 les
259 3515 101 22 cailloux
372 3515 7 21 1
388 3514 89 23 homme
488 3515 76 22 écarte
576 3515 33 22 les
620 3520 86 24 monts;

79 3548 18 22 Il
111 3549 73 22 donne
195 3556 29 14 au
235 3548 35 23 fer
282 3549 40 21 des
335 3548 61 27 bras,
409 3548 40 22 des
460 3548 66 30 pieds
537 3553 22 18 et
571 3549 41 23 des
623 3558 124 22 poumons;

79 3582 58 22 Plus
149 3583 45 22 vite
206 3585 66 26 qu'on
283 3590 29 15 ne
323 3587 62 18 trace
397 3590 30 15 un
438 3583 66 22 sillon
517 3583 27 22 de
555 3583 105 28 charrue,

80 3616 65 23 Dans
158 3617 33 23 les
202 3618 74 22 flancs
288 3617 27 22 de
327 3617 22 22 la
360 3621 60 19 terre
431 3618 16 21 il
459 3617 95 23 enfonce
566 3625 43 16 une
620 3626 54 18 rue;

79 3651 48 23 Des
138 3655 68 26 ponts
217 3652 143 29 irrigateurs,
371 3659 59 22 pour
441 3653 107 22 féconder
559 3653 21 22 le
592 3653 44 27 sol,

80 3686 135 28 Déroulent,
228 3687 14 22 à
253 3694 26 15 sa
289 3687 62 27 voix,
364 3689 50 20 leur
425 3688 149 29 gigantesque
585 3687 45 23 vol.

80 3720 17 22 Il
110 3720 62 23 foule
183 3729 55 14 sous
249 3729 39 14 ses
299 3721 65 30 pieds
376 3721 40 22 des
428 3722 59 29 tapis
499 3722 27 21 de
538 3722 95 26 bitume;

80 3756 90 22 Autour
182 3756 28 23 de
222 3763 37 16 ses
270 3756 83 29 palais,
366 3763 28 15 un
406 3763 45 22 peu
463 3756 56 23 d'air
531 3757 53 28 qu'il
596 3756 83 23 allume

80 3790 74 22 D'une
165 3791 70 22 clarté
247 3791 105 28 magique
363 3790 58 23 étale
433 3791 131 29 l'appareil;

82 3824 45 23 Ses
137 3824 69 24 chars
217 3829 39 18 ont
267 3832 31 15 un
309 3825 51 22 élan
371 3825 14 22 à
396 3824 23 23 la
429 3824 82 24 foudre
522 3825 81 28 pareil,

887 2485 28 23 Et
925 2492 27 16 sa
962 2485 54 22 voix
1027 2485 130 31 électrique,
1170 2490 70 18 avant
1251 2486 111 29 quelques
1374 2487 119 27 secondes,

888 2521 20 22 A
920 2524 88 19 travers
1022 2521 100 28 l'Océan,
1134 2520 83 24 touche
1228 2528 29 15 au
1270 2520 54 23 bout
1335 2521 40 22 des
1387 2522 58 23 deux
1458 2521 100 23 mondes.

888 2556 32 21 Ce
931 2555 76 23 n'était
1019 2557 62 27 point
1092 2562 67 16 assez
1168 2564 5 14 :
1186 2556 20 23 le
1218 2556 63 22 voilà
1292 2556 141 23 maintenant

887 2588 45 27 Qui
944 2589 63 22 saisit
1018 2596 42 21 par
1070 2589 20 22 le
1102 2593 78 18 centre
1192 2597 28 14 un
1233 2590 82 22 double
1326 2590 127 27 continent;

887 2622 91 22 Orlain
989 2623 51 27 qu'à
1051 2628 42 17 son
1105 2623 72 22 levier
1188 2623 38 22 nul
1238 2624 65 28 poids
1315 2631 28 15 ne
1353 2631 26 15 se
1391 2624 90 27 dérobe,

886 2656 32 22 Le
930 2656 62 23 voilà
1004 2657 37 29 qui
1054 2657 114 30 s'apprête
1180 2657 13 23 à
1204 2658 96 28 repétrir
1312 2659 19 21 le
1342 2658 75 28 globe,

886 2692 21 22 A
919 2691 107 30 changer,
1038 2700 28 15 en
1077 2695 118 20 «'ouvrant
1206 2699 27 16 ce
1245 2700 43 22 que
1300 2693 58 22 Dieu
1372 2693 31 22 lui
1414 2693 80 28 ferma,

886 2726 65 22 Deux
963 2726 95 23 isthmes
1070 2734 26 14 en
1109 2727 94 22 détroits
1212 2726 4 24 :
1228 2726 61 23 Suez
1301 2732 20 17 et
1334 2726 108 24 Panama.

886 2759 52 27 Oui,
950 2767 55 15 sous
1017 2761 33 21 les
1064 2760 126 28 pharaons,
1202 2761 138 22 architectes
1352 2762 117 27 précoces,

884 2793 116 30 L'Egypte
1010 2794 67 23 édifia
1088 2794 28 23 de
1127 2795 145 22 merveilleux
1285 2795 114 27 colosses;

884 2827 52 23 Elle
949 2829 77 29 voyait
1038 2830 83 29 surgir,
1132 2837 27 14 se
1171 2829 119 23 détachant
1302 2830 29 21 du
1342 2837 47 20 roc,

884 2861 44 24 Ses
939 2863 105 29 temples,
1056 2871 38 15 ses
1105 2863 83 29 grands
1199 2863 99 30 sphynx,
1309 2861 76 25 taillés
1394 2864 56 22 dans
1461 2871 27 14 un
1499 2862 51 23 seul
1563 2862 60 30 bloc,

884 2896 50 23 Elle
946 2900 38 19 eut
995 2904 41 16 son
1049 2897 137 30 labyrinthe,
1199 2903 21 18 et
1231 2904 38 17 ses
1280 2899 63 21 noirs
1354 2897 125 31 hypogées,

884 2932 38 22 Où
934 2932 34 22 les
980 2933 96 21 cendres
1088 2932 40 23 des
1140 2933 46 21 rois
1198 2932 80 23 étaient
1291 2933 151 28 interrogées;

885 2965 27 22 Et
923 2966 85 22 devant
1019 2971 53 18 tous
1083 2974 39 15 ces
1136 2966 71 23 bruits
1219 2974 57 14 nous
1288 2966 135 24 demeurons
1434 2966 87 23 béants.

884 2999 59 23 Mais
955 3008 166 16 sommes-nous
1132 3002 41 21 des
1185 3001 66 22 nains
1262 3001 81 30 auprès
1355 3001 28 22 de
1395 3009 38 15 ces
1445 3002 79 28 géants
1533 3001 11 22 ?

884 3034 44 23 Les
940 3043 93 15 œuvres
1044 3037 28 20 de
1083 3043 41 15 nos
1132 3036 68 29 jours
1212 3036 121 22 sont-elles
1346 3036 48 29 plus
1406 3036 109 22 timides?

884 3068 38 23 Ah
931 3068 4 30 !
947 3075 169 17 montrez-nous
1129 3077 76 19 encor,
1218 3070 28 22 du
1259 3070 54 22 haut
1325 3070 39 22 des
1376 3070 145 28 Pyramides,

884 3103 88 22 Siècles
984 3104 131 28 pulvérisés
1126 3104 5 21 !
1143 3103 112 23 fantômes
1267 3103 122 23 ténébreux
1399 3104 5 22 !

884 3137 65 22 Vous
961 3146 42 21 que
1015 3145 42 15 nos
1069 3138 122 22 bataillons
1202 3138 75 22 virent
1289 3140 100 27 penchés
1400 3146 41 14 sur
1453 3147 53 18 eux,

885 3172 103 29 Lorsque
1000 3180 58 14 vous
1072 3172 110 23 admiriez
1195 3172 21 23 le
1226 3172 72 30 jeune
1309 3172 138 31 Bonaparte,

884 3207 98 22 Passant
994 3214 86 15 comme
1093 3214 28 15 un
1133 3208 89 22 simoun
1235 3207 84 22 devant
1331 3208 37 28 qui
1381 3211 47 19 tout
1439 3208 103 27 s'écarte,

885 3241 112 28 Lorsqu'il
1010 3248 57 15 vous
1079 3241 120 29 désignait,
1212 3242 27 22 de
1251 3241 22 22 la
1284 3241 61 28 voix,
1357 3241 28 23 de
1397 3241 22 22 la
1430 3242 68 27 main,

884 3274 21 23 A
917 3282 37 15 ses
966 3274 86 23 soldats
1063 3276 84 29 rangés
1158 3275 57 23 dans
1226 3275 22 23 le
1259 3275 75 23 désert
1346 3275 98 24 thébain.

884 3309 88 22 Siècles
982 3308 4 29 !
998 3310 118 22 redressez
1127 3317 59 15 vous
1199 3310 27 22 de
1238 3314 61 18 toute
1310 3315 65 17 votre
1386 3310 70 27 taille,

884 3343 79 23 Venez
976 3351 57 21 pour
1044 3344 139 30 contempler
1195 3345 20 21 la
1228 3345 108 22 nouvelle
1348 3344 99 28 bataille,

884 3377 62 23 Pour
957 3378 51 22 voir
1019 3385 30 15 un
1061 3383 63 17 autre
1135 3378 56 23 chef
1199 3383 22 18 et
1232 3379 39 22 des
1283 3379 87 22 soldais
1381 3386 129 21 nouveaux,

884 3411 44 27 Qui
940 3411 28 22 de
980 3412 58 21 deux
1049 3412 111 23 éléments
1171 3417 53 18 vont
1237 3412 101 29 changer
1349 3412 34 23 les
1393 3412 108 23 niveaux.

884 3446 64 22 Vous
961 3452 88 21 verrez,
1061 3453 54 15 sous
1127 3446 49 23 leur
1188 3446 91 23 marche
1291 3447 153 23 industrieuse
1456 3452 22 18 et
1489 3448 65 26 forte,

884 3479 99 23 Tomber
993 3479 29 22 de
1033 3479 94 24 l'Orient
1138 3480 169 24 l'inaccessible
1318 3485 74 27 porte,

884 3513 27 23 Et
923 3513 114 29 l'Europe,
1049 3514 110 30 éclipsant
1171 3516 34 22 les
1214 3515 67 30 jours
1292 3523 45 22 que
1348 3523 56 15 vous
1416 3520 91 23 vantez,

884 3548 154 30 S'engouffrer
1049 3549 14 22 à
1073 3553 90 19 travers
1175 3551 40 22 des
1226 3551 51 22 flots
1288 3551 160 28 infréquentés.

884 3583 65 23 Vous
961 3590 79 16 verrez
1053 3589 66 17 voire
1129 3584 97 31 Egypte,
1238 3585 14 21 à
1263 3592 42 15 vos
1317 3585 64 27 p'eds
1392 3585 125 27 endormie,

884 3617 135 28 Redresser,
1032 3625 27 15 en
1071 3624 99 22 sursaut,
1182 3626 27 14 sa
1220 3618 117 30 puissante
1349 3619 89 27 momie,

884 3651 160 24 Ressuscitant
1057 3652 33 22 les
1102 3661 70 20 murs,
1184 3652 59 23 deux
1254 3652 61 23 mille
1326 3661 41 15 ans
1379 3653 83 28 abolis,

885 3687 136 28 D'Arsinoé,
1033 3688 28 22 de
1072 3687 77 30 Syène
1160 3693 22 18 et
1193 3688 159 30 d'Héliopolis,

885 3722 144 22 Retrouvant
1040 3729 37 15 ses
1088 3729 98 20 canaux,
1198 3729 39 15 ses
1248 3722 49 23 lacs
1309 3726 63 18 entre
1384 3722 34 22 les
1429 3722 89 28 sables;

885 3755 36 28 Et,
933 3763 87 15 comme
1030 3760 65 19 votre
1105 3757 47 27 Nil,
1164 3764 44 15 non
1220 3757 73 23 moins
1306 3756 169 29 intarissables,

886 3790 48 22 Nos
945 3795 55 24 arts,
1011 3799 43 15 nos
1066 3799 91 20 mœurs,
1169 3799 43 15 nos
1225 3792 49 26 lois,
1287 3791 110 29 déposant
1409 3793 49 21 leur
1469 3792 82 26 limon,

886 3825 90 29 Depuis
987 3826 21 23 le
1018 3826 71 23 vieux
1099 3826 69 23 Delta
1176 3826 110 29 jusqu'au
1298 3825 72 24 désert
1383 3826 125 23 d'Auimon.

1692 2487 117 30 Conquêle
1821 2488 122 30 pacifique,
1954 2487 109 22 immense
2075 2486 137 23 découverte
2220 2486 6 22 !

1691 2521 37 24 Un
1737 2523 63 28 jour,
1811 2522 34 23 les
1856 2530 61 22 yeux
1931 2523 56 21 fixés
1999 2529 39 14 sur
2050 2529 44 14 une
2106 2527 62 17 carie
2180 2524 106 23 ouverte,

1691 2556 36 23 Un
1740 2557 88 22 homme
1839 2557 73 23 s'était
1925 2557 30 21 dit
1965 2564 5 14 :
1983 2555 70 27 „Dieu
2065 2562 29 15 ne
2105 2562 58 16 nous
2175 2555 81 22 défend
2268 2562 42 22 pas

1691 2590 152 31 D'appliquer
1854 2592 13 21 à
1881 2598 41 14 son
1935 2596 79 16 œuvre
2026 2595 28 16 un
2067 2590 56 22 utile
2135 2596 104 23 compas;

1690 2624 17 23 Il
1721 2631 54 17 veut
1787 2634 51 22 que,
1850 2633 44 22 par
1905 2624 89 27 degrés,
2005 2628 65 17 noire
2082 2623 61 23 main
2154 2623 87 23 rectifie

1690 2660 45 22 Les
1748 2661 140 22 aberrations
1900 2659 27 21 de
1938 2658 22 22 la
1972 2658 146 29 géographie.

1690 2695 61 28 Quoi
1761 2692 4 31 !
1777 2695 76 25 l'lnde,
1863 2693 20 22 le
1894 2693 72 29 grand
1980 2693 36 22 but
2028 2692 42 23 des
2081 2693 84 29 grands
2176 2692 156 30 navigateurs,

1690 2729 88 27 L'lnde,
1789 2735 60 22 pays
1860 2728 28 22 de
1900 2728 48 26 l'or,
1960 2727 39 23 des
2012 2728 82 28 perles,
2106 2727 41 22 des
2155 2733 114 24 semeurs,

1690 2764 81 22 L'lnde
1782 2770 57 14 nous
1850 2761 88 22 touche.
1950 2761 59 28 Quoi
2018 2761 4 28 !
2035 2761 21 23 la
2066 2761 170 22 Méditerranée

1690 2797 95 27 Entend,
1796 2797 52 30 près
1860 2796 28 22 de
1900 2804 38 15 ses
1949 2796 60 28 flots,
2021 2796 22 22 la
2054 2803 49 15 nier
2113 2795 79 30 Rouge
2204 2794 133 24 enchaînée.

1689 2833 26 22 Et
1729 2834 104 26 pourtant
1844 2835 58 19 cette
1914 2837 68 21 terre,
1994 2831 94 29 exquise
2099 2830 27 22 de
2138 2829 110 30 produits,

1689 2866 35 22 On
1736 2873 28 15 ne
1776 2865 94 23 l'atteint
1881 2866 107 28 qu'après
2000 2865 27 22 de
2040 2866 64 27 longs
2116 2869 21 17 et
2148 2864 56 22 durs
2215 2864 101 22 circuits.

1688 2900 28 22 Et
1728 2899 33 22 les
1773 2900 132 27 vaisseaux,
1917 2899 71 30 partis
2000 2899 27 22 de
2040 2899 88 28 chaque
2141 2898 133 29 métropole,

1688 2934 61 22 Pour
1760 2935 95 22 toucher
1867 2935 5 20 1
1881 2936 109 26 équateur
2001 2933 92 22 doivent
2105 2933 126 22 descendre
2242 2940 28 14 au
2284 2932 51 28 pôle
2344 2932 4 30 !

1688 2967 94 24 Comme
1793 2976 44 14 aux
1846 2969 67 29 jours
1925 2968 28 22 de
1966 2967 79 26 Gama,
2057 2974 58 14 nous
2126 2966 122 23 subissons
2259 2972 69 15 encor

1688 3002 32 23 La
1733 3003 130 28 fulgurante
1875 3009 48 15 mer
1934 3002 38 29 qui
1986 3002 64 21 barre
2061 3000 154 26 Adamasior;

1687 3037 63 22 Nous
1762 3037 75 22 allons
1849 3037 109 21 affronter
1970 3037 33 20 les
2015 3042 126 21 orageuses
2154 3042 88 15 masses

1687 3071 35 22 De
1734 3079 26 15 ce
1772 3078 41 22 cap
1826 3071 27 21 de
1866 3070 99 29 l'Espoir
1977 3069 88 23 hérissé
2077 3069 27 23 de
2117 3076 112 15 menaces.

1688 3107 64 23 Nous
1763 3113 98 23 passons
1874 3105 131 26 lentement,
2018 3112 41 21 par
2070 3104 40 22 des
2122 3103 69 23 bords
2203 3103 134 28 successifs,

1688 3142 36 22 Du
1735 3141 66 22 canal
1813 3141 159 26 Mozambique
1983 3140 14 20 à
2009 3140 60 20 mille
2082 3143 76 16 autres
2171 3138 89 21 rescifs.

1687 3174 115 29 Pourquoi
1814 3179 50 17 tous
1876 3173 35 22 les
1922 3172 105 29 dangers,
2040 3171 113 30 pourquoi
2165 3171 148 29 l'inquiétude

1687 3210 35 21 De
1734 3216 39 14 ces
1784 3209 63 21 côtes
1858 3207 120 29 d'Afrique
1989 3207 29 21 où
2030 3206 21 22 la
2065 3214 47 14 mer
2123 3210 33 18 est
2167 3206 20 22 si
2198 3206 57 22 rude
2264 3206 11 22 ?

1686 3244 34 21 Ne
1731 3248 92 24 peut-on
1835 3241 89 22 arriver
1936 3248 40 23 par
1988 3248 28 15 un
2029 3241 52 29 plus
2093 3239 52 23 bref
2153 3240 87 23 chemin
2250 3240 10 22 ?

1687 3278 34 22 Ne
1733 3281 99 26 peut-on,
1844 3276 92 23 fallùt-il
1949 3283 28 15 un
1988 3274 83 23 travail
2084 3274 142 27 surhumain,

1688 3313 52 22 Aux
1751 3312 84 22 marins
1847 3319 44 22 que
1905 3312 33 21 les
1950 3311 50 21 flots
2012 3311 89 21 roulent
2113 3309 28 21 de
2153 3311 58 19 cime
2222 3316 28 14 en
2262 3310 66 25 cime,

1688 3347 50 27 Que
1750 3354 108 14 consume
1870 3346 93 26 l'ennui,
1976 3352 42 22 que
2031 3346 21 21 le
2062 3344 93 22 scorbut
2166 3344 95 26 décime,

1687 3381 66 22 Faire
1764 3388 29 14 un
1807 3380 66 29 trajet
1886 3379 73 23 moins
1973 3380 61 27 long,
2047 3387 29 14 un
2088 3386 66 15 cours
2167 3379 73 21 moins
2252 3377 148 23 hasardeux?

1688 3415 35 22 On
1736 3415 20 21 le
1767 3420 62 24 peul.
1840 3414 44 22 J'ai
1896 3414 81 21 trouvé
1987 3412 4 32 :
2003 3413 107 28 Coupons
2122 3412 104 29 l'Egypte
2238 3418 27 15 eu
2277 3412 70 27 deux;

1688 3449 120 30 Appelons
1822 3446 4 33 I
1836 3448 91 26 Océan;
1939 3448 53 28 qu'il
2005 3447 83 22 vienne
2098 3452 63 17 entre
2173 3446 58 23 deux
2244 3446 61 22 rives

1687 3484 72 22 Mèier
1770 3491 44 15 aux
1825 3483 52 23 flots
1889 3482 88 22 voisins
1988 3489 38 15 ses
2037 3481 97 30 grandes
2147 3487 57 16 eaux
2216 3480 110 29 captives.

1688 3517 123 23 Marchons
1823 3517 27 22 où
1862 3517 20 22 le
1893 3517 66 22 soleil
1971 3523 25 16 se
2009 3516 50 22 lève
2070 3517 14 21 à
2095 3515 109 23 l'horizon
2215 3523 7 17 ;

1688 3552 61 22 C'est
1761 3551 23 23 là
1796 3553 20 21 le
1827 3551 50 22 vrai
1888 3551 90 22 chemin
1988 3550 131 29 qu'indique
2131 3550 22 22 la
2164 3550 84 21 raison.

1688 3587 32 22 Le
1731 3587 50 21 seul
1794 3587 37 29 qui
1843 3585 67 29 perde
1922 3585 58 21 ainsi
1992 3592 25 14 sa
2030 3584 90 22 lenteur
2130 3584 140 28 importune:

1689 3620 59 23 C'est
1759 3620 22 23 la
1792 3620 67 24 corde
1871 3619 27 22 de
1910 3618 61 27 l'arc,
1982 3617 107 30 l'algèbre
2101 3617 27 23 de
2139 3617 125 30 Neptune."

1688 3723 91 23 Pensée
1790 3723 109 21 immense
1907 3721 5 21 !
1925 3721 57 22 mais
1994 3728 56 22 pour
2061 3727 28 15 en
2101 3718 64 23 avoir
2176 3718 21 22 le
2208 3718 58 30 prix.

1689 3759 59 22 Mais
1760 3764 56 24 pour
1827 3756 100 28 imposer
1938 3755 94 23 l'œuvre
2043 3760 45 17 aux
2099 3752 98 24 rebelles
2209 3753 91 29 esprits,

1690 3793 17 23 11
1719 3792 75 23 fallait
1806 3798 42 15 une
1860 3789 90 24 audace
1961 3789 63 30 égale
2036 3789 13 21 à
2060 3795 39 15 ces
2111 3788 98 22 oracles.

1690 3827 35 22 Un
1739 3832 97 21 courage
1846 3828 91 25 stoique
1946 3822 4 31 :
1961 3824 18 22 Il
1991 3822 74 23 fallait
2077 3822 40 22 des
2128 3822 113 23 miracles.
