2590 4050
157 193 257 34 Dappenthal.Frage
432 191 39 28 die
491 192 18 27 f.
528 192 17 26 f.
560 191 178 33 österreichische
748 191 151 34 Regierung,

158 233 45 27 wie
222 241 57 19 man
304 232 144 32 vernimmt,
470 231 90 35 Partei
580 239 155 27 genommen;
753 235 27 22 es
799 231 29 33 ist
847 232 53 31 deß'

159 273 59 33 halb
237 273 174 34 anzunehmen,
428 273 48 30 daß
494 271 38 28 die
541 271 119 33 deutschen
675 270 106 34 Mächte,
805 270 32 28 im
851 271 50 33 I».

158 312 77 33 teresse
262 312 69 33 ihres
359 312 162 32 süddeutschen
549 312 351 33 Vertheidigungs.Systems,

158 351 39 28 bei
215 355 40 24 der
274 352 233 34 Eidgenossenschaft
527 351 77 31 dahin
623 351 96 33 willen,
734 352 47 31 daß
802 351 100 31 dieselbe

158 391 65 33 nicht
235 392 73 27 allein
324 392 51 31 ihre
389 391 97 36 eigenen
499 391 210 35 Landesgränzen,
729 391 100 32 sondern
845 391 55 32 auch

158 434 44 26 den
223 433 38 32 für
279 433 30 30 sie
328 432 27 27 in
373 434 47 25 das
440 431 287 34 Neutralitäts>System
753 430 149 35 eingeschlos»

157 472 70 33 scncii
251 472 138 32 nördlichen
413 472 75 32 Theil
511 470 318 36 Savoyens,vertheidige,
857 470 44 28 wie

158 511 54 28 dies
232 511 38 28 die
288 511 89 28 wiener
396 511 120 35 Verträge
534 511 147 32 bestimmen.

195 557 157 33 Neapel,
370 556 43 27 22.
433 555 66 28 Nov.
537 555 127 34 Englische
683 556 48 27 und
752 555 150 35 französische

160 597 100 28 Blätter
288 597 109 31 brachten
426 596 37 27 die
491 596 128 32 Nachricht
646 603 48 19 von
715 595 64 27 einer
797 595 51 32 hier
867 595 34 27 im

159 637 70 34 Zuge
246 635 156 34 befindlichen
423 635 124 31 Minister.
553 634 69 32 Krise
642 635 88 32 Hieher.
749 636 38 28 Es
806 634 30 32 ist
853 633 37 28 die-

160 677 61 30 selbe
244 676 79 33 nichts
348 677 66 29 mehr
433 676 42 26 als
494 674 53 28 eine
565 675 65 34 jener
656 676 180 32 Erfindungen,
855 682 47 20 wo>

159 715 47 28 mit
233 723 57 19 man
317 714 34 28 im
378 715 132 28 Auslande
537 715 45 32 auf
606 715 88 32 Kosten
722 715 40 26 der
780 714 122 34 Zustände

160 754 113 33 Neapels
298 754 49 32 sehr
367 754 116 36 freigebig
502 754 36 32 ist.
576 755 63 32 Auch
659 762 46 19 von
726 756 40 25 der
785 754 116 31 Rückkehr

160 796 43 25 des
218 795 127 28 Generals
359 793 142 36 Filangieri
516 793 26 27 in
557 795 42 25 den
611 793 103 33 stabilen
726 793 175 32 Staatsdienst

160 834 29 33 ist
207 833 147 36 keineswegs
382 833 37 27 die
448 834 73 27 Rede.
558 834 35 29 Er
612 833 42 33 hat
673 836 42 24 den
736 833 166 32 «Statthalter*

161 874 90 34 Posten
271 881 47 20 von
339 873 115 27 Sicilien
474 873 77 31 feines
571 873 162 36 vorgerückten
748 874 84 27 Alters
853 874 48 24 und

160 913 74 32 seiner
263 914 165 34 geschwächten
458 913 152 31 Gesundheit
641 920 79 27 wegen
747 913 154 34 aufgegeben,

159 956 50 25 «nd
238 961 24 19 er
288 953 68 27 denkt
382 953 51 34 jetzt
463 960 43 27 gar
527 953 62 33 nicht
609 953 66 32 mehr
693 954 89 30 daran,
803 953 39 32 sich
863 952 38 27 die

158 992 54 32 Last
227 994 39 25 der
291 992 123 33 Geschäfte
433 991 148 34 neuerdings
606 991 171 36 aufzubürden,
850 991 52 28 Die

159 1032 173 35 Vermählung
351 1033 49 27 Sr.
420 1031 101 35 König!.
536 1031 64 33 Höh.
617 1033 42 26 des
672 1030 170 37 Kronprinzen
859 1031 42 33 soll

161 1072 116 35 Anfangs
296 1073 109 33 Februar
427 1073 114 34 erfolgen.

195 1115 135 34 Paris,
347 1116 25 26 2.
393 1116 139 28 December.
571 1116 61 28 Das
648 1116 191 35 Tagesgespräch
856 1116 46 27 bil>

159 1156 38 27 det
216 1155 121 33 natürlich
356 1155 38 27 die
414 1156 100 31 Gnade,
532 1155 38 28 die
588 1157 40 26 der
643 1156 85 31 Kaiser
742 1157 50 25 dem
805 1157 95 31 Grafen

157 1203 49 19 von
226 1195 198 28 Montalembert
444 1195 38 27 bei
501 1196 163 34 Gelegenheit
677 1196 41 26 des
731 1196 170 33 Jahrestages

157 1236 43 26 des
219 1235 23 27 2.
263 1235 132 27 December
416 1235 41 32 hat
476 1242 27 27 zu
520 1234 72 33 Theil
605 1237 93 25 werden
715 1235 81 33 lassen.
815 1234 87 31 Dieser

158 1275 45 27 Act
222 1276 43 25 des
284 1273 102 32 Kaisers
405 1279 77 29 erregt
502 1273 102 33 beinahe
624 1276 56 31 noch
698 1275 97 34 größere
808 1275 95 31 Sensa»

158 1314 67 32 tion,
245 1315 41 26 als
306 1317 38 24 der
363 1322 72 28 ganze
455 1315 94 32 Proceß
576 1315 76 32 selbst.
688 1315 52 28 Die
760 1315 142 32 „Kölnische

158 1355 124 34 Zeitung"
304 1355 63 34 sagte
386 1355 103 33 gestern:
510 1356 47 24 das
577 1355 82 31 Beste,
679 1358 54 23 was
753 1354 39 28 die
809 1355 93 34 franzö»

157 1395 65 32 sische
241 1394 142 34 Regierung
402 1394 50 34 jetzt
466 1395 55 30 »ach
538 1394 146 35 geschehener
706 1394 196 34 Verurtheilung

159 1434 60 31 thun
240 1433 83 32 könne,
343 1433 40 33 sei,
403 1435 43 25 den
467 1434 96 32 Grase»
582 1441 28 27 zu
631 1434 161 35 begnadigen.
813 1434 88 31 Dieses

158 1472 29 33 ist
207 1481 50 18 nun
278 1474 56 31 auch
354 1473 131 35 geschehen,
506 1475 48 24 und
576 1473 67 34 sogar
665 1473 25 26 in
710 1474 65 26 einer
794 1474 46 27 Art
853 1474 48 26 und

158 1512 93 32 W.'ise,
278 1513 38 27 die
334 1512 69 28 einen
424 1512 125 35 günstigen
571 1513 120 29 Eindruck
711 1513 32 27 im
764 1513 137 34 Public»»!

159 1554 104 32 gn»acht
289 1554 54 29 hat,
371 1553 22 25 d.
415 1553 22 29 h.
457 1560 57 19 uiau
536 1554 60 31 lacht
615 1553 57 31 viel,
693 1555 49 25 und
760 1553 39 27 die
818 1554 84 31 Lacher

157 1592 51 32 siud
227 1592 76 31 dieses
323 1593 60 27 Mal
403 1592 63 32 nicht
486 1593 42 31 auf
546 1594 40 25 der
605 1593 75 27 Seite
698 1594 43 25 des
759 1593 81 32 Hcrru
853 1601 49 19 von

157 1632 204 28 Montalembert.
374 1632 53 28 Die
440 1632 161 34 Eri»»er»»g
615 1641 30 18 an
659 1635 44 24 den
718 1636 24 24 2.
756 1633 143 32 December,

157 1680 33 19 a»
212 1672 74 33 dessen
311 1673 230 33 Znstandekouiuie»
568 1673 69 28 Graf
660 1673 198 27 Mo»talembert
877 1673 23 32 so

157 1711 72 35 eifrig
248 1712 113 26 arbeitete
386 1713 49 25 und
461 1712 43 26 de»
525 1720 23 18 er
566 1713 74 33 zuerst
659 1711 45 28 mit
725 1713 178 34 Wohlwolle»,

157 1759 71 19 wenn
248 1751 63 32 nicht
329 1752 46 26 mit
394 1752 183 35 Begeisterung,
598 1752 123 35 begrüßte,
742 1753 41 30 hat
795 1751 50 33 ihm
862 1760 41 18 »»■

158 1791 92 32 gemein
280 1791 125 33 geschadet.
443 1792 55 26 Uud
527 1794 25 23 es
582 1792 51 33 gibt
664 1799 45 18 nur
736 1791 111 34 Wenige,
866 1791 37 27 die

159 1830 63 33 nicht
241 1831 80 33 sage»,
340 1834 27 23 es
386 1830 30 33 sei
437 1830 50 31 ihm
508 1831 73 32 Recht
604 1831 129 34 geschehen.

296 1885 221 35 Frankfurter
536 1885 218 38 Postzeitung

194 1930 117 33 Wien,
330 1931 24 26 2.
375 1932 140 35 Dezember.
553 1932 69 28 Die
641 1933 79 27 Torte
740 1933 165 32 Coustitutio.

159 1972 139 32 ualiömus,
318 1971 38 28 die
375 1979 58 20 man
451 1979 45 20 vor
507 1973 99 33 Jahren
627 1977 48 23 ans
695 1973 58 28 aller
772 1975 132 33 möglichen

158 2012 92 32 Herren
270 2012 93 27 Länder
382 2011 139 33 importirte
540 2013 49 26 und
616 2012 94 31 seitdem
729 2014 175 35 vorzugsweise

159 2050 27 28 in
206 2050 65 28 einer
291 2050 96 35 Anzahl
407 2050 114 28 kleinerer
544 2052 119 32 deutschen
683 2052 112 27 Staaten
815 2062 26 27 zu
867 2061 37 19 ac»

160 2090 159 32 climatisireu
331 2090 105 34 beflissen
461 2100 59 22 war,
540 2092 56 31 hat,
615 2093 47 25 das
682 2093 58 30 stellt
760 2094 40 30 sich
821 2094 85 27 immer

160 2131 66 30 mehr
247 2131 99 31 yeraus,
365 2139 68 18 wen»
455 2132 29 30 sie
503 2133 42 28 auf
563 2131 38 26 die
620 2132 119 34 Wirkung
759 2133 42 26 des
818 2133 88 33 Eyste»

159 2173 53 25 mes
236 2171 68 31 durch
331 2172 43 25 den
396 2171 159 33 Umschwung
574 2172 39 27 der
634 2172 87 33 Dinge
744 2171 26 28 in
791 2173 113 33 Preußen

159 2212 110 31 rechnete,
289 2211 52 31 ihre
361 2211 132 35 Rechnung
513 2211 146 33 vollständig
679 2213 62 29 ohne
760 2215 42 23 den
821 2212 83 33 Wirth

159 2251 112 32 gemacht.
309 2250 54 28 Der
383 2250 96 36 Regent
499 2251 41 30 hat
566 2252 56 30 auch
648 2250 106 28 diesmal
780 2254 47 24 das
847 2252 59 28 Ver>

159 2293 86 23 trauen
264 2289 186 35 gerechtfertigt,
470 2289 46 28 mit
540 2291 109 31 welchem
668 2292 49 26 das
737 2291 169 32 monarchische

159 2330 165 32 Deutschland
350 2329 62 31 seine
436 2330 229 35 Machtgelangung
694 2331 122 34 begrüßte.
855 2331 51 28 Die

159 2369 133 32 preußische
321 2369 145 35 Verfassung
495 2370 60 27 wird
584 2371 80 27 fortan
694 2370 52 28 eine
774 2371 132 33 Wahrheit

159 2408 50 32 sein
280 2409 124 28 Niemand
430 2409 60 28 wird
519 2410 67 32 mehr
606 2410 98 33 Ursache
729 2411 92 33 haben,
847 2409 59 34 diese

964 193 173 34 Versicherung
1162 193 94 36 freudig
1282 193 187 37 autzunehmen,
1487 194 42 28 als
1548 194 39 28 die
1605 195 103 31 Couscr»

963 231 98 28 vativen
1098 231 27 28 in
1156 233 115 32 Preußeu
1302 235 49 25 und
1382 234 28 26 in
1442 243 61 27 ganz
1533 235 174 32 Deutschland.

963 271 65 28 Aber
1047 270 45 28 mit
1111 272 58 27 aller
1189 272 205 33 Entschiedenheit
1413 274 61 27 wird
1498 281 58 20 man
1586 276 55 31 auch
1670 275 38 27 die

964 311 171 32 monarchische
1162 312 129 28 Autorität
1322 314 49 25 und
1402 313 37 28 die
1470 314 167 34 Prärogative
1667 314 40 28 der

964 351 82 27 Krone
1064 358 27 28 zu
1111 353 96 30 wahren
1228 352 99 32 bestrebt
1346 353 48 32 sein
1415 353 48 27 und
1484 361 30 19 an
1535 354 52 26 dem
1604 354 103 28 Lebens»

966 390 109 35 Prinzip
1104 391 63 32 nicht
1195 392 57 32 bloß
1280 393 40 26 der
1338 392 164 33 preußischen,
1526 393 98 31 sonder»
1645 393 63 35 jeder

966 430 63 33 nicht
1047 431 70 32 durch
1137 430 52 28 eine
1208 439 59 26 ganz
1289 430 197 35 cigenlhümliche
1506 432 132 33 Geschichte
1659 433 48 31 her.

966 469 168 35 angebildeteu
1156 471 144 31 Monarchie
1325 472 135 34 festhalten,
1477 474 48 31 daß
1542 472 51 28 eine
1608 474 99 33 Partei»

964 509 142 36 Regierung
1125 509 63 33 nicht
1206 510 106 34 existiren
1332 512 62 32 darf.

1000 549 129 33 Berlin,
1149 549 24 27 3.
1193 550 139 35 Dezember.
1352 552 55 27 Aus
1426 551 39 27 der
1485 552 153 34 Ernennung
1659 553 48 27 Er.

964 588 92 33 Hoheit
1078 590 41 26 des
1140 590 99 33 Fürsten
1264 598 47 20 von
1332 591 374 35 Hohenzollern-Tigmanugen

963 635 54 28 zum
1041 627 205 35 interimistischen
1267 629 160 34 Präsideuten
1452 632 85 26 wollen
1558 631 71 29 Viele
1653 632 40 27 wie-

964 670 82 25 derum
1066 668 123 33 schließen,
1209 671 46 31 daß
1274 672 39 25 der
1327 671 71 33 Fürst
1416 672 131 32 demnächst
1565 679 47 19 von
1632 671 75 32 seiner

963 707 141 33 politischen
1124 709 121 34 Stellung
1272 711 154 34 zurücktreten
1455 712 49 25 und
1530 711 38 28 ein
1588 712 119 27 militari»

964 748 61 32 sches
1046 749 214 27 Oberkommando
1278 750 160 32 übernehmen
1461 752 82 26 werde.
1581 752 58 27 Von
1664 760 43 18 an»

965 788 66 27 derer
1051 792 42 31 gut
1113 789 177 32 unterrichteter
1306 789 75 28 Seite
1400 790 56 31 höre
1476 789 33 33 ich
1528 790 112 33 indessen,
1659 793 47 29 daß

964 828 41 27 der
1023 828 71 33 Fürst
1113 828 39 33 fest
1172 828 148 33 entschlösse»
1340 829 37 33 ist,
1397 829 41 28 bis
1462 831 42 31 auf
1524 831 119 28 Weiteres
1669 831 39 27 die

964 866 51 30 ibm
1044 868 68 32 durch
1140 867 47 27 das
1207 869 137 27 Vertrauen
1373 871 43 24 des
1440 870 124 34 Regenten
1592 872 115 33 gegebene

965 906 121 35 Stellung
1117 916 27 26 zu
1177 908 120 30 behalten.
1369 909 76 29 Einer
1477 911 56 26 oder
1559 910 79 35 einige
1667 912 41 25 der

965 954 75 18 neuen
1070 946 121 35 offiziösen
1221 948 225 32 Correspondentcn
1477 950 104 31 machten
1612 953 24 24 es
1665 950 41 32 sich

963 993 42 27 zur
1025 986 118 35 Aufgabe,
1162 986 77 28 meine
1259 987 199 34 Mitteilungen
1478 988 46 28 mit
1543 989 65 27 einer
1625 990 82 31 beson»

964 1026 68 26 deren
1044 1027 207 30 Aufmerksamkeit
1269 1034 27 26 zu
1316 1027 122 35 verfolgen
1459 1029 48 26 und
1526 1028 127 33 dieselben,
1670 1037 36 19 wo

966 1068 25 24 es
1011 1073 47 19 nur
1078 1065 100 35 möglich
1205 1065 39 33 ist,
1264 1074 27 27 zu
1318 1067 156 27 demeutircu.
1510 1069 44 33 Ich
1575 1070 76 34 pflege
1669 1069 39 28 die

964 1104 170 33 Nachrichten,
1162 1105 37 27 die
1226 1106 33 32 ich
1291 1106 25 28 iu
1346 1106 60 31 diese
1431 1109 196 34 Corresponde»;
1654 1109 53 33 auf»

963 1146 91 31 nehme,
1073 1144 63 33 nicht
1155 1145 33 27 im
1204 1146 157 33 Kaffeehause
1374 1148 55 26 oder
1449 1148 42 32 auf
1504 1150 39 25 der
1563 1149 98 32 Straße
1680 1157 27 27 zu

963 1184 125 34 sammeln,
1108 1187 48 24 uud
1177 1187 88 30 ersuche
1277 1186 58 33 Sie,
1355 1186 123 32 denselben
1490 1187 53 31 fürs
1556 1189 67 31 Erste
1642 1189 66 31 mehr

965 1225 119 28 Glauben
1103 1233 28 26 zu
1151 1225 113 34 schenke»,
1283 1227 42 26 als
1341 1225 163 38 tendenziösen
1517 1227 190 35 Darstellungen

965 1264 114 34 gebührt,
1104 1264 25 27 in
1150 1266 75 26 denen
1244 1266 46 26 das
1310 1267 144 31 Vestreben,
1472 1267 37 27 die
1528 1268 63 35 Lage
1609 1270 42 24 des
1671 1276 37 27 ge»

965 1303 163 36 genwärtigen
1150 1304 188 33 Ministeriums
1364 1307 41 26 als
1433 1306 39 27 die
1507 1308 142 33 glücklichste
1679 1315 28 27 zu

965 1343 112 33 schildern
1088 1363 8 13 ,
1124 1345 60 26 oben
1214 1345 99 33 ansteht.
1344 1347 44 32 Ich
1419 1347 59 31 habe
1498 1347 49 27 kein
1561 1347 146 33 Vorurtheil

964 1391 73 28 gegen
1057 1386 45 24 das
1123 1391 59 20 neue
1202 1385 185 33 Ministerium,
1411 1387 56 26 aber
1486 1390 25 23 es
1532 1388 55 31 »uiß
1609 1388 46 26 mir
1675 1396 22 19 er-

966 1424 70 25 laubt
1055 1422 59 35 fein,
1134 1430 31 21 an
1186 1424 82 30 diesem
1289 1426 63 26 Orte
1375 1425 168 35 auswärtigen
1562 1427 133 32 Interessen-

965 1465 38 24 ten
1029 1463 39 27 der
1087 1463 117 27 Berliner
1223 1464 98 33 Politik
1344 1473 26 26 zu
1391 1464 174 34 wiederholen,
1585 1470 52 23 was
1659 1467 49 31 hier

964 1502 163 34 Jedermann,
1145 1503 40 27 der
1206 1505 148 31 unparteisch
1375 1507 48 25 und
1444 1506 152 33 unterrichtet
1615 1507 37 33 ist,
1670 1515 38 27 zu»

967 1543 97 33 gesteht,
1083 1544 48 30 daß
1152 1546 26 23 es
1197 1544 50 26 dem
1268 1544 170 32 Ministerium
1461 1545 41 27 bis
1525 1546 51 36 jetzt
1595 1554 30 19 an
1647 1547 61 29 Ein»

967 1582 48 31 heit
1035 1584 49 25 und
1103 1584 87 26 darum
1210 1591 31 19 an
1255 1584 126 35 Einigkeit
1400 1585 66 32 fehlt.
1498 1587 79 27 Weun
1598 1595 47 19 von
1666 1590 42 31 gut

967 1621 178 33 unterrichteter
1170 1622 74 29 Seite
1271 1623 119 34 übrigens
1419 1625 98 26 bemerkt
1544 1628 95 25 worden
1670 1627 38 32 ist,

965 1662 48 32 daß
1033 1661 123 36 eigentlich
1178 1664 56 31 noch
1255 1662 63 27 keine
1337 1664 39 26 der
1398 1665 43 25 de»
1460 1665 132 27 Kammern
1612 1673 27 27 zu
1659 1673 49 20 ma»

967 1703 99 30 chende»
1086 1702 126 35 Vorlagen
1241 1701 32 27 im
1294 1702 171 32 Ministerium
1493 1712 27 27 zu
1543 1706 101 27 Staude
1672 1713 36 26 ge°

967 1741 105 26 kommen
1094 1740 34 32 ist,
1149 1742 22 29 so
1192 1741 60 27 kau»
1272 1750 57 18 man
1352 1743 60 32 diese
1430 1744 130 32 Thatsache
1579 1745 64 33 wohl
1663 1745 45 27 mit

966 1781 40 26 der
1025 1781 98 32 ersteren
1144 1780 25 28 in
1190 1781 94 35 einigen
1304 1783 215 35 Zusammeuhaug
1539 1784 111 34 briuge».

1107 1839 300 26 Correspondance
1428 1839 129 26 Havas.

1003 1887 96 31 Berlin,
1115 1889 16 24 2
1151 1888 143 27 décembre.
1329 1890 55 26 Une
1404 1891 81 31 partie
1503 1892 31 25 de
1547 1891 22 27 la
1584 1893 65 25 suite
1664 1893 42 33 qui

968 1927 67 25 avait
1054 1928 172 33 accompagné
1245 1929 21 25 le
1290 1929 35 26 roi
1347 1933 24 22 et
1388 1930 22 25 la
1427 1931 68 25 reine
1513 1931 15 25 à
1545 1931 98 32 Hieran,
1668 1939 27 19 sa-

969 1966 54 26 voir
1035 1975 5 18 :
1057 1968 128 32 plusieurs
1192 1969 88 25 dames
1287 1970 30 25 de
1329 1970 21 25 la
1360 1970 77 31 reine,
1454 1971 252 32 ledocteurGrimm,

968 2006 22 26 le
1005 2008 160 25 chambellan
1182 2008 77 25 baron
1275 2010 30 24 de
1319 2010 90 26 Kanitz
1419 2012 25 24 et
1454 2010 141 33 l'adjudant
1605 2010 102 35 général

968 2048 170 31 deGerlach,
1164 2052 57 21 sont
1235 2048 29 26 de
1279 2052 85 22 retour
1380 2049 12 25 h
1407 2050 94 25 Berlin.
1532 2052 33 24 Ce
1579 2052 102 24 dernier
1695 2060 11 16 a

968 2086 39 26 été
1023 2093 56 25 reçu
1096 2094 45 25 par
1155 2087 20 26 le
1191 2087 195 35 prince-régent,
1403 2090 92 32 auquel
1512 2090 17 25 il
1540 2098 12 18 a
1569 2092 76 24 remis
1660 2098 48 19 une

967 2126 74 25 lettre
1055 2127 30 24 de
1099 2128 21 23 la
1137 2128 77 23 reine.

1005 2167 49 26 Des
1077 2167 114 27 versions
1215 2167 50 26 très
1278 2167 114 27 diverses
1417 2169 124 26 circulent
1554 2178 45 18 sur
1613 2171 22 26 le
1649 2178 45 19 con-

970 2210 58 23 tenu
1050 2208 30 25 de
1096 2211 64 22 cette
1181 2208 82 25 lettre.
1284 2208 38 26 On
1337 2216 89 19 assure
1439 2217 49 26 que
1502 2211 23 25 la
1542 2211 77 31 reine,
1636 2211 43 33 qui
1695 2219 13 19 a

967 2246 60 33 joué
1048 2255 31 18 un
1099 2248 81 33 grand
1202 2248 51 26 rôle
1271 2249 64 26 dans
1354 2249 36 26 les
1405 2250 115 26 derniers
1535 2250 172 33 événements,

969 2294 26 19 se
1011 2288 79 32 plaint
1105 2288 156 27 amèrement
1275 2289 44 26 des
1329 2290 185 33 changements
1527 2298 49 26 que
1587 2292 21 25 le
1621 2292 87 33 régent

968 2332 14 22 a
997 2327 90 33 opérés
1107 2328 81 32 parmi
1210 2328 34 27 les
1266 2329 76 26 liants
1363 2330 200 27 fonctionnaires
1580 2332 30 25 de
1624 2332 83 31 l'Etat,

968 2371 23 22 et
1006 2371 100 22 surtout
1125 2368 31 25 de
1176 2369 151 26 l'allocution
1349 2377 49 25 que
1418 2370 21 26 le
1462 2371 87 31 prince
1562 2378 13 19 a
1590 2371 118 28 adressée

969 2414 48 18 aux
1033 2408 141 24 ministres.

1808 197 19 25 11
1844 199 38 24 est
1899 198 116 32 question
2034 198 64 27 dans
2120 203 65 22 cette
2208 200 135 28 allocution
2363 203 45 26 des
2432 203 80 27 fautes

1772 237 138 26 commises
1930 244 60 20 sous
2012 238 22 26 le
2054 238 137 33 précédent
2213 247 215 28 gouvernement,
2452 247 24 23 et
2490 244 22 26 la

1773 276 70 27 reine
1862 277 53 26 doit
1937 278 62 25 faire
2019 279 121 26 observer
2157 281 63 24 dans
2240 288 26 18 sa
2282 282 73 26 lettre
2368 290 49 26 que
2430 283 82 26 c'était

1772 319 56 30 trop
1849 323 26 19 se
1894 318 72 25 lutter
1985 319 30 25 de
2031 322 85 29 porter
2135 326 32 19 un
2181 320 133 34 jugement
2335 324 77 30 pareil
2427 325 85 32 quand

1773 356 21 26 le
1809 357 35 25 roi
1865 358 75 25 vivait
1960 364 90 21 encore
2070 363 23 22 et
2117 361 103 31 pouvait
2240 361 14 25 à
2280 365 53 24 tout
2346 367 113 23 moment
2474 371 26 19 re-

1773 397 109 32 prendre
1896 397 36 26 les
1947 399 72 25 rênes
2032 399 33 26 du
2081 406 210 27 gouvernement.

1807 437 18 25 Il
1846 438 82 30 paraît
1946 439 73 32 qu'en
2039 438 103 34 général
2162 441 21 25 la
2200 441 69 26 reine
2282 449 13 19 a
2310 443 113 32 exprimé
2438 444 74 27 d'une

1773 477 112 25 manière
1907 478 49 25 très
1971 479 77 25 claire
2067 483 24 22 et
2106 479 50 27 très
2172 482 115 31 positive,
2306 483 21 25 le
2341 483 156 28 mécontente-

1772 520 70 22 ment
1855 518 43 32 qui
1914 518 76 33 règne
2003 519 64 26 dans
2079 519 23 27 le
2117 521 63 31 parti
2192 523 112 25 extrême
2317 524 71 26 exclu
2403 524 33 26 du
2450 531 47 26 gou-

1772 562 157 20 vernement.

1985 622 302 26 Constitutionnel.

1806 684 89 30 Paris,
1910 684 16 26 3
1940 683 144 28 décembre.
2102 684 93 34 Depuis
2208 688 66 26 deux
2285 696 59 26 ans,
2357 691 22 26 la
2390 692 108 32 diploma-

1773 722 32 27 tie
1821 730 12 18 a
1849 723 83 26 donné
1945 723 14 27 à
1977 724 117 34 l'Europe
2114 727 36 25 les
2171 733 109 26 preuves
2300 729 36 27 les
2357 731 57 32 plus
2433 734 65 25 mani-

1773 763 76 26 festes
1865 764 32 25 du
1913 763 69 26 désir
1995 765 31 25 de
2042 768 56 24 tous
2112 767 36 26 les
2161 775 214 25 gouvernements
2386 772 128 28 d'assurer

1772 809 32 18 au
1820 803 91 25 monde
1931 804 37 25 les
1987 805 120 26 bienfaits
2126 806 31 26 de
2177 807 22 26 la
2220 809 66 31 paix.
2311 811 37 26 On
2368 818 13 19 a
2402 819 32 19 vu
2455 820 59 19 avec

1772 843 83 31 quelle
1863 843 142 26 sollicitude
2017 845 36 25 les
2064 846 111 32 grandes
2186 849 150 30 puissances
2346 855 43 22 ont
2401 854 112 25 travaillé

1772 882 14 25 à
1802 881 115 28 affermir
1930 883 104 27 l'œuvre
2048 886 32 24 du
2096 886 113 34 Congrès
2225 888 32 27 de
2274 889 82 28 Paris.
2378 891 64 27 Tout
2458 893 42 26 der-

1773 921 143 27 nièrement
1931 929 103 25 encore,
2051 926 60 23 elles
2125 930 44 21 ont
2182 928 93 26 achevé
2286 937 60 18 avec
2357 932 88 24 succès
2457 933 56 30 plus

1772 961 75 25 d'une
1861 963 106 24 mission
1982 963 116 26 délicate.
2113 965 67 25 Elles
2195 973 27 18 se
2236 971 56 22 sont
2306 970 78 25 mises
2398 971 114 26 d'accord

1772 1008 45 18 sur
1840 1001 174 33 l'importante
2037 1004 116 32 question
2179 1006 30 26 de
2233 1007 23 25 la
2280 1010 165 27 constitution
2469 1012 44 26 des

1774 1040 173 34 principautés
1962 1043 191 33 danubiennes;
2171 1046 59 25 elles
2241 1050 44 23 ont
2296 1048 68 34 réglé
2375 1050 75 26 d'une
2462 1059 35 18 ma-

1773 1081 69 25 nière
1854 1081 172 28 satisfaisante
2041 1083 22 26 la
2075 1083 120 29 difficulté
2207 1087 103 28 relative
2320 1096 48 19 aux
2381 1091 133 27 frontières

1772 1120 34 26 du
1821 1121 177 35 Montenegro.
2015 1124 87 31 Enfin,
2120 1127 55 24 tous
2188 1126 70 27 leurs
2271 1131 83 29 actes,
2375 1133 56 24 tous
2447 1132 67 27 leurs

1772 1159 86 27 efforts
1873 1161 157 34 témoignent
2045 1164 147 27 hautement
2212 1167 30 25 de
2262 1168 22 25 la
2305 1170 107 30 parfaite
2431 1171 69 26 sincé-

1773 1199 47 26 rité
1833 1201 31 25 de
1877 1201 70 26 leurs
1962 1209 73 20 vœux
2051 1210 63 26 pour
2128 1204 22 26 le
2164 1206 121 27 mainlien
2300 1213 24 21 et
2337 1209 23 27 la
2371 1212 128 26 consolida-

1773 1240 51 26 tion
1839 1241 31 26 de
1884 1241 22 26 la
1924 1243 155 32 tranquillité
2092 1244 129 33 générale.

1809 1286 46 26 Les
1872 1287 105 32 peuples
1992 1289 69 25 aussi
2074 1290 139 33 n'aspirent
2227 1299 45 25 pas
2282 1301 60 19 avec
2354 1296 82 25 moins
2447 1297 53 26 d'ar-

1773 1325 64 26 deur
1850 1334 49 24 que
1915 1327 34 26 les
1964 1334 228 28 gouvernements,
2213 1332 13 25 à
2239 1333 69 31 jouir
2324 1335 31 25 de
2373 1340 64 22 celle
2457 1338 56 31 paix

1773 1365 121 32 féconde,
1910 1367 31 26 de
1954 1371 65 24 cette
2032 1369 125 33 complète
2172 1371 125 33 sécurité,
2318 1376 144 26 conditions
2475 1385 26 18 es-

1773 1406 129 26 sentielles
1925 1407 30 26 de
1976 1411 54 23 tout
2051 1410 106 33 progrès
2176 1415 25 22 et
2220 1413 31 26 de
2271 1416 69 24 toute
2359 1416 151 32 prospérité.

1775 1446 155 27 L'industrie
1945 1451 24 22 et
1983 1448 22 26 le
2020 1456 142 21 commerce
2173 1459 42 25 qui
2238 1454 103 27 tendent
2358 1456 15 25 à
2394 1462 27 20 se
2440 1457 60 27 déve-

1774 1485 88 33 lopper
1876 1487 98 33 chaque
1986 1488 60 32 jour
2067 1490 158 35 davantage,
2247 1494 36 26 les
2300 1496 112 33 grandes
2431 1501 70 23 entre-

1774 1526 81 31 prises
1868 1528 43 32 qui
1927 1528 155 28 demandent
2095 1538 49 18 aux
2158 1534 118 30 capitaux
2287 1536 141 32 européens
2445 1539 68 25 leurs

1774 1573 104 26 moyens
1893 1567 171 34 d'exécution,
2080 1577 29 19 en
2126 1578 32 19 un
2175 1576 50 23 mot
2241 1578 55 22 tous
2307 1576 36 25 les
2355 1577 105 27 intérêts
2470 1580 42 31 qui

1774 1607 120 26 touchent
1908 1614 31 19 au
1962 1608 128 28 bien-être
2114 1611 44 26 des
2175 1614 115 31 nations,
2307 1615 138 29 réclament
2459 1626 42 19 sur-

1774 1649 53 23 tout
1842 1653 41 19 ces
1898 1649 129 29 garanties
2043 1650 114 26 d'avenir
2172 1653 107 30 paisible
2293 1661 49 27 que
2356 1656 22 26 la
2389 1656 108 33 diploma-

1774 1686 32 25 tie
1820 1686 112 27 s'efforce
1947 1688 30 26 de
1991 1689 56 25 leur
2061 1696 131 24 procurer.

1808 1732 18 25 Il
1840 1735 38 22 est
1891 1733 65 26 donc
1971 1735 192 30 profondément
2181 1740 163 31 regrettable,
2365 1743 75 31 qu'au
2458 1749 36 20 mo-

1773 1775 70 22 ment
1858 1772 82 27 même
1954 1772 31 27 où
2000 1776 105 31 peuples
2127 1780 22 22 et
2169 1784 215 25 gouvernements
2406 1789 30 19 ne
2456 1787 56 22 sont

1772 1811 99 26 animés
1886 1820 48 25 que
1949 1814 163 27 d'intentions
2127 1817 149 33 pacifiques,
2294 1826 31 19 on
2341 1821 34 26 ait
2388 1829 48 25 pu,
2452 1830 60 19 sans

1773 1851 85 26 raison
1874 1851 124 33 sérieuse,
2015 1853 125 33 répandre
2154 1857 44 25 des
2213 1858 82 26 bruits
2313 1860 154 33 alarmants,
2489 1866 24 22 et

1774 1891 137 32 hasarder,
1929 1899 59 20 sous
2004 1901 33 19 un
2055 1895 112 31 prétexte
2182 1897 87 32 futile,
2285 1899 36 26 les
2335 1904 66 22 mots
2412 1902 31 25 de
2455 1909 43 26 rup-

1774 1934 55 22 ture
1844 1935 24 21 et
1882 1931 32 26 de
1927 1939 102 26 guerre.
2052 1930 65 30 Saiîs
2131 1936 75 26 doute
2226 1938 35 26 les
2279 1939 127 31 journaux
2424 1942 44 33 qui
2487 1950 27 19 se

1773 1974 57 22 sont
1843 1971 60 26 faits
1917 1972 36 25 les
1966 1972 76 28 échos
2056 1974 31 26 de
2098 1980 41 21 ces
2152 1982 117 20 rumeurs
2281 1978 185 35 inquiétantes,
2484 1991 29 17 ne

1774 2009 163 33 prévoyaient
1956 2019 44 24 pas
2021 2013 137 33 l'agitation
2180 2019 176 25 momentanée
2376 2021 75 31 qu'ils
2470 2026 44 21 ont

1775 2049 151 33 provoquée,
1938 2051 35 25 les
1981 2052 111 26 craintes
2103 2053 75 32 qu'ils
2189 2058 43 22 ont
2242 2055 126 33 éveillées,
2382 2059 22 25 le
2416 2061 97 24 liouble

1772 2088 50 32 jeté
1838 2096 44 24 par
1897 2090 166 32 imprudence
2076 2091 64 27 dans
2159 2092 118 33 l'opinion
2297 2096 68 26 aussi
2388 2097 57 27 bien
2466 2107 48 24 que

1773 2129 65 25 dans
1845 2129 22 25 la
1875 2129 92 32 sphère
1976 2130 44 27 des
2029 2131 103 26 intérêts
2142 2133 135 28 matériels.
2292 2136 35 26 En
2337 2138 178 31 reproduisant

1773 2168 45 27 des
1833 2169 82 27 bruits
1930 2177 100 20 comme
2043 2179 64 19 ceux
2121 2180 49 27 que
2186 2181 62 20 nous
2263 2183 78 19 avons
2356 2178 88 27 l'autre
2457 2179 58 33 jour

1774 2209 20 25 si
1806 2209 188 32 explicitement
2005 2211 142 33 démentis,
2166 2220 42 20 ces
2217 2215 128 32 journaux
2357 2224 26 19 se
2401 2218 98 33 mépren-

1774 2251 60 23 nent
1849 2250 126 31 peut-être
1987 2258 45 19 sur
2047 2251 21 27 la
2084 2252 105 28 mission
2204 2262 49 26 que
2268 2256 22 25 la
2307 2263 86 26 presse
2404 2258 53 26 doit
2470 2267 30 17 au-

1772 2289 130 31 jourd'hui
1918 2291 113 32 remplir.
2052 2292 70 27 Cette
2136 2294 106 27 mission
2254 2297 162 26 consisterait
2434 2299 79 31 plutôt

1774 2328 14 26 à
1802 2328 95 27 calmer
1912 2330 36 26 les
1962 2331 109 26 alarmes
2085 2339 60 19 sans
2159 2334 175 33 fondements,
2350 2337 13 26 à
2379 2338 61 26 faire
2452 2339 62 27 taire

1773 2375 43 19 ces
1840 2377 119 18 rumeurs
1979 2371 197 28 inconsistantes
2197 2382 49 25 que
2267 2377 21 24 le
2309 2377 206 28 désœuvrement

1774 2408 45 25 fait
1833 2410 81 25 naître
1928 2413 25 22 et
1966 2417 49 27 que
2029 2411 22 26 la
2071 2411 124 28 crédulité
2217 2422 120 27 propage.
2361 2418 37 25 Du
2422 2419 90 30 moins,

160 2506 77 22 Avant
249 2506 100 22 d'ouvrir
361 2506 20 22 le
393 2506 34 22 sol
440 2513 29 15 au
481 2507 38 21 Hol
530 2506 62 29 large
604 2511 21 18 et
637 2507 102 27 vermeil,

161 2540 50 28 Que
223 2540 27 23 de
259 2540 68 31 jours
339 2540 71 30 agités
420 2541 5 21 !
436 2548 44 23 que
492 2541 28 22 de
530 2542 61 21 nuits
602 2549 55 15 sans
670 2541 102 25 sommeil
783 2540 4 31 !

160 2574 50 28 Que
222 2575 28 22 de
262 2575 67 29 plans
337 2575 5 21 !
354 2575 28 21 de
396 2579 95 18 travaux
501 2575 5 21 !
518 2575 28 22 de
557 2575 95 29 longues
664 2576 152 23 ambassades
825 2574 4 30 !

160 2609 88 22 Jamais
262 2609 94 22 l'ermite
367 2609 91 27 Pierre,
469 2616 28 16 au
509 2610 71 22 siècle
592 2610 41 22 des
645 2610 128 27 croisades,

161 2643 71 22 Alors
244 2643 68 29 qu'au
325 2643 71 29 grand
408 2644 106 29 sépulcre
526 2644 15 22 il
553 2643 120 24 cherchait
684 2644 40 23 des
736 2645 110 28 soutiens,

160 2677 69 22 Alors
241 2678 51 28 qu'il
304 2677 111 23 harcelait
427 2682 50 18 tous
491 2678 33 21 les
535 2678 90 29 princes
637 2679 125 27 chrétiens,

160 2712 36 22 Ne
208 2713 68 21 sentit
287 2712 57 22 dans
356 2720 42 14 son
410 2720 65 15 cœur
486 2720 27 15 sa
524 2712 31 23 loi
567 2713 51 29 plus
631 2713 125 23 haletante.

161 2746 88 22 Jamais
260 2753 27 16 ce
299 2747 41 22 fier
351 2747 98 26 Génois,
463 2747 53 22 dont
528 2748 136 28 l'énergique
676 2752 97 19 attente.

162 2781 70 28 Vingt
244 2787 41 16 ans
297 2781 59 22 offrit
368 2788 29 15 un
410 2781 82 22 monde
504 2781 13 22 à
530 2781 111 22 l'aumône
653 2781 42 22 des
706 2790 75 19 cours,

163 2814 35 22 Ne
209 2819 95 23 montra,
317 2822 57 21 pour
383 2822 87 21 gagner
482 2814 49 22 leur
542 2822 71 15 avare
624 2823 121 19 concours,

165 2848 34 23 Un
210 2849 49 22 zèle
270 2849 51 28 plus
333 2849 103 26 fervent,
448 2856 45 15 une
505 2849 97 30 vigueur
613 2849 50 29 plus
675 2849 85 29 ferme;

164 2883 44 22 Nul
221 2884 35 21 n'a
268 2891 27 14 su
307 2883 20 22 le
339 2883 97 30 pouvoir
448 2883 82 29 qu'une
542 2885 85 28 pensée
640 2884 103 23 enferme

164 2918 56 22 Plus
232 2925 42 22 que
285 2918 103 22 l'homme
401 2925 60 15 venu
475 2919 71 28 parmi
558 2925 58 15 nous
628 2919 98 28 aujourd
736 2919 47 22 hut.

165 2952 28 22 Et
204 2952 113 22 contraint
328 2952 115 22 d'écouter
454 2959 26 15 ce
491 2960 44 21 que
544 2953 25 28 je
582 2952 35 22 dis
629 2952 28 23 de
668 2953 40 23 lui.

166 2986 60 27 Qu'il
239 2994 12 14 a
263 2987 68 29 passé
342 2986 28 23 de
381 2987 53 26 fois,
447 2994 25 15 ce
484 2987 63 22 hardi
558 2986 174 31 philanthrope,

167 3021 36 22 De
215 3021 106 30 l'Europe
333 3029 27 14 en
372 3021 66 27 Asie,
450 3025 19 19 et
483 3021 79 23 d'Asie
574 3029 28 15 en
613 3022 91 29 Europe
713 3023 5 21 !

166 3055 116 23 Secouant
293 3063 42 15 son
346 3056 112 22 flambeau
471 3056 38 29 qui
521 3057 92 28 pénètre
625 3063 28 16 en
666 3061 50 18 tous
729 3057 73 28 lieux,

167 3090 45 27 Qui
225 3090 114 22 réchauffe
352 3090 34 22 les
398 3097 76 15 cœurs
486 3094 22 18 et
519 3090 86 22 dessile
616 3090 33 22 les
660 3098 72 21 yeux;

169 3124 102 27 Déliant,
283 3131 54 15 sous
349 3131 38 15 ses
398 3124 83 29 doigts,
493 3131 54 15 sans
559 3132 29 14 un
597 3124 56 29 jour
664 3124 114 27 d'inertie,

169 3158 62 23 Tous
243 3158 33 23 les
287 3158 83 23 nœuds
381 3159 107 28 gordiens
500 3159 27 21 de
539 3159 21 22 la
571 3159 143 29 diplomatie;

170 3193 125 22 Déroulant
306 3201 38 15 ses
355 3193 96 27 calculs,
463 3201 38 14 ses
513 3193 93 23 chiffres
618 3194 130 29 palpitants,

170 3227 89 22 Devant
272 3228 41 22 des
325 3227 129 27 archiducs,
466 3228 41 22 des
519 3228 61 22 lords
592 3235 29 15 ou
633 3228 41 22 des
685 3228 97 28 sultans,

169 3261 146 29 Changeant,
327 3269 28 14 en
367 3269 30 14 un
409 3261 46 22 clin
468 3262 12 21 d
489 3261 51 28 œil,
552 3261 28 22 de
592 3262 103 27 climats,
706 3262 28 23 de
746 3262 104 29 rivages;

169 3295 118 23 Trouvant
299 3302 39 16 sur
348 3303 43 15 son
403 3295 88 22 chemin
503 3295 41 22 des
555 3295 128 30 peuplades
694 3303 127 23 sauvages,

171 3329 33 22 De
216 3329 111 23 barbares
338 3331 103 28 séjours:
452 3330 59 29 puis,
522 3331 53 27 près
586 3330 40 22 des
637 3331 53 29 plus
701 3331 84 29 grands
797 3331 53 27 rois,

170 3364 47 22 Des
229 3368 73 25 temps
313 3364 102 22 civilisés
426 3364 165 30 revendiquant
602 3364 34 23 les
648 3364 81 23 droits:

171 3398 81 23 Tantôt
263 3405 40 16 sur
314 3405 30 15 un
354 3399 81 21 navire
447 3402 22 18 et
480 3398 71 23 tantôt
562 3406 40 15 sur
614 3399 21 22 la
646 3403 70 24 terre;

171 3432 33 22 En
216 3440 104 20 waggon,
333 3434 14 21 à
358 3432 94 28 cheval,
464 3440 27 15 ou
504 3440 39 15 sur
554 3440 29 15 un
596 3432 153 27 dromadaire;

173 3466 100 22 Bravant
285 3467 22 21 la
318 3466 67 27 faim,
400 3467 21 22 la
433 3466 47 23 soif
488 3466 57 23 dans
557 3467 41 22 des
609 3466 78 23 sables
699 3474 54 15 sans
764 3467 73 30 puits,

171 3500 44 22 Les
226 3500 97 22 torrides
334 3500 76 22 soleils
422 3505 21 18 et
453 3501 22 22 la
486 3501 66 29 glace
563 3501 42 21 des
616 3501 72 25 nuits;

170 3534 141 23 Traversant
321 3534 80 22 l'infini
413 3534 41 22 des
466 3542 60 15 mers
538 3539 77 18 vertes
627 3539 21 18 et
660 3535 88 27 bleues,

171 3568 17 22 Il
200 3576 13 15 a
226 3568 48 28 fait,
286 3576 28 15 en
325 3572 81 26 quatre
417 3576 49 19 ans,
479 3572 112 26 quarante
602 3568 64 23 mille
677 3569 74 23 lieues
761 3568 4 30 !

171 3637 127 29 L'Egypte,
309 3637 29 22 où
349 3643 43 16 nos
403 3637 86 22 soldats
501 3641 49 23 ont,
563 3637 79 28 depuis
654 3636 108 23 soixante
773 3643 49 20 ans,

170 3671 76 27 Semé,
258 3678 53 15 sous
324 3671 62 22 leurs
398 3671 126 29 drapeaux,
537 3671 20 22 le
568 3671 65 29 grain
646 3670 40 23 des
698 3677 120 16 nouveaux
830 3674 80 25 temps,

170 3705 123 31 L'Egypte,
306 3706 21 22 la
338 3706 117 30 première,
468 3705 100 23 entendit
580 3713 27 15 sa
619 3705 93 30 parole;

171 3740 40 28 Là,
223 3740 217 28 Mohammed-Saïd,
451 3741 103 28 glorieux
566 3740 52 22 d'un
630 3741 28 21 tel
672 3740 55 27 rôle,

171 3775 151 27 Mohammed,
333 3775 103 29 petit-fils
447 3775 28 22 de
486 3775 175 27 Mehemet-Ali,

170 3808 37 23 Du
219 3808 106 24 vieillard
337 3809 52 23 dont
399 3808 22 24 le
432 3810 69 28 règne
511 3817 70 16 encor
591 3809 38 23 n'a
639 3809 62 29 point
712 3808 60 30 pâli,

968 2504 143 23 Mohammed
1123 2506 37 28 qui
1173 2507 58 21 n'est
1242 2513 40 21 pas
1295 2506 51 22 d'un
1358 2514 57 22 sang
1426 2508 38 29 qui
1476 2508 122 29 dégénère.

968 2539 52 21 Afin
1033 2540 27 22 de
1071 2540 81 22 rendre
1164 2548 28 15 au
1205 2541 37 21 Nil
1254 2548 41 15 son
1309 2541 72 22 lustre
1392 2542 130 28 originaire,

969 2574 19 20 A
1003 2574 102 22 l'homme
1117 2574 110 29 fatidique
1239 2582 13 15 a
1263 2575 68 23 remis
1343 2582 41 16 son
1397 2576 90 27 fir.nan,

968 2609 59 20 Sans
1039 2608 109 28 regarder
1159 2609 33 21 s'il
1205 2612 34 19 est
1250 2609 103 22 chrélieu
1364 2617 28 14 ou
1405 2610 139 26 musulman;

968 2642 28 21 Et
1008 2642 29 22 du
1050 2642 67 22 noble
1129 2642 108 22 Français
1249 2650 44 22 que
1304 2643 31 22 vit
1348 2647 74 18 naître
1434 2643 119 29 Bayonnc,

969 2676 32 21 Le
1013 2683 51 15 nom
1077 2676 140 23 dominateur
1228 2677 57 22 dans
1297 2677 95 23 l'Orient
1403 2685 110 22 rayonne.

969 2742 94 22 Partout
1075 2743 27 21 où
1116 2743 97 22 résonna
1224 2750 25 15 sa
1260 2744 125 28 généreuse
1398 2745 63 24 voix,

969 2776 46 22 Les
1027 2776 102 23 hommes
1140 2779 116 20 entraînés
1269 2778 51 22 l'ont
1333 2778 42 22 mis
1386 2785 39 15 sur
1437 2778 21 21 le
1470 2778 88 28 pavois.

970 2811 36 22 Oh
1016 2811 4 32 !
1031 2818 43 22 que
1086 2812 124 22 d'accueils
1222 2813 93 21 ardents
1323 2813 5 21 !
1340 2819 44 21 que
1397 2812 28 23 de
1436 2819 70 16 vœux
1515 2813 5 22 !
1532 2819 43 23 que
1587 2813 28 22 de
1626 2820 70 23 gages
1705 2811 3 32 !

971 2846 108 22 Combien
1092 2846 209 27 d'ovations,"dans
1313 2847 105 22 combien
1431 2847 27 22 de
1470 2847 109 30 langages

971 2879 52 22 Aux
1037 2879 68 23 bords
1117 2880 137 22 américains
1268 2881 19 21 le
1299 2881 83 28 peuple
1395 2880 146 29 l'applaudit!

971 2914 134 22 New-York
1117 2922 66 15 verse
1195 2915 14 22 à
1220 2922 37 15 ses
1269 2915 66 29 pieds
1348 2915 33 21 les
1392 2922 95 16 sources
1499 2915 27 23 du
1539 2916 81 28 crédit;

971 2947 33 24 La
1016 2948 113 23 Nouvelle
1141 2948 106 29 Orléans,
1259 2956 88 16 comme
1358 2949 95 28 Boston,
1465 2950 115 27 l'honore;

972 2982 35 23 Un
1018 2982 51 23 élan
1082 2984 139 22 chaleureux
1233 2984 42 22 fait
1287 2984 79 21 bondir
1375 2984 133 28 Baltimore,

972 3017 56 22 Plus
1039 3017 61 29 près,
1112 3017 56 22 c'est
1179 3017 132 29 Liverpool,
1326 3017 161 30 Birmingham,
1499 3018 154 28 Manchester,

972 3051 44 27 Qui
1029 3051 140 29 proclament
1182 3058 40 15 son
1235 3059 50 14 nom
1298 3059 41 21 par
1350 3056 50 18 cent
1414 3053 99 22 bouches
1525 3052 27 22 de
1565 3054 45 24 ler;

972 3086 35 22 De
1020 3086 102 22 Londres
1133 3086 15 22 à
1159 3086 98 27 Dublin,
1269 3086 152 30 l'Angleterre
1434 3092 20 17 et
1467 3087 114 28 l'lrlande,

974 3121 33 21 De
1019 3122 109 28 meetings
1141 3121 149 28 triomphants
1302 3121 31 22 loi
1346 3122 46 21 font
1404 3129 44 15 une
1464 3122 132 29 guirlande;

973 3155 95 22 Partout
1079 3155 40 22 l'or
1131 3160 33 17 est
1177 3155 92 29 promis,
1281 3161 91 24 partout
1384 3155 101 24 s'offrent
1497 3157 32 22 les
1541 3157 62 27 bras,

973 3189 32 22 Ce
1017 3194 50 17 sont
1079 3190 41 22 des
1132 3197 68 15 voeux
1212 3197 53 14 sans
1277 3189 38 27 fin,
1328 3190 143 22 d'indicibles
1484 3191 103 23 hourras.

973 3223 95 23 Partout
1079 3224 28 21 de
1118 3232 27 14 ce
1156 3224 72 29 grand
1240 3223 39 23 feu
1290 3228 96 18 courent
1398 3224 33 22 les
1443 3225 125 27 étincelles,

974 3257 44 23 Les
1030 3265 113 15 arsenaux
1155 3259 123 26 d'Anvers,
1289 3258 35 22 les
1336 3259 121 29 comptoirs
1469 3259 28 23 de
1506 3259 120 23 Bruxelles

973 3292 45 23 Ont
1031 3293 35 22 les
1077 3293 84 22 mêmes
1174 3297 134 25 transports,
1320 3296 21 19 et
1353 3292 126 23 l'Autriche
1490 3301 15 22 y
1517 3294 84 29 répond

973 3327 87 22 Autant
1071 3335 43 21 que
1127 3327 81 22 l'ltalie
1220 3332 20 17 et
1252 3327 107 29 l'antique
1370 3327 148 30 Ilellespont:

974 3362 21 21 A
1007 3360 88 24 chacun
1107 3361 28 23 de
1146 3368 38 15 ses
1196 3367 41 23 pas
1249 3368 31 15 un
1290 3360 82 24 succès
1384 3369 25 15 se
1419 3362 106 30 jalonne,

974 3395 28 23 Et
1013 3403 42 15 son
1066 3396 93 22 dernier
1171 3403 89 22 voyage
1271 3404 13 13 a
1296 3396 95 28 conquis
1403 3396 151 24 Barcelonne.

974 3430 65 22 Dans
1050 3434 65 18 notre
1127 3429 88 24 France
1227 3430 71 26 enfin,
1312 3429 27 23 de
1352 3430 46 22 l'un
1409 3431 13 22 à
1434 3431 78 22 l'autre
1525 3431 65 28 bout,

975 3463 61 23 Pour
1047 3464 105 23 marcher
1162 3471 58 16 avec
1232 3464 32 23 lui
1276 3468 47 19 tout
1336 3471 28 16 un
1376 3464 83 29 peuple
1470 3470 35 17 est
1516 3464 95 29 debout;

974 3498 51 27 Que
1037 3498 27 22 de
1076 3505 76 16 cœurs
1165 3498 132 27 fraternels,
1309 3498 28 23 de
1348 3498 101 23 chaudes
1461 3499 151 30 sympathies.

975 3531 27 23 Et
1014 3532 163 30 d'imposantes
1189 3533 65 27 voix,
1266 3533 41 22 des
1319 3533 51 29 plus
1382 3533 67 22 hauts
1459 3541 71 22 rangs
1541 3535 87 29 parties
1637 3531 4 33 !

975 3566 35 23 Où
1022 3568 97 22 sera-t-il
1131 3568 90 22 demain
1229 3569 10 21 ?
1251 3575 39 15 car
1300 3575 38 15 ses
1350 3568 86 29 projets
1447 3573 50 18 sont
1508 3569 70 26 mûrs,

974 3600 28 24 Et
1015 3602 51 22 bien
1078 3602 99 23 d'autres
1190 3602 55 23 cités
1258 3602 130 28 l'appellent
1400 3602 58 23 dans
1470 3603 60 22 leurs
1543 3610 69 15 murs.

975 3636 88 22 Hâtons
1073 3643 66 20 nous,
1150 3643 99 21 prenons
1260 3642 56 22 rang
1327 3642 55 16 sous
1394 3643 26 15 sa
1431 3636 68 22 haute
1511 3636 121 28 bannière;

976 3669 117 22 Marseille
1105 3676 27 15 ne
1144 3669 47 22 doit
1202 3677 41 21 pas
1254 3669 35 29 s'y
1301 3673 99 18 montrer
1412 3669 22 22 la
1446 3670 110 23 dernière.

975 3703 92 30 Soyons
1079 3703 71 23 l'écho
1166 3704 102 29 puissant
1280 3704 29 22 du
1321 3710 144 18 mouvement
1476 3705 86 30 public,

975 3738 99 22 Armons
1085 3745 59 15 nous
1155 3745 55 16 sans
1221 3738 76 23 retard
1309 3738 28 23 de
1349 3739 21 22 la
1382 3739 82 29 pioche
1479 3743 22 19 et
1512 3740 29 21 du
1553 3739 44 29 pic.

976 3772 63 22 Nous
1051 3772 39 29 qui
1101 3773 170 28 recueillerons,
1284 3773 58 23 dans
1353 3777 59 19 cette
1424 3780 80 16 œuvre
1515 3780 126 21 commune,

976 3806 50 23 Une
1037 3806 51 30 plus
1099 3807 62 29 large
1172 3812 51 24 part
1234 3807 28 24 de
1273 3807 72 29 gloire
1356 3812 23 19 et
1389 3808 27 23 de
1426 3808 101 28 fortune;

1773 2504 63 22 Nous
1849 2504 46 29 qui,
1907 2513 56 20 pour
1976 2506 32 22 les
2020 2506 125 24 vaisseaux
2157 2509 96 23 affluant
2264 2510 28 23 du
2305 2510 90 30 dehors,

1773 2537 83 23 Allons
1867 2540 48 21 êlre
1927 2541 125 22 contraints
2064 2542 27 22 de
2103 2543 139 29 quadrupler
2254 2552 41 15 nos
2306 2550 77 25 ports;

1773 2571 64 23 Nous
1850 2572 47 29 qui,
1911 2574 155 29 prophétisant
2078 2576 21 22 la
2111 2576 137 24 fécondante
2264 2586 89 21 aurore,

1773 2605 34 23 Où
1821 2606 28 22 du
1862 2608 80 22 monde
1955 2609 76 22 indien
2042 2617 29 14 va
2083 2610 98 23 s'ouvrir
2194 2612 18 22 le
2223 2612 126 30 Bosphore,

1773 2639 73 24 D'une
1858 2641 43 22 cité
1913 2642 106 22 nouvelle
2031 2643 95 24 élevons
2138 2645 22 22 le
2171 2645 110 29 chantier,

1773 2674 93 23 Comme
1878 2682 43 15 une
1933 2676 115 23 hôtellerie
2060 2679 79 22 offerte
2151 2686 28 16 au
2191 2681 66 28 globe
2271 2682 82 27 entier,

1773 2708 64 22 Nous
1849 2709 54 22 d«nt
1915 2710 128 24 l'heureuse
2056 2713 65 28 ville,
2133 2721 27 15 en
2172 2714 35 22 six
2219 2722 42 15 ans
2273 2716 156 30 d'intervalle,

1773 2742 46 22 Sur
1832 2743 21 22 la
1865 2744 79 30 frange
1956 2746 40 22 des
2007 2753 59 16 mers
2079 2747 79 22 n'aura
2169 2749 51 28 plus
2232 2749 28 22 de
2271 2750 73 24 rivale
2353 2752 5 22 !

1773 2808 60 23 Mais
1845 2810 99 25 d'abord,
1957 2820 57 21 pour
2025 2818 99 18 montrer
2136 2815 13 21 à
2160 2823 26 14 ce
2198 2817 71 28 grand
2281 2818 97 23 visiteur

1774 2843 50 29 Que
1836 2846 117 22 Marseille
1966 2846 101 24 l'honore
2078 2853 21 18 et
2111 2850 92 22 marche
2215 2852 13 21 à
2239 2858 27 15 sa
2277 2851 108 28 hauteur,

1776 2880 63 21 Dans
1850 2887 30 16 un
1893 2885 60 17 toast
1964 2882 102 22 solennel
2078 2883 185 30 entrechoquons
2275 2893 41 15 nos
2328 2893 86 17 verres.

1775 2914 64 21 Nous
1852 2914 31 21 lui
1894 2915 111 24 rendrons
2018 2923 28 16 un
2055 2917 56 29 jour
2123 2918 40 22 des
2174 2918 115 24 honneurs
2301 2921 51 29 plus
2364 2922 101 29 sévères,

1776 2947 47 22 Des
1834 2947 116 24 honneurs
1962 2951 98 26 mérités,
2073 2951 43 22 tels
2128 2952 67 28 qu'un
2207 2953 83 30 peuple
2303 2955 32 21 les
2344 2956 56 23 rend

1776 2982 20 23 A
1809 2983 59 23 celui
1881 2983 36 30 qui
1929 2983 21 23 le
1961 2983 42 23 fait
2015 2984 50 29 plus
2078 2985 107 30 prospère
2197 2992 19 17 et
2230 2988 51 29 plus
2293 2989 95 28 grand...

1776 3017 35 22 Oh
1821 3017 4 34 !
1837 3018 19 21 si
1869 3025 57 15 vous
1938 3019 131 29 permettiez
2081 3021 13 21 à
2106 3020 21 22 la
2139 3022 53 20 voix
2203 3022 28 22 du
2244 3025 75 26 poète,

1776 3052 108 23 Accouru
1897 3052 27 23 de
1936 3053 65 23 Paris
2014 3062 57 21 pour
2082 3058 58 19 cette
2152 3062 52 16 rare
2214 3056 53 28 fête,

1776 3087 24 22 Si
1813 3095 59 14 vous
1884 3087 29 22 lui
1927 3089 132 27 permettiez
2071 3089 127 29 d'indiquer
2210 3097 29 15 un
2251 3091 70 23 tribut

1777 3122 61 22 Pour
1849 3121 57 23 celui
1919 3122 37 29 qui
1968 3130 58 14 nous
2038 3122 66 23 lance
2115 3124 14 22 à
2140 3128 36 18 cet
2187 3125 90 29 insigne
2289 3126 53 27 but,

1776 3155 28 22 Je
1816 3163 57 15 vous
1885 3156 81 22 dirais:
1978 3156 76 23 Parmi
2067 3157 131 24 l'universel
2211 3159 132 30 hommage,

1777 3189 58 27 Qu'il
1848 3198 28 14 en
1888 3191 30 21 ait
1932 3198 40 19 un,
1983 3190 55 23 chez
2050 3198 70 20 nous,
2132 3192 38 29 qui
2181 3193 42 23 soit
2234 3193 14 23 à
2258 3199 64 17 notre
2334 3194 85 30 image,

1778 3223 72 27 Qu'un
1863 3225 106 22 vaisseau
1983 3225 139 23 marseillais
2133 3226 45 23 soit
2190 3227 111 23 d'avance
2312 3230 119 26 construit,

1777 3258 38 27 Et,
1827 3259 75 29 quand
1915 3259 94 23 viendra
2021 3260 20 22 le
2050 3260 55 28 jour
2117 3268 43 21 que
2172 3260 21 22 le
2205 3261 81 23 monde
2303 3264 113 27 poursuit,

1778 3293 31 22 Le
1818 3293 55 28 jour
1884 3293 29 23 où
1926 3294 102 22 tombera
2041 3294 20 22 la
2072 3294 114 22 séculaire
2198 3295 78 24 écluse

1778 3327 43 27 Qui
1834 3328 82 28 sépare
1928 3328 58 21 deux
1999 3336 61 14 mers
2071 3328 28 23 de
2111 3328 59 23 Suez
2181 3330 14 21 à
2208 3329 92 29 Peluse,

1778 3361 82 27 Quand
1873 3362 19 22 le
1905 3362 67 22 vieux
1984 3363 127 26 Gibraltar,
2125 3364 37 29 qui
2173 3364 92 23 s'ouvre
2276 3365 14 22 à
2303 3365 141 28 l'Occident,

1778 3395 37 22 Du
1827 3397 49 21 côté
1887 3397 29 21 du
1927 3397 66 22 soleil
2005 3402 106 18 trouvera
2125 3404 41 16 son
2179 3399 106 27 pendant,

1778 3429 17 22 Il
1808 3430 48 22 faut
1867 3437 45 22 que
1924 3438 26 15 ce
1961 3431 118 28 vaisseau,
2091 3439 57 22 pour
2159 3440 125 15 consacrer
2295 3437 58 19 cette
2364 3433 82 29 heure,

1778 3463 49 23 Soit
1839 3464 65 23 lancé
1916 3472 39 15 sur
1967 3465 33 22 les
2013 3473 71 19 mers,
2100 3472 45 22 que
2155 3473 26 15 sa
2192 3466 108 29 poulaine
2311 3467 106 29 effleure,

1778 3498 66 22 Avec
1855 3505 37 15 ses
1904 3500 59 21 mâts
1974 3499 68 23 ornés
2054 3499 96 23 d'olives
2162 3503 21 19 et
2195 3501 27 22 de
2234 3509 68 22 ceps,

1778 3532 27 22 Et
1816 3536 63 19 notre
1890 3534 64 22 croix
1966 3534 86 27 d'azur,
2064 3538 21 18 et
2098 3534 20 22 le
2129 3542 52 16 nom
2192 3536 28 22 de
2231 3536 113 28 Lesseps;

1779 3566 60 27 Qu'il
1850 3572 63 18 entre
1925 3567 19 23 le
1955 3568 98 29 premier
2065 3568 58 24 dans
2137 3570 22 21 la
2169 3574 64 18 route
2245 3570 121 28 inconnue,

1778 3601 27 22 Et
1817 3608 44 22 que
1873 3602 106 23 l'ardente
1991 3602 87 30 Egypte
2090 3603 101 23 acclame
2202 3612 26 14 sa
2241 3612 88 20 venue,

1778 3636 33 21 En
1824 3636 85 22 faisant
1920 3637 92 22 retentir
2024 3638 62 21 mille
2098 3638 44 22 fois
2154 3638 21 23 le
2187 3647 85 20 canon,

1778 3669 111 30 Jusqu'au
1901 3670 76 24 désert
1988 3671 28 23 où
2028 3671 49 22 dort
2089 3671 21 23 la
2122 3674 43 22 tète
2176 3673 28 22 de
2216 3673 114 24 Memnon.

1881 3734 29 22 27
1921 3734 92 23 octobre
2027 3735 61 23 1858.

1810 3772 120 29 (Voleur.)

2297 3776 166 25 Barthélémy
