4443 7172
392 102 101 35 THE
518 102 268 35 BANKRUPT
809 102 230 35 BANKERS

274 167 52 33 On
362 165 202 43 Wedgesday
606 169 135 31 William
781 165 151 36 Strahan,
959 165 123 30 Robert
1109 165 112 30 Afakin

231 211 110 39 Bates,
359 213 63 31 and
438 214 50 30 Sir
498 213 83 33 John
597 214 91 31 Dean
701 211 94 36 Paul,
814 209 107 35 Bart.,
935 217 83 22 were
1047 206 112 41 placed
1189 211 31 27 at

230 257 58 31 the
315 257 55 31 har
397 258 106 33 before
529 258 60 33 Mr.
616 257 173 35 JARDINE,
814 254 50 31 for
893 252 76 31 final
998 250 222 38 examination,

231 302 139 41 charged
386 302 74 33 Kith
477 299 189 39 feloniously
683 298 165 43 disposing
863 296 36 33 of
920 307 17 22 a
962 296 87 41 large
1076 296 145 39 quantity

231 346 36 31 of
280 346 120 43 foreign
416 346 175 38 securities,
606 343 118 41 lodged
740 342 79 33 with
835 342 88 33 them
940 340 49 33 for
1006 340 65 33 safe
1088 340 132 41 keeping

230 400 33 24 as
279 389 143 35 bankers.

277 436 58 35 Mr.
354 436 126 33 Bodkin
496 431 157 43 appeared
669 431 49 31 for
743 431 57 31 the
825 430 216 43 prosecution,
1068 430 65 31 and
1159 430 58 31 Mr.

230 480 94 41 Parry
342 479 156 46 appeared
515 479 50 31 for
583 477 61 31 Mr.
663 477 104 30 Bates.

276 526 60 33 Mr.
354 528 22 30 B
400 524 88 33 dkin,
504 524 31 30 in
553 521 139 41 opening
707 521 57 30 the
780 529 82 25 case,
877 518 68 33 said
962 518 90 31 there
1066 528 83 22 were
1165 518 52 30 five

230 570 172 33 witnessed
428 569 104 31 clerks
554 567 33 30 in
614 565 148 30 different
784 564 142 41 banking
948 562 269 33 houses—named

230 614 146 36 Metcalf,
403 609 148 38 Stafford,
584 611 117 36 Potter,
729 608 156 36 Mitchell,
910 608 60 31 and
1000 608 217 31 Franklin—in

230 658 209 33 attendance;
463 655 63 31 and
554 663 35 22 as
603 654 85 31 their
704 652 135 33 absence
854 652 80 31 from
953 650 93 33 busin

231 702 106 33 would
351 699 146 33 occasion
515 707 88 22 some
619 699 257 31 inconvenience,
888 699 41 27 he
942 706 94 30 propo

231 751 35 27 to
291 746 58 30 call
376 746 93 30 those
499 745 194 39 gentlemen,
724 745 61 27 and
808 745 145 27 intimate
981 746 33 25 to
1039 745 43 27 the

231 789 85 33 their
346 797 151 33 presence
529 786 107 31 would
665 786 39 31 be
734 784 146 41 required
904 787 77 28 next
1011 784 71 31 weel

231 835 146 31 different
395 831 181 43 gentlemen
595 839 80 22 were
691 830 76 31 then
794 828 112 39 called,
932 830 63 31 and
1022 830 33 31 di

233 877 123 38 attend,
373 887 33 22 as
425 877 61 31 Mr.
507 874 124 33 Bodkin
644 874 123 33 desired

274 921 71 30 The

373 921 175 38 witnesses,
580 920 57 31 Dr.
665 920 137 38 Griffith,
830 920 115 39 Wiley,
978 920 113 38 Boyes,
1123 920 96 39 Pelly,

231 965 126 43 Young,
389 965 121 38 Moore,
542 962 63 33 and
636 964 68 31 Hill
732 972 83 24 were
841 962 80 33 then
951 962 107 31 bound
1088 972 74 22 over
1191 965 28 28 to

231 1019 117 30 appear
376 1013 33 30 at
439 1009 57 33 the
526 1013 77 30 next
630 1009 121 31 session
775 1011 33 28 at
835 1006 57 33 the
918 1006 129 33 Central
1074 1006 145 33 Criminal

277 1099 60 31 Mr.
356 1098 154 39 Burnard,
528 1107 17 24 a
562 1096 219 39 stockbroker,
789 1096 143 41 residing
940 1098 33 30 at
984 1096 55 38 69,
1050 1096 151 31 Lombard-

231 1145 109 35 street,
365 1143 159 33 corrected
550 1142 50 33 his
628 1142 189 41 deposition,
844 1140 106 33 which
973 1140 106 31 stated
1102 1140 71 31 that
1192 1140 30 31 in

231 1189 83 31 1854
334 1187 41 33 he
391 1186 178 41 purchased
586 1187 110 31 Dutch
713 1186 91 31 stock
820 1184 50 33 for
893 1184 55 33 the
973 1184 186 33 defendants
1172 1197 50 27 ;

228 1233 27 33 it
282 1233 102 43 ought
408 1235 35 30 to
468 1233 39 31 he
532 1231 72 31 that
622 1231 39 31 he
677 1231 135 31 effected
828 1241 19 22 a
860 1231 74 31 loan
950 1239 43 24 on
1009 1231 109 30 Dutch
1132 1231 90 31 stock

230 1277 52 33 for
296 1279 55 31 the
367 1277 85 31 bank
469 1287 41 22 on
526 1277 57 30 the
603 1276 192 41 application
820 1274 38 33 of
888 1274 49 33 Sir
962 1274 87 33 John
1076 1274 88 38 Paul,
1189 1277 33 30 to

228 1321 57 33 the
302 1326 131 28 amount
449 1321 36 33 of
502 1320 104 41 thirty
625 1320 161 33 thousand
811 1318 137 44 pounds,
973 1329 87 31 upon
1087 1318 135 43 security

230 1367 36 33 of
288 1367 107 31 Dutch
413 1367 39 38 2i
471 1375 55 30 per
543 1365 109 33 Cents.
827 1403 9 2 _
880 1403 8 2 _

274 1409 63 33 Mr.
364 1409 124 33 Bodkin
510 1409 69 33 said
608 1409 58 33 the
696 1411 82 30 state
800 1409 38 31 of
866 1409 55 31 the
954 1417 69 24 case
1055 1417 65 24 was
1151 1417 66 22 now

231 1465 33 24 so
288 1455 47 31 far
357 1454 172 36 advanced,
567 1452 71 33 that
674 1452 115 38 to-day
817 1452 43 33 he
891 1454 115 31 should
1035 1454 58 31 ask
1121 1452 50 33 for
1202 1463 16 20 a

228 1501 173 30 committal

274 1543 69 28 The
359 1543 68 28 first
441 1543 129 28 witness
586 1543 102 28 called
704 1551 61 20 was

274 1587 65 31 Mr.
359 1587 77 36 Bell,
452 1587 55 30 the
520 1587 110 31 official
643 1587 142 41 assignee
797 1587 35 30 to
839 1587 57 30 the
912 1587 66 38 fiat,
992 1587 74 30 who
1083 1587 134 38 deposed

230 1631 72 31 that
318 1641 41 22 on
375 1631 55 30 the
449 1631 77 30 16th
543 1631 38 31 of
603 1631 93 38 June,
713 1639 87 24 some
816 1631 77 39 days
907 1631 82 30 after
1009 1631 55 30 the
1091 1631 65 35 fiat,
1183 1631 35 30 he

230 1680 87 27 went
332 1679 33 28 to
381 1674 54 33 the
447 1674 268 43 banking-house,
732 1674 61 33 and
819 1674 61 33 Mr.
906 1674 135 33 Strahan
1063 1674 154 33 informed

230 1720 66 31 him
313 1720 71 31 that
402 1720 55 31 the
472 1718 102 33 bonds
586 1718 38 33 of
643 1718 58 33 Dr.
718 1720 126 31 Griffith
860 1718 107 33 would
984 1723 55 28 not
1054 1718 41 33 be
1120 1718 98 33 forth.

230 1764 137 38 coming.
414 1764 50 31 He
480 1765 139 36 thought
633 1764 55 31 the
710 1764 87 31 word
825 1764 68 31 sold
918 1773 63 24 was
1006 1764 88 31 used.
1154 1764 63 33 The

228 1809 220 31 conversation
466 1809 77 30 took
559 1809 88 39 place
663 1809 31 30 in
712 1809 54 30 the
781 1809 129 41 parlour
923 1809 120 31 behind
1058 1809 55 30 the
1129 1809 87 41 shop.

228 1852 65 35 Mr.
310 1852 134 33 Strahan
463 1852 60 33 and
540 1852 63 33 Mr.
619 1852 96 33 Bates
739 1863 83 22 were
847 1857 137 38 present.
1038 1852 44 33 As
1107 1854 109 31 official

228 1898 142 41 assignee
386 1898 43 31 he
443 1899 76 30 took
532 1898 176 41 possession
729 1898 38 31 of
786 1898 55 33 the
866 1907 124 31 money.
1047 1898 52 31 He
1123 1898 93 31 asked

230 1942 61 31 Mr.
310 1942 134 31 Strahan
460 1942 28 31 if
507 1942 91 31 there
608 1951 65 22 was
688 1951 19 22 a
721 1942 85 31 book
816 1942 31 31 in
865 1943 106 30 which
986 1943 55 30 the
1058 1942 157 31 securities

227 1995 83 22 were
326 1986 129 31 entered
469 1987 11 31 ?
528 1986 61 31 Mr.
608 1983 135 35 Strithan
761 1987 61 30 and
839 1987 63 31 Mr.
920 1987 94 31 Bates
1041 1987 117 31 looked
1186 1994 30 24 at

228 2031 77 31 each
323 2031 102 36 other,
435 2030 58 31 but
507 2030 93 31 made
619 2041 41 20 no
688 2039 131 22 answer.
872 2031 50 31 Sir
948 2031 88 31 John
1063 2031 88 35 Paul,
1176 2031 39 31 he

227 2074 150 39 thought,
389 2083 65 22 was
469 2074 139 43 walking
625 2074 96 31 about
746 2074 57 31 the
828 2074 110 31 house.
986 2076 96 31 Some
1109 2074 107 33 Dutch

228 2118 109 31 Bonds
348 2128 88 22 came
447 2118 66 31 into
523 2118 50 31 his
586 2118 186 39 possession,
781 2118 60 31 but
852 2118 77 41 they
940 2126 83 25 were
1036 2115 180 41 docketted,

228 2161 63 31 and
307 2162 76 39 they
398 2162 65 31 had
477 2162 82 33 been
586 2162 159 33 delivered
769 2169 35 27 to
827 2162 55 33 the
909 2164 117 39 parties
1052 2170 33 25 to
1110 2164 106 31 whom

227 2205 80 43 they
321 2206 167 41 belonged.

271 2250 54 33 Mr
351 2250 227 39 Parry.—Was
595 2250 61 31 Mr.
680 2250 96 33 Bates
798 2254 129 38 present
951 2250 33 33 in
1009 2250 60 33 the
1091 2252 124 41 parlour

227 2294 93 33 when
337 2294 55 31 the
408 2294 217 31 conversation
641 2296 76 30 took
734 2294 88 38 place
835 2296 11 30 ?

271 2342 63 30 Mr.
353 2342 69 28 Bell
438 2342 66 28 said
520 2342 43 28 he
578 2348 63 22 was
658 2343 55 27 not
723 2348 72 22 sure
806 2342 71 30 that
888 2342 41 28 he
943 2350 63 22 was
1016 2342 91 30 there
1120 2343 31 30 at
1162 2342 54 31 the

228 2383 120 43 preciie
365 2387 142 27 moment
532 2383 54 31 the
614 2384 217 31 conversation
858 2384 76 33 took
959 2386 90 39 place
1074 2386 142 31 between

228 2428 83 33 hims
323 2427 36 31 .1f
378 2428 61 30 and
457 2427 63 33 Mr.
537 2428 148 33 Strahan.
734 2428 50 33 He
800 2428 55 33 did
871 2433 55 28 not
940 2430 76 31 take
1031 2436 71 33 part
1115 2430 35 31 in
1165 2431 50 31 the

1266 2389 36 25 of
1323 2389 43 25 31.
1381 2395 13 19 a

228 2480 214 22 conversation

272 2520 61 30 Mr.
353 2520 131 31 Jardine
499 2520 68 30 said
581 2520 27 30 it
622 2526 65 24 was
702 2520 200 31 immaterial.
961 2520 50 31 No
1025 2520 74 43 jury
1113 2520 33 31 in
1164 2520 52 31 the

228 2562 112 38 world,
351 2572 36 24 or
402 2572 61 31 any
477 2572 76 24 man
570 2562 35 33 of
625 2572 148 24 common
789 2572 102 31 sense,
917 2565 106 31 would
1039 2565 94 31 think
1148 2565 68 31 that

228 2606 65 33 Mr.
310 2606 94 33 Bates
419 2617 66 24 was
499 2609 58 30 not
573 2608 164 41 cognisant
754 2606 35 35 of
800 2608 55 35 the
866 2619 135 30 purpose
1017 2609 35 33 of
1071 2609 55 33 the
1143 2620 72 22 con-

1269 3406 101 28 labour

1317 206 126 30 Charles
1466 206 129 38 Aubrey
1611 214 63 22 was
1702 206 139 30 indicted
1869 206 49 30 for
1942 206 132 41 stealing
2101 214 17 22 a
2145 206 98 30 watch

1317 249 41 31 lue
1384 249 52 38 51.,
1461 249 57 31 the
1548 252 148 36 property
1710 250 35 31 of
1767 250 140 31 William
1935 250 142 38 Gamier,
2104 249 80 33 from
2209 250 33 31 hi:

1313 340 49 30 On
1386 340 55 30 the
1469 340 80 28 12th
1573 340 36 28 of
1631 340 76 36 May
1721 340 61 30 last
1806 340 55 30 the
1888 340 194 39 prosecutor,
2098 348 17 22 a
2139 340 83 30 farrie

1269 383 98 33 living
1381 383 30 31 in
1431 381 227 35 Smith-street,
1674 381 233 35 Westminster,
1921 383 65 31 had
2014 384 79 30 been
2113 381 109 33 drinkir

1372 428 139 30 lifferent
1523 436 135 27 women,
1676 428 61 30 and
1762 428 65 31 late
1852 428 31 30 in
1910 428 55 30 the
1992 428 134 39 evening
2142 428 39 30 he
2197 438 60 20 was

1290 483 11 19 s
1318 472 54 30 the
1387 482 153 30 company
1559 472 35 30 of
1619 482 17 20 a
1661 472 178 38 prostitute,
1855 472 106 30 whom
1978 472 41 30 he
2033 472 224 41 accompanied

1290 526 13 22 3
1332 526 20 22 a
1381 517 227 31 coffee-house.
1636 517 104 31 where
1765 518 76 39 they
1868 517 65 31 had
1962 526 87 20 some
2080 517 61 41 gin.
2197 517 60 31 She

1290 561 132 31 natched
1449 561 50 31 his
1517 562 102 30 watch
1647 559 60 31 and
1734 570 55 22 ran
1811 570 99 30 away,
1926 559 63 33 and
2005 570 35 22 as
2055 559 39 33 he
2110 570 60 22 was
2187 570 52 30 pur-

1290 606 72 39 aing
1376 605 57 31 her
1449 606 55 30 the
1521 606 142 39 prisoner
1688 609 57 35 put
1772 613 54 24 out
1850 606 49 30 his
1924 605 54 43 leg
2002 603 61 31 and
2080 606 98 30 threw
2194 606 63 30 him

1129 650 93 35 o-day
1244 647 5 38 I
1269 650 106 35 down,
1398 650 61 30 and
1488 650 77 30 then
1594 652 54 33 got
1674 658 93 27 away
1784 650 134 31 himself.
1965 650 50 30 He
2031 652 65 28 met
2113 658 16 22 a
2145 650 112 35 police-

1272 748 91 22 soner
1378 742 61 28 had
1457 743 55 36 got
1528 743 33 27 to
1586 742 55 28 the
1666 743 55 36 top
1748 742 36 27 of
1806 748 19 22 a
1846 742 99 28 house
1970 742 31 27 in
2027 742 225 35 Snow's-rents,

1272 784 74 39 they
1362 784 176 39 proceeded
1562 794 44 31 up
1631 784 55 30 the
1712 784 102 36 stairs,
1830 783 63 31 and
1915 783 55 31 the
1997 787 181 35 prosecutor
2203 789 49 36 got

1272 828 137 39 through
1439 828 57 31 the
1526 828 173 39 trap-door.
1754 828 50 30 He
1831 828 120 30 walked
1981 827 96 31 about
2107 827 55 31 the
2189 828 63 30 roof

1272 874 165 33 searcliinz
1457 874 33 31 in
1512 874 82 31 the
1594 874 151 30 darkness
1770 874 49 30 for
1846 874 55 28 the
1926 874 153 39 prisoner,
2093 874 91 30 when
2200 883 36 20 un-

1272 918 192 36 fortunately
1477 918 43 31 he
1546 918 132 36 stepped
1693 926 76 22 over
1783 917 55 31 the
1854 921 140 33 parapet,
2008 917 65 31 and
2088 917 54 31 fell
2156 921 31 27 to
2203 917 50 31 the

1271 964 135 39 ground,
1422 973 17 22 a
1455 964 99 39 depth
1570 964 36 30 of
1619 964 107 39 nearly
1740 964 85 39 forty
1841 964 74 35 feet,
1931 964 142 36 severely
2088 964 167 39 fracturing

1271 1006 49 33 his
1346 1017 66 22 arm
1438 1008 63 31 and
1528 1006 161 33 shoulder.
1734 1008 28 31 A
1786 1016 74 22 man
1890 1005 115 31 named
2030 1005 99 33 Davis
2154 1006 60 31 and
2241 1016 14 22 a

1271 1060 123 24 woman
1417 1052 41 31 he
1482 1050 167 33 cohabited
1666 1050 77 33 with
1757 1061 83 22 were
1863 1050 35 31 in
1923 1050 63 31 bed
2011 1050 33 30 in
2071 1050 54 31 the
2151 1050 104 38 house,

1271 1096 61 31 and
1356 1096 77 41 they
1447 1106 82 24 were
1545 1096 91 30 woke
1661 1106 43 31 up
1729 1096 44 39 by
1789 1096 55 33 the
1869 1094 115 41 ceiling
2006 1094 36 31 of
2066 1094 83 31 their
2170 1106 85 20 room

1271 1140 112 43 falling
1408 1142 33 31 in
1465 1151 87 30 upon
1578 1140 99 31 them.
1723 1140 87 41 They
1825 1143 55 39 got
1906 1150 43 30 up
1973 1140 35 30 in
2035 1148 220 33 consequence,

1271 1184 61 33 and
1350 1195 41 22 on
1406 1184 96 43 going
1521 1189 35 28 to
1583 1186 55 31 the
1652 1195 132 33 passage
1806 1186 76 39 they
1898 1184 98 31 heard
2013 1194 17 22 a
2046 1184 113 31 female
2173 1184 82 33 voice

1271 1239 65 31 say,
1394 1230 146 43 Charley,
1567 1228 66 33 I've
1660 1233 55 39 got
1825 1233 33 30 to
1882 1228 106 33 which
2003 1239 17 22 a
2036 1239 74 22 man
2129 1228 126 43 replied,

1301 1274 54 33 All
1554 1274 87 39 They
1666 1285 98 22 swore
1792 1274 27 33 it
1846 1283 65 22 was
1935 1274 57 31 the
2022 1274 143 41 prisoner
2186 1274 69 33 who

1271 1318 76 36 said,
1397 1320 41 31 all
1616 1320 76 31 This
1707 1329 63 22 was
1784 1318 66 43 just
1868 1318 107 33 before
1998 1318 57 33 the
2077 1323 178 35 prosecutor

1271 1364 54 31 fell
1339 1364 80 31 from
1444 1365 55 30 the
1524 1365 79 31 roof.
1649 1365 143 41 Hearing
1806 1375 17 22 a
1839 1365 88 31 noise
1943 1364 98 31 Davis
2058 1369 82 27 went
2156 1369 52 28 out
2224 1369 31 28 to

1271 1417 50 22 see
1337 1409 87 30 what
1447 1409 186 33 occasioned
1657 1409 36 38 it,
1720 1411 61 30 and
1808 1409 41 33 he
1874 1409 102 31 found
2000 1409 55 30 the
2077 1411 178 38 prosecutor

1271 1452 169 33 insensible
1455 1463 41 22 on
1513 1455 54 30 the
1591 1455 132 39 ground,
1742 1454 61 31 and
1830 1454 132 31 assisted
1989 1463 19 22 a
2035 1454 172 39 policeman
2222 1458 33 27 to

1271 1507 124 22 remove
1424 1498 65 31 him
1515 1502 33 27 to
1576 1499 54 31 the
1655 1499 146 39 hospital,
1817 1499 106 31 whore
1948 1498 41 31 he
2016 1498 52 39 lay
2082 1498 33 31 in
2132 1507 33 22 so
2181 1499 74 30 dan.

1271 1551 110 20 gerous
1403 1551 19 20 a
1449 1546 80 25 state
1554 1543 71 28 that
1649 1543 25 28 it
1696 1553 66 19 was
1786 1543 137 28 thought
1948 1551 165 20 necessary
2128 1543 50 28 for
2203 1543 52 28 the

1268 1729 61 22 was
1346 1721 134 39 positive
1494 1729 35 24 as
1545 1724 33 27 to
1594 1721 55 31 the
1666 1721 167 41 prisoner's
1849 1721 146 39 identity.

1310 1765 63 30 Mr.
1391 1764 128 38 Ribton,
1534 1765 50 31 for
1608 1765 55 33 the
1688 1765 153 38 prisoner,
1858 1764 98 41 urged
1970 1765 71 30 that
2057 1764 49 31 his
2121 1764 129 43 identity

1266 1817 65 22 was
1346 1811 57 28 not
1419 1809 189 41 sufficiently
1628 1809 128 41 proved,
1781 1809 65 33 and
1871 1809 102 31 called
2000 1814 65 27 two
2080 1809 170 38 witnesses,

1266 1852 71 33 who
1354 1854 175 41 attempted
1545 1860 33 25 to
1595 1865 93 30 prove
1706 1865 39 20 an
1761 1854 85 31 alibi.

1309 1898 68 31 The
1387 1896 74 43 jury
1471 1899 101 31 found
1583 1899 55 31 the
1652 1899 143 41 prisoner
1806 1898 118 41 Guilty,
1934 1898 63 33 and
2011 1899 121 30 several
2140 1898 110 31 former

1266 1942 192 31 convictions
1476 1953 82 22 were
1573 1943 117 41 proved
1704 1943 124 41 against
1844 1943 77 30 him.

1309 1987 61 30 Mr.
1403 1987 123 31 Bodkin
1565 1987 172 33 sentenced
1773 1987 68 33 him
1880 1991 33 28 to
1951 1987 47 33 six
2030 1986 102 43 years'
2162 1986 88 43 penal

1266 2031 165 28 servitude.

1309 2079 110 35 Henry
1436 2079 128 38 Alford,
1578 2079 153 30 collector
1743 2079 35 28 in
1792 2079 55 28 the
1863 2079 118 28 service
1997 2079 36 28 of
2052 2079 57 28 the
2123 2079 128 28 Eastern

1266 2118 151 33 Counties
1443 2121 139 39 Railway
1606 2121 175 41 Company,
1806 2129 63 24 was
1896 2120 143 33 indicted
2065 2121 50 31 for
2140 2120 110 41 having

1266 2164 178 31 embezzled
1466 2165 123 30 various
1616 2175 87 20 sums
1728 2165 36 30 of
1787 2175 115 20 money
1921 2165 107 30 which
2055 2165 41 30 he
2121 2164 63 31 had
2208 2173 43 22 re-

1265 2211 106 28 ceived
1386 2219 35 20 as
1436 2211 85 30 their
1534 2213 135 30 servant.

1307 2252 68 31 The
1389 2252 143 43 prisoner
1548 2254 153 31 admitted
1717 2255 57 30 the
1792 2255 118 39 receipt
1924 2254 38 31 of
1981 2255 58 30 the
2055 2263 123 27 money,
2195 2252 57 33 and

1265 2296 69 31 that
1350 2298 41 31 he
1414 2298 61 31 had
1504 2301 55 28 not
1584 2299 175 31 accounted
1781 2302 33 28 to
1841 2301 55 30 the
1913 2309 156 30 company
2085 2299 49 30 for
2148 2299 36 35 it,
2200 2298 52 31 but

1265 2342 115 31 denied
1395 2343 55 30 the
1474 2343 154 30 felonious
1654 2343 244 30 appropriation.
1945 2343 50 30 He
2022 2343 93 30 made
2132 2353 17 20 a
2165 2342 87 31 claim

1594 2666 14 20 .e
1635 2658 77 28 with
1735 2666 71 20 new
1822 2658 54 28 cler

1266 3195 80 33 305.,
1370 3195 65 27 and
1460 3195 25 27 it
1512 3203 65 20 was
1602 3195 50 28 his
1680 3195 79 38 duty
1773 3203 35 22 as
1824 3203 19 22 a
1858 3195 124 31 servant
2002 3197 35 28 to
2060 3197 135 28 account
2208 3195 38 30 for

1266 3233 55 30 the
1337 3243 113 22 money
1465 3236 41 28 he
1521 3236 154 28 received.

1320 3279 58 27 The
1391 3279 72 36 jury
1472 3279 101 28 found
1586 3279 57 30 the
1652 3279 142 36 prisoner
1806 3280 117 35 Guilty,
1937 3282 63 31 and
2014 3283 236 31 recommended

1318 3365 55 28 Mr.
1394 3365 128 28 Bodkin
1550 3365 172 30 sentenced
1750 3365 69 30 him
1847 3369 35 27 to
1913 3369 65 28 two
2008 3367 140 31 months'
2178 3369 76 30 hard

1313 3450 139 30 Herbert
1466 3450 197 41 Templeman
1679 3450 63 33 and
1756 3452 157 31 Mathilde
1923 3452 200 33 Schwendler
2134 3454 121 33 Colbert

1271 3491 132 41 pleaded
1419 3494 109 41 Guilty
1543 3499 33 27 to
1592 3506 19 20 a
1627 3496 117 39 charge
1754 3496 36 31 of
1803 3496 134 39 keeping
1946 3506 19 24 a
1976 3507 146 22 common
2134 3498 121 33 brothel

1271 3540 31 27 in
1318 3540 239 27 Newman-strec

1315 3583 30 27 It
1359 3587 66 22 was
1441 3583 104 28 stated
1561 3583 69 28 that
1646 3584 180 38 possession
1849 3583 38 30 of
1907 3584 55 30 the
1984 3584 101 33 house
2101 3584 61 33 had
2178 3586 79 31 been

1269 3620 93 43 given
1394 3631 52 30 up,
1471 3622 61 30 and
1559 3622 71 30 that
1657 3625 57 28 the
1743 3624 104 39 parish
1876 3625 197 38 authorities,
2099 3628 71 28 who
2198 3628 58 30 had

1269 3666 140 30 directed
1427 3666 55 30 the
1504 3666 211 39 prosecution,
1734 3668 102 31 would
1865 3668 39 31 be
1920 3669 137 31 satisfied
2079 3669 27 31 if
2126 3671 55 31 the
2206 3671 35 31 de-

1269 3709 148 31 fendants
1433 3710 131 30 entered
1581 3710 66 31 into
1665 3712 239 41 recognizances
1924 3718 35 25 to
1975 3723 117 31 appear
2106 3713 50 33 for
2165 3713 74 44 judg-

1269 3757 88 25 ment
1373 3754 93 28 when
1482 3754 99 28 called
1597 3764 96 19 upon.

1313 3800 66 28 The
1397 3800 98 30 Court
1515 3800 91 28 made
1633 3809 38 20 an
1698 3800 91 31 order
1803 3802 35 30 to
1852 3800 71 31 that
1937 3800 104 39 effect,
2058 3800 63 33 and
2135 3802 55 31 the
2206 3802 25 31 de

1271 3841 146 30 fendants
1433 3852 82 19 were
1532 3843 194 28 discharged.

1313 3888 83 30 John
1413 3888 159 30 Marshall
1595 3896 63 22 was
1682 3888 140 38 brought
1847 3898 44 30 up
1915 3888 49 31 for
1986 3888 180 41 judgment.
2211 3891 44 30 He

1271 3939 63 22 was
1348 3931 167 31 convicted
1531 3940 43 22 on
1589 3929 164 41 Thursday
1770 3932 60 30 last
1846 3932 36 31 of
1893 3932 137 41 stealing
2046 3943 17 20 a
2080 3934 134 33 number
2230 3935 25 30 of

1271 3973 124 33 articles
1422 3975 80 31 from
1528 3984 19 22 a
1572 3975 165 33 furnished
1765 3976 109 38 house,
1891 3976 57 31 No.
1967 3980 31 31 3,
2016 3976 239 33 Eccleston-ter.

1271 4028 80 27 race,
1370 4019 140 36 Pimlico,
1526 4019 104 31 which
1647 4019 39 31 he
1702 4020 60 31 had
1781 4020 93 31 taken
1893 4025 30 27 at
1940 4022 87 30 NO/.
2043 4031 118 28 a-year.

1317 4063 60 31 Mr.
1395 4063 93 39 Parry
1507 4063 65 31 said
1597 4063 25 31 it
1639 4072 68 22 was
1732 4065 102 30 stated
1860 4074 41 22 on
1929 4065 57 31 the
2013 4066 72 30 trial
2113 4066 68 31 that
2208 4066 47 31 the

1271 4107 142 39 prisoner
1428 4107 63 30 had
1507 4107 82 30 done
1613 4107 57 31 the
1696 4117 85 24 same
1808 4107 91 39 thing
1915 4109 30 31 in
1965 4110 224 36 Bermondsey,
2208 4110 47 33 but

1272 4154 54 28 the
1343 4161 109 27 person
1471 4154 72 28 who
1561 4154 93 28 could
1680 4162 96 31 prove
1791 4154 71 30 that
1879 4164 61 22 was
1957 4157 54 28 not
2030 4164 71 22 now
2117 4156 31 30 in
2165 4161 93 31 town,

1272 4206 31 22 so
1320 4197 55 31 the
1392 4197 101 31 Court
1507 4197 106 31 would
1630 4197 72 33 take
1728 4198 25 31 it
1776 4197 69 33 that
1861 4208 41 22 no
1920 4198 77 31 such
2013 4205 170 25 statement
2198 4200 60 30 had

1272 4243 77 30 been
1367 4243 101 30 made.

1317 4285 58 31 Mr.
1391 4285 123 31 Bodkin
1531 4283 65 33 said
1613 4283 25 31 it
1654 4294 65 22 was
1734 4285 83 31 clear
1831 4291 33 25 to
1882 4287 68 33 him
1965 4288 69 31 that
2052 4288 57 31 the
2123 4288 139 41 prisoner

1272 4339 61 22 was
1356 4331 20 30 h
1403 4339 112 30 person
1540 4332 33 28 to
1602 4329 104 31 whom
1734 4331 54 30 the
1814 4331 87 31 word
2157 4334 104 31 would

1272 4373 102 39 apply.
1420 4373 69 31 The
1517 4376 148 28 sentence
1682 4383 63 22 was
1772 4375 71 30 that
1871 4375 39 31 be
1935 4375 41 31 be
1992 4376 194 41 imprisoned
2200 4378 61 31 and

1272 4419 74 38 kept
1364 4424 31 25 to
1411 4417 82 31 hard
1507 4417 112 31 labour
1635 4419 47 30 for
1701 4419 38 30 12
1757 4419 146 31 calendar
1918 4420 140 30 months.

1320 4461 135 33 William
1474 4461 60 31 Lee
1550 4472 61 22 was
1627 4461 66 31 also
1707 4461 139 43 brought
1861 4472 43 31 up
1920 4465 49 30 for
1987 4463 180 43 judgment.
2214 4466 47 31 He

1272 4506 60 33 had
1348 4506 134 41 pleaded
1496 4506 109 41 Guilty
1617 4506 36 31 of
1665 4507 135 39 stealing
1813 4517 17 22 a
1847 4509 225 38 pocket-bo,k,
2082 4509 180 44 containing

1272 4553 83 30 115/.
1372 4551 33 31 in
1422 4554 90 28 notes
1526 4551 80 31 from
1620 4550 54 33 the
1688 4551 113 39 pocket
1813 4551 36 31 of
1860 4561 19 22 a
1893 4553 180 41 gentleman
2087 4554 31 31 in
2131 4554 113 31 Oxford-

1272 4598 107 33 street,
1408 4595 61 31 and
1496 4595 27 30 it
1546 4605 63 22 was
1638 4595 202 36 represented
1866 4597 69 30 that
1964 4597 43 31 he
2030 4606 63 22 was
2110 4608 17 22 a
2142 4608 74 22 man
2233 4598 28 31 of

1274 4649 104 22 means
1395 4641 63 30 and
1483 4641 244 38 respectability,
1745 4641 63 30 and
1824 4649 63 22 was
1904 4641 148 41 formerly
2068 4650 19 22 a
2102 4643 159 31 merchant

1274 4687 30 28 at
1334 4683 77 31 New
1436 4683 142 31 Orleans.
1624 4683 126 31 Several
1775 4683 161 33 witnesses
1961 4694 82 22 were
2066 4687 112 36 called,
2195 4687 66 31 who

1274 4737 76 31 gave
1367 4728 63 31 him
1449 4737 16 20 a
1483 4728 77 39 high
1578 4726 172 33 character.
1797 4728 68 33 The
1888 4729 128 31 address
2033 4729 77 41 they
2123 4740 77 31 gave
2216 4731 46 30 for

1274 4772 65 31 him
1354 4772 117 43 proved
1490 4776 33 27 to
1550 4772 39 30 be
1616 4772 88 36 false,
1720 4772 63 31 and
1809 4783 41 20 no
1877 4773 63 31 real
1965 4780 135 27 account
2117 4775 93 31 could
2225 4775 36 33 be

1274 4817 131 39 gleaned
1420 4817 36 30 of
1469 4816 77 33 him.
1586 4816 90 30 After
1690 4816 41 30 he
1746 4825 63 20 was
1827 4817 169 31 remanded
2013 4822 63 27 two
2093 4830 71 20 men
2180 4827 82 24 went

1274 4866 31 25 to
1321 4860 57 33 the
1392 4860 129 33 address
1537 4860 54 30 the
1602 4860 162 33 witnesses
1780 4860 63 31 had
1860 4861 91 39 given
1967 4871 33 22 as
2016 4863 55 31 the
2087 4861 175 39 prisoner's,

1277 4906 58 30 and
1353 4906 94 31 asked
1465 4906 55 30 the
1535 4913 113 31 person
1666 4906 69 30 who
1761 4906 80 30 lived
1858 4906 90 31 there
1962 4910 35 27 to
2014 4917 54 30 say
2083 4906 25 33 ft
2124 4917 61 22 was
2206 4909 54 33 Mr.

1277 4948 87 33 Lee's
1387 4950 173 36 residence,
1576 4948 63 31 and
1661 4948 71 31 that
1756 4948 41 31 he
1819 4959 63 22 was
1899 4959 17 22 a
1934 4951 194 39 respectable
2142 4961 85 25 man,
2243 4953 17 30 if

1277 5002 58 31 any
1351 5003 58 24 one
1427 4992 102 35 called
1546 4997 35 27 to
1605 4994 137 39 enquire,
1759 5002 35 22 as
1819 5002 17 22 a
1857 4994 61 31 Mr.
1935 4994 63 33 Lee
2014 5005 63 22 was
2093 4997 31 31 in
2142 4997 118 31 trouble

1277 5041 47 28 for
1339 5038 173 41 assaulting
1528 5046 17 24 a
1561 5038 187 41 policeman,
1764 5038 63 30 and
1850 5038 63 31 had
1934 5038 91 43 given
2043 5041 69 31 that
2128 5041 132 36 address,

1277 5090 33 24 so
1335 5082 71 31 that
1430 5082 49 31 his
1504 5082 120 31 friends
1646 5080 115 33 should
1786 5085 57 28 not
1861 5082 96 31 know
1973 5082 36 33 of
2030 5083 57 33 the
2102 5094 107 31 scrape
2227 5085 33 31 he

1277 5124 61 30 had
1353 5131 55 24 got
1424 5126 77 28 into.

1620 5269 118 19 witnessE

1277 5315 16 20 a
1309 5313 112 33 person
1435 5306 71 30 who
1524 5306 61 30 had
1602 5306 79 30 been
1698 5306 129 41 picking
1843 5306 129 39 pockets
1987 5307 30 28 in
2033 5306 228 33 Oxford-street

1277 5350 68 30 that
1370 5350 27 30 it
1420 5350 107 31 struck
1545 5350 65 30 him
1628 5359 33 22 as
1677 5361 72 28 very
1767 5354 150 39 singular.
1932 5348 61 33 and
2011 5350 24 30 it
2054 5351 115 39 proved
2197 5351 65 31 that

1277 5394 74 39 they
1367 5394 61 30 had
1446 5394 175 41 attempted
1643 5397 33 28 to
1704 5394 74 31 foist
1805 5394 162 33 falsehood
1984 5405 83 31 upon
2087 5395 54 31 the
2157 5397 104 36 Calla,

1277 5439 58 31 and
1353 5438 41 31 he
1409 5438 61 30 had
1487 5438 82 33 little
1586 5438 99 33 doubt
1701 5439 71 30 that
1786 5439 72 39 they
1868 5449 82 22 were
1961 5446 58 25 not
2033 5443 228 39 unacquainted

1277 5483 76 30 with
1372 5482 77 31 such
1465 5483 208 30 transactions
1698 5493 33 20 as
1757 5483 63 30 had
1846 5483 139 41 brought
2005 5483 55 31 the
2076 5485 142 39 prisoner
2231 5493 30 24 to

1277 5528 68 31 that
1361 5526 66 31 bar.
1472 5526 52 31 He
1548 5526 113 31 should
1683 5526 77 31 have
1778 5528 54 31 the
1849 5528 241 33 circumstances
2107 5531 109 39 placed
2231 5531 30 31 in

1277 5575 54 30 the
1353 5570 102 33 hands
1480 5570 36 31 of
1539 5572 55 30 the
1619 5580 115 33 proper
1748 5581 123 30 person,
1888 5576 33 28 to
1937 5583 50 22 see
2003 5572 27 33 if
2054 5575 90 31 there
2159 5576 102 31 would

1277 5619 38 33 he
1331 5616 154 35 sufficient
1501 5616 148 33 evidence
1665 5619 35 30 to
1717 5616 91 46 bring
1824 5627 17 24 a
1857 5617 115 44 charge
1987 5619 36 31 of
2036 5620 181 44 conspiring
2231 5628 30 27 to

1277 5665 110 33 hinder
1417 5663 55 31 the
1506 5661 252 33 administration
1784 5665 36 31 of
1843 5663 115 43 justice
1986 5665 94 35 home
2110 5674 33 25 to
2175 5672 87 28 those

1277 5720 126 31 persons
1416 5709 74 31 who
1501 5707 61 33 had
1576 5709 91 41 given
1682 5709 148 33 evidence
1846 5710 31 31 in
1894 5712 55 31 the
1965 5712 169 41 prisoner's
2146 5713 115 33 favour.

1277 5756 66 31 The
1359 5757 146 30 sentence
1523 5764 63 20 was
1602 5753 71 33 that
1699 5753 55 33 the
1778 5754 145 43 prisoner
1950 5756 38 31 be
2014 5756 77 43 kept
2115 5757 33 33 in
2170 5761 91 38 penal

1294 5802 139 27 ,ervitude
1450 5802 50 27 for
1517 5802 46 27 six
1578 5808 63 20 year

1572 5861 131 43 (Before
1718 5861 61 33 Mr.
1795 5861 187 43 WITHAM.)

1320 5913 82 33 John
1427 5912 104 44 Kirby
1550 5923 63 24 was
1641 5912 139 35 indicted
1805 5915 49 35 for
1877 5917 135 44 stealing
2038 5917 41 35 70
2104 5918 104 43 pieces
2236 5920 25 33 of

1279 5957 79 36 lead,
1375 5959 55 31 the
1450 5965 145 31 property
1611 5957 35 35 of
1671 5959 126 36 Aleasrs.
1814 5962 109 33 Cubitt
1948 5964 61 33 and
2027 5964 68 33 Co.,
2120 5965 142 31 builders,

1323 6060 66 24 The
1416 6060 142 33 prisoner
1572 6061 65 22 was
1650 6061 19 22 a
1683 6060 102 27 carter
1808 6060 33 27 in
1865 6060 55 28 the
1935 6060 118 30 service
2071 6060 35 30 of
2124 6060 55 31 the
2195 6068 52 33 pro-

1280 6101 150 35 secutors,
1457 6098 60 31 and
1542 6107 41 24 on
1608 6098 55 33 the
1693 6099 77 31 14th
1797 6101 36 31 of
1855 6101 61 33 last
1942 6102 112 31 month
2071 6104 49 35 .he
2145 6104 63 33 had
2235 6109 30 28 to

1280 6153 118 33 convey
1414 6153 17 22 a
1446 6142 74 33 load
1535 6143 36 31 of
1591 6145 52 30 old
1660 6145 68 31 lead
1743 6145 80 33 from
1843 6146 279 44 Uxbridge-house
2137 6156 33 27 to
2186 6150 79 33 their

1280 6189 159 41 premises,
1457 6187 61 33 and
1542 6198 41 22 on
1605 6189 55 31 the
1676 6198 65 30 way
1757 6191 41 31 he
1814 6197 69 27 sent
1898 6202 19 24 a
1931 6203 124 24 woman
2071 6203 35 24 to
2121 6197 58 31 sell
2198 6198 66 31 that

1280 6235 106 30 which
1402 6235 41 30 he
1457 6243 63 22 was
1546 6233 137 43 charged
1699 6235 77 31 with
1802 6238 117 41 stealin
1918 6238 17 41 g
1953 6243 31 27 at
2000 6249 19 22 a
2035 6241 118 31 marine
2169 6247 80 28 store-

1280 6280 80 39 shop
1375 6279 35 33 in
1427 6279 293 35 Cleveland-street.
1764 6280 68 33 The
1847 6293 112 28 person
1975 6283 33 33 in
2024 6283 115 38 charge
2156 6287 35 33 of
2213 6287 52 33 the

1283 6328 77 39 shop
1387 6328 124 30 refused
1534 6331 33 25 to
1592 6328 63 39 buy
1679 6328 36 36 it,
1739 6328 63 31 and
1827 6328 55 33 the
1907 6339 124 24 woman
2060 6328 85 36 went
2170 6337 94 39 away,

1283 6372 123 39 leaving
1420 6372 25 31 it
1461 6370 98 35 there.
1606 6372 128 39 Shortly
1745 6375 181 33 afterwards
1942 6376 55 31 the
2013 6376 142 35 prisoner
2169 6380 96 31 called

1324 6466 68 30 The
1414 6466 72 39 jury
1502 6466 98 31 found
1628 6466 66 31 him
1720 6466 118 43 Guilty,
1865 6471 61 31 and
1953 6469 63 33 Mr.
2031 6466 142 39 Witham
2198 6483 50 24 sen-

1282 6509 112 33 tenced
1409 6510 66 31 him
1493 6517 33 25 to
1542 6510 79 31 hard
1641 6512 109 33 labour
1764 6512 50 33 for
1830 6513 46 33 six
1893 6517 137 31 months.

1324 6554 85 31 John
1430 6556 148 41 Harding
1592 6556 61 31 and
1683 6556 118 43 George
1820 6559 175 43 Thompson
2020 6572 82 25 were
2128 6564 137 35 indicted

1280 6598 50 33 for
1346 6598 173 44 assaulting
1535 6600 283 36 Police-constable
1835 6605 49 33 W.
1902 6606 151 39 Leonard,
2072 6609 41 33 50
2131 6611 41 33 D.

1324 6646 31 33 It
1372 6646 156 41 appeared
1543 6646 69 31 that
1627 6657 41 22 on
1683 6649 55 30 the
1759 6649 76 31 14th
1850 6650 134 43 August,
2000 6652 98 35 about
2121 6658 17 28 3
2164 6658 33 30 in
2213 6658 52 33 the

1280 6691 156 41 morning,
1452 6690 55 33 the
1523 6690 159 41 prisoners
1694 6702 80 22 were
1791 6694 159 44 knocking
1964 6704 33 25 at
2013 6709 19 22 a
2047 6701 217 41 public-house

1280 6734 77 33 door
1367 6735 31 31 in
1414 6735 287 33 Portman-market
1717 6742 33 27 to
1767 6742 52 36 get
1835 6740 63 41 gin,
1909 6742 93 33 when
2019 6745 54 31 the
2083 6753 181 30 prosecutor

1287 7094 118 31 assault,
1428 7094 63 30 and
1520 7094 60 31 Mr.
1595 7096 47 30 Wi

2770 1532 61 27 lted
2855 1532 43 36 by

2811 1570 87 14 IPOIIII

2757 1975 107 27 Hotel,
2882 1975 16 24 C

2756 2014 69 20 iem,
2841 2006 57 28 and

2765 2135 60 17 lost
2844 2135 25 17 of

2606 2332 126 17 •onderfu

2561 2452 6 17 1
2589 2452 36 17 of
2643 2452 25 17 or

2764 2764 52 27 6d.
2858 2764 33 27 a

2356 2838 61 79 I)
2417 2838 123 79 OYAL

2428 2891 112 25 OPEN

2913 2839 252 33 VAUXIIAI

2565 3176 99 24 back-1

2302 3175 106 28 united
2431 3176 33 27 at
2485 3175 46 30 th(

2302 3211 66 33 The
2383 3213 117 39 Cirque
2513 3214 31 30 N

2302 3252 145 33 Vaulters
2461 3254 61 31 and
2539 3255 11 30 (

2302 3291 106 31 Grand
2433 3294 106 30 Ballet

2302 3331 157 30 Grandest
2472 3332 80 30 Ball(

2302 3370 231 28 commodation
2546 3370 50 30 for
2611 3372 91 35 5,000
2724 3381 112 25 person

2302 3406 28 30 A
2345 3406 203 36 magnificent
2559 3408 65 30 and
2636 3409 145 36 splendid
2803 3409 76 38 displ

2302 3444 68 31 first
2384 3444 235 31 Pyrotechnists
2633 3447 38 28 of
2682 3447 55 28 the
2751 3447 72 28 day.

2321 3570 231 77 ROYAL

2433 3617 120 31 GARD

2321 3655 76 30 —All
2414 3655 71 30 that
2502 3665 50 20 ren

2321 3694 137 28 ncidents
2482 3694 61 28 and

2317 3735 123 33 Spanish
2455 3735 55 28 Mir

2600 3572 137 33 SUM

2565 3617 172 28 ENS.-Er

2877 3302 22 20 )f
2915 3302 55 20 the
2992 3302 14 20 'I

2820 3343 104 17 platfor

2748 3573 99 33 I,EY
2888 3573 405 38 ZOOLOGICAL

2772 3661 209 27 BASTOPOI

2309 3847 304 79 VISITORS
2660 3850 69 39 TO
2778 3852 231 43 LONDON

2395 3899 87 33 leave
2494 3901 54 31 the
2564 3902 187 41 Metropolis
2761 3906 135 33 without
2909 3910 101 39 paying

2309 3939 151 31 ROYAL
2482 3940 213 41 GRECIAN,
2726 3945 74 39 City
2822 3946 101 38 Road,
2945 3951 65 30 undi

2309 3984 85 25 ment
2417 3980 35 31 of
2581 3983 173 38 Conquest.
2795 3987 79 31 This
2896 3987 113 33 Fairyla

2309 4024 54 25 has
2386 4024 99 35 justly
2507 4024 25 28 b(

2309 4058 120 31 World,
2444 4060 55 30 for,
2517 4061 16 28 fr

2557 4268 9 27 G
2578 4268 113 30 o'clock

2557 4304 24 30 it
2603 4306 43 28 is,
2668 4306 24 28 A

2313 4373 146 82 MR.
2493 4373 230 46 GEORGE
2759 4380 250 47 FISHER'S
3047 4387 31 39 B

2450 4427 134 38 Foreign
2619 4430 173 39 Dramatic,
2827 4435 35 33 M

2313 4463 124 39 Agency
2480 4465 61 33 Offi

2313 4502 145 31 Business
2472 4507 61 28 trar

2313 4542 112 33 branch
2439 4545 36 30 of
2498 4545 36 30 th

2313 4581 128 28 fessions
2452 4594 9 16 ;
2490 4583 22 27 'V

2317 4964 313 82 BOLENO'S
2660 4965 87 39 OPT

2431 5019 107 35 street,
2550 5019 143 38 opposite
2706 5019 41 31 the

2313 5054 121 33 Covent
2457 5057 135 31 Garden.
2638 5057 27 31 H
2672 5058 74 31 ARE

2313 5094 134 31 Theatre
2461 5096 102 38 Royal
2578 5098 169 38 Drury-lan

2313 5134 113 30 having
2441 5135 94 28 taken
2557 5137 55 27 the
2636 5137 98 27 above

2433 5376 142 28 Wishing
2587 5380 35 25 to
2636 5387 17 17 sc

2773 4554 118 24 Musical

2761 4795 52 20 atic
2825 4795 61 22 Art-

2761 4824 126 30 London

2778 4970 69 36 RA
2871 4970 197 39 STORES

2778 5020 107 27 Grand
2901 5020 159 27 Entrance
3066 5020 2 27 c

2754 5061 43 27 tY
2819 5061 184 27 BOLENO
3030 5061 19 27 a

2750 5227 11 19 f
2780 5227 55 19 the
2849 5227 17 19 fi

3106 4980 61 28 27,
3186 4980 31 28 B

2315 5542 277 87 GEORGE
2619 5542 246 49 DREDGE,
2910 5543 375 44 LETTERPRESS

2454 5594 348 36 LITHOGRAPHIC
2860 5597 65 33 and
2983 5597 282 38 COPPERPLAI

2315 5635 197 35 PRINTER
2526 5639 27 31 &
2569 5638 170 33 ENGRAI

2315 5677 98 33 HIGII
2435 5677 146 41 STREET,
2597 5679 142 33 WHITE(

2315 5723 30 27 to
2378 5720 146 35 acquaint
2554 5720 47 33 his
2635 5720 90 33 frieru

2756 5691 102 17 EIAPEI

2317 6047 150 28 business.
2510 6047 109 36 Cards,
2638 6047 101 31 Circul

2317 6083 61 33 Bill
2395 6085 113 31 [leads,
2528 6087 192 30 Pamphlets,

2334 6290 408 88 HOLLOWAY'S

2444 6345 146 41 ordinary
2602 6346 93 33 effect
2707 6357 35 22 on

2337 6386 41 30 11..
2395 6386 129 30 Charles
2539 6387 126 28 Wilson
2683 6392 58 24 stat

2753 6254 131 30 WAY'S
2906 6254 85 33 PILI

2753 6293 2 38 1
2783 6293 156 38 PILLS
2972 6294 19 36 h

2317 6679 99 24 health

2569 6917 60 31 FE
2685 6917 46 31 CI

2761 6924 104 25 OTH

2627 7131 5 27 )
2665 7131 33 27 J.
2729 7131 9 27 I

2998 6928 36 25 W
3043 6928 76 25 AA
3128 6928 104 25 TED

3324 5762 6 69 I
3324 5762 6 69 1
3353 5762 46 11 Kul

3387 5820 11 33 il

3329 6224 5 22 I
3409 6231 24 14 ix

3419 124 597 41 OOKING-GLASSES

3639 181 20 28 L
3712 181 101 30 PLAT

3639 1027 260 46 PARLEY'S
3970 1036 87 39 JOt

3855 1532 99 22 —His
3976 1532 22 22 G

3778 1713 88 30 VEN
3880 1713 124 31 POOR
4017 1717 14 28 I

3896 2014 71 25 so

3945 2143 66 19 1q!;_
4036 2145 8 17 T

3762 5665 25 30 N
3809 5665 128 33 MARK

3717 5920 35 24 74
3791 5920 35 24 10

3746 5962 5 25 5
3809 5962 41 25 01
3871 5962 8 25 1

228 2661 151 22 versation

272 2698 63 31 Mr.
353 2698 128 31 Charles
498 2698 198 41 Peppercorn
713 2707 63 24 was
791 2699 80 31 then
887 2699 110 38 called,
1025 2699 63 33 and
1115 2699 99 33 added

228 2743 35 31 to
280 2740 49 33 his
345 2742 145 43 previous
506 2743 150 31 evidence
671 2743 71 31 that
756 2743 57 33 the
839 2743 137 41 cheques
992 2745 162 43 produced
1170 2745 30 31 fo

228 2786 55 35 the
299 2789 131 30 amount
446 2787 36 33 of
493 2787 123 33 8,2331.
644 2789 68 31 13s.
737 2787 65 33 Bd.,
828 2789 96 31 dated
951 2789 33 31 in

228 2833 91 30 those
332 2833 91 39 given
439 2833 43 39 by
496 2833 79 31 him.
620 2833 68 31 The
702 2833 140 38 witness,
858 2843 41 22 on
926 2833 91 43 being

228 2876 55 33 the
299 2877 102 33 order,
419 2877 102 33 stated
537 2877 69 33 that
622 2877 41 31 he
679 2877 65 33 had
754 2888 41 22 no
811 2877 79 33 such
904 2877 96 33 book.

1069 2802 41 24 )t.,
1137 2802 33 20 WE

228 2923 112 31 shown
356 2932 19 22 a
389 2923 118 31 certain
523 2923 96 36 book,
635 2923 41 31 he
691 2923 68 31 said
775 2923 55 31 the
855 2924 115 31 entries
997 2924 31 31 in
1046 2924 25 31 it
1085 2935 83 22 were
1181 2923 2 36 i

228 2965 46 33 his
291 2965 230 44 band-writing
532 2980 8 24 ;
565 2969 41 30 he
622 2969 93 31 made
732 2969 54 31 the
803 2970 93 39 entry
906 2969 102 33 which
1022 2970 39 30 he
1074 2970 63 30 had
1150 2970 33 39 ju

228 3020 85 30 seen,
337 3016 33 28 at
394 3011 55 33 the
466 3011 140 43 banking
619 3011 98 33 house
732 3013 36 31 of
781 3013 57 31 the
854 3014 153 39 prisoner.
1052 3014 31 31 It
1099 3025 63 20 was
1175 3025 8 20 a

228 3055 91 33 order
329 3061 33 27 to
373 3057 153 38 purchase
543 3057 49 31 for
608 3058 58 31 Dr.
685 3058 140 31 Griffiths
841 3058 109 33 20001.
967 3058 109 33 Dutch
1096 3058 87 33 Bond

228 3102 55 30 the
299 3102 148 31 numbers
463 3102 35 30 of
518 3102 58 31 the
589 3102 102 31 bonds
709 3102 176 41 purchased
902 3112 90 30 were,
1017 3106 101 35 3733,
1140 3104 77 36 460,

228 3143 76 38 378,
320 3146 76 33 459,
411 3146 77 36 458,
504 3146 77 31 457.
625 3146 77 30 This
718 3146 151 39 purchase
887 3154 65 22 was
965 3148 135 31 effected
1121 3146 96 33 about

230 3187 57 31 the
302 3187 82 31 20th
400 3187 148 39 January.
603 3187 233 41 Subsequently
860 3189 43 30 he
928 3189 180 39 purchased
1132 3200 85 20 some

230 3239 90 24 more
337 3230 107 31 Dutch
460 3230 113 36 bonds,
597 3239 118 31 among
739 3230 106 31 which
871 3239 65 22 was
962 3241 60 20 one
1046 3231 172 31 numbered

231 3274 99 31 3348.
376 3272 50 33 On
443 3272 83 33 June
543 3274 54 35 29,
614 3274 98 36 1843,
726 3272 43 31 he
792 3272 93 31 made
910 3274 135 30 another
1071 3274 94 31 order
1189 3274 28 31 of

231 3318 123 36 30,000
370 3317 110 31 Dutch
510 3317 120 35 florins,
647 3317 43 38 21
713 3324 55 30 per
789 3321 96 31 cer.t.,
909 3317 65 30 and
997 3317 68 31 also
1088 3317 129 31 another

231 3359 156 41 purchase
403 3359 36 31 of
466 3359 117 36 10,000
597 3359 110 31 Dutch
723 3359 43 39 21
780 3369 57 30 per
850 3362 112 35 cents.,
986 3369 43 20 on
1044 3359 55 31 the
1115 3361 58 30 Bth
1189 3361 28 30 of

233 3403 87 39 July,
339 3403 94 30 1843.
479 3402 68 31 The
562 3403 137 39 writing,
759 3403 66 30 The
854 3403 72 30 Rev.
954 3403 87 30 John
1066 3403 126 31 Griffith

231 3455 90 31 upon
332 3446 55 31 the
403 3446 123 41 bought
540 3449 77 28 note
625 3446 36 31 of
674 3446 65 31 this
754 3446 194 31 transaction
965 3455 61 22 was
1044 3447 60 30 Mr.
1115 3447 102 31 Bates'

255 3491 14 2 -
277 3491 66 30 Mr.
359 3491 269 38 Parry.—Where
658 3491 55 30 did
743 3499 63 30 you
830 3491 54 38 get
910 3491 71 30 that
995 3494 76 27 note
1094 3491 83 31 from
1191 3493 13 30 ?

280 3534 60 33 Dr.
356 3534 126 31 Griffith
498 3534 106 31 stated
614 3532 71 31 that
713 3532 25 31 it
759 3542 65 22 was
852 3537 69 28 sent
946 3537 35 28 to
1008 3534 65 31 him
1099 3535 43 39 by
1167 3535 54 31 the

235 3576 135 33 bankers
395 3578 33 31 in
452 3587 123 22 answer
595 3581 35 27 to
652 3576 50 31 his
717 3576 96 31 letter
827 3576 156 41 directing
997 3578 90 28 them
1102 3581 31 27 to
1150 3587 54 30 pur-

235 3622 94 33 chase
345 3630 88 22 some
452 3620 107 31 Dutch
573 3620 104 30 bonds
688 3628 41 22 on
745 3619 50 31 his
811 3622 145 28 account.

280 3666 63 31 Mr.
359 3666 134 39 Parry—
502 3663 157 43 (handing
674 3663 57 31 the
751 3663 172 31 document
937 3665 35 30 to
987 3661 63 33 Mr.
1068 3663 109 44 Bates)
1183 3682 38 6 —

235 3710 98 33 asked
345 3709 66 33 him
430 3707 143 33 whether
587 3707 55 31 the
652 3707 102 31 words
765 3717 83 22 were
866 3707 126 31 written
1008 3707 41 41 by
1065 3707 66 33 him
1142 3710 13 30 ?

279 3754 63 33 Mr.
356 3754 93 30 Bates
466 3751 162 33 answered
639 3751 31 33 in
687 3751 57 33 the
759 3751 195 33 affirmative.

279 3797 61 35 Mr.
359 3798 85 31 John
474 3797 77 36 Hill,
576 3797 36 31 of
633 3797 33 36 3,
693 3797 335 36 Bartholomew-lane,
1055 3794 65 35 was
1145 3797 76 31 then

235 3843 112 36 called,
372 3843 63 31 and
460 3841 104 31 stated
578 3841 71 31 that
665 3839 55 33 the
737 3839 167 39 purchases
921 3841 35 31 of
978 3839 118 33 certain
1117 3841 104 33 Dutch

236 3885 98 33 Stock
350 3894 65 22 was
430 3887 91 31 made
535 3885 50 31 for
602 3885 57 31 Dr.
677 3883 134 38 Griffith,
836 3888 35 27 to
896 3883 146 41 upwards
1058 3885 36 31 of
1102 3885 118 39 50001.,

235 3929 63 33 and
315 3929 71 38 duly
406 3929 156 31 delivered
580 3932 33 27 to
627 3929 55 30 the
696 3928 85 31 bank
797 3928 35 31 of
857 3928 148 38 Strahan,
1024 3929 74 30 Paul
1115 3929 28 31 &
1156 3929 55 33 Co.

280 3973 63 31 Mr.
364 3973 121 31 Bodkin
502 3972 104 31 stated
624 3972 71 31 that
710 3972 88 31 these
814 3981 82 22 were
913 3972 41 31 all
980 3973 57 30 the
1063 3973 157 33 witnesses

235 4016 43 33 he
287 4017 154 41 proposed
460 4017 117 39 calling
592 4016 77 31 with
685 4020 161 36 respectto
858 4017 55 30 the
924 4017 151 38 purchase
1088 4017 35 30 of
1137 4017 83 33 these

236 4060 112 38 bonds,
365 4061 61 30 and
441 4061 39 30 he
496 4060 115 31 should
628 4069 71 22 now
717 4060 60 31 call
803 4061 162 30 witnesses
992 4060 33 31 fb
1049 4069 96 31 prove
1170 4063 50 30 the

235 4106 117 41 receipt
370 4104 35 31 of
428 4106 54 30 the
499 4104 164 31 dividends
680 4104 117 43 arising
808 4113 41 22 on
866 4106 90 31 these
972 4106 101 31 bonds
1102 4106 43 41 by
1170 4106 50 31 the

236 4148 85 33 bank
337 4148 36 33 of
395 4148 145 35 Strahan,
561 4148 74 31 Paul
652 4148 27 31 &
693 4148 55 31 Co.

279 4195 109 31 James
416 4195 102 33 Allen,
550 4195 52 35 22,
635 4195 307 39 Cloudesly-square,
967 4195 167 41 Islington,
1161 4195 46 31 for-

236 4241 99 38 merly
353 4249 16 19 a
386 4238 85 33 clerk
487 4238 33 30 in
545 4238 57 30 the
619 4238 82 31 hank
728 4238 36 31 of
792 4238 146 38 Strahan,
965 4239 76 31 Paul
1068 4239 61 31 and
1156 4239 65 38 Co.,

236 4282 104 33 stated
357 4282 69 31 that
444 4291 41 30 up
502 4288 33 24 to
553 4280 54 31 the
622 4282 60 30 end
699 4280 36 31 of
751 4283 82 28 1g53
850 4282 25 30 it
887 4293 63 20 was
967 4283 47 30 his
1027 4283 79 39 duty
1121 4288 33 27 to
1170 4290 50 25 cut

236 4328 47 30 off
298 4326 55 31 the
369 4334 150 31 coupons.
564 4324 66 31 The
646 4324 52 31 list
713 4324 159 43 produced
902 4335 61 24 was
986 4328 90 31 made
1102 4334 55 25 out
1184 4328 36 41 by

236 4370 77 31 him.
361 4370 30 31 It
408 4378 61 24 was
482 4380 17 20 a
513 4369 54 33 list
583 4369 36 31 of
631 4369 55 33 the
702 4378 139 31 coupons
869 4375 54 27 cut
948 4372 79 30 from
1044 4372 54 31 the
1118 4373 102 31 Dutch

236 4414 120 36 Bonds,
372 4424 85 30 upon
472 4413 106 33 which
594 4413 57 33 the
661 4413 85 33 bank
756 4413 143 33 received
912 4414 55 33 the
978 4416 164 33 dividends
1153 4417 68 36 due,

236 4458 61 33 and
315 4468 117 25 among
447 4457 57 33 the
523 4457 164 33 dividends
704 4468 36 22 so
757 4457 151 36 received,
937 4468 87 24 some
1050 4469 80 24 were
1157 4471 47 22 cre-

236 4502 87 33 dited
339 4506 33 28 to
389 4501 57 33 Dr.
465 4502 139 31 Grrffith.
650 4502 68 31 The
746 4502 126 31 witness
896 4502 77 31 then
1002 4506 173 36 proceeded
1191 4509 30 28 to

236 4548 123 39 explain
376 4546 55 31 the
449 4546 123 31 various
589 4546 117 31 entries
731 4546 30 31 in
789 4546 54 30 the
869 4546 31 31 bo
901 4546 16 31 ,
931 4546 38 31 ks
997 4546 36 31 of
1058 4548 55 31 the
1140 4548 69 31 bani

236 4592 76 28 with
329 4591 113 30 regard
458 4594 35 27 to
509 4591 55 30 the
581 4600 85 20 sums
683 4591 142 30 credited
841 4594 33 27 to
888 4591 57 30 Dr.
964 4591 134 30 Griffith.
1157 4594 52 27 Tilt

235 4636 102 31 whole,
353 4636 35 31 of
408 4636 55 30 the
476 4636 117 31 entries
616 4639 33 27 to
665 4636 106 31 which
787 4636 39 30 he
843 4636 63 30 had
923 4636 137 31 referred
1071 4646 82 22 were
1170 4643 43 27 not

235 4679 33 33 in
283 4679 50 33 his
348 4679 224 44 handwriting.
617 4679 66 33 The
701 4690 39 22 en
757 4680 60 31 ries
833 4687 35 25 to
893 4680 104 30 which
1024 4680 39 31 he
1088 4680 65 33 had
1175 4691 38 22 re.

235 4723 101 33 ferred
353 4734 33 22 as
405 4729 54 27 not
480 4728 35 28 to
545 4728 79 28 have
649 4723 79 33 been
753 4723 33 33 in
813 4723 49 33 his
890 4723 230 44 band-writing
1145 4735 68 22 were

235 4767 91 31 made
342 4767 41 31 by
402 4769 60 30 Mr.
482 4767 120 31 Bates's
619 4776 66 22 son.

279 4814 60 28 Mr.
364 4814 118 39 Joseph
509 4814 146 38 Simpson
683 4814 124 30 Beattie
835 4820 63 22 was
921 4814 77 30 then
1027 4814 112 36 called,
1165 4816 58 30 and

233 4855 104 33 stated
354 4857 69 30 that
441 4857 39 30 he
494 4865 66 22 was
576 4866 17 20 a
617 4857 85 33 clerk
726 4857 31 30 in
775 4855 55 31 the
846 4857 202 41 Temple-bar
1061 4857 117 33 branch
1195 4858 28 31 of

231 4899 58 33 the
317 4899 222 33 Westminster
569 4901 98 33 Bank.
713 4901 49 31 lie
778 4899 65 31 had
866 4901 80 31 been
972 4912 17 22 a
1005 4902 85 30 clerk
1123 4901 33 33 in
1173 4902 50 31 the

231 4943 99 33 house
346 4945 36 31 of
408 4945 135 31 St►ahan
561 4946 60 30 and
649 4946 66 36 Co.,
731 4945 63 31 and
819 4945 39 31 he
883 4945 63 31 had
973 4945 143 31 received
1143 4956 80 22 some

231 4997 142 33 coupons
387 4987 80 33 from
499 4987 58 33 Mr.
576 4991 104 38 Allen,
704 4998 87 33 upon
809 4987 106 33 which
935 4989 41 31 he
997 4989 150 31 obtained
1176 4992 47 31 the

231 5031 176 33 dividends.
454 5035 49 30 An
520 5038 90 36 entry
625 5035 33 31 in
674 5035 55 31 the
746 5033 172 43 pass-book
934 5033 35 31 of
986 5035 83 31 1171.
1090 5035 65 31 14s.
1178 5036 46 31 2d.

230 5079 35 30 to
282 5076 55 33 the
353 5083 134 27 account
504 5079 33 31 of
554 5079 54 31 Dr.
625 5079 124 31 Griffith
767 5087 63 24 was
846 5077 93 33 made
953 5079 43 39 by
1011 5079 77 31 him.
1120 5079 30 33 It
1167 5088 57 24 was

230 5120 94 35 dated
342 5123 55 30 the
416 5123 47 30 Ist
482 5123 35 31 of
540 5123 120 38 March,
677 5123 63 31 and
767 5131 63 24 was
850 5123 52 33 for
920 5123 47 33 six
987 5123 140 33 months'
1146 5123 63 35 divi-

228 5165 83 33 dend
328 5165 36 33 of
376 5165 121 33 Danish
515 5169 17 30 5
550 5176 57 28 per
620 5172 83 27 cent.
718 5167 101 31 stock.

276 5213 60 30 Mr.
369 5213 124 31 Bodkin
524 5213 69 30 said
619 5213 39 30 he
687 5213 54 30 did
765 5213 55 30 not
846 5220 90 22 mean
961 5213 33 30 to
1022 5213 126 31 trouble
1175 5213 50 33 the

233 5257 180 41 magistrate
441 5255 76 33 with
543 5266 60 31 any
624 5255 123 33 further
772 5255 162 39 evidence,
961 5257 61 31 and
1047 5257 39 33 he
1115 5257 110 33 should

233 5299 157 31 therefore
416 5302 54 28 ask
494 5301 55 30 the
578 5301 183 44 magistrate
787 5306 33 28 to
847 5301 131 33 commit
1005 5302 55 33 the
1076 5304 104 31 whole
1197 5304 28 31 of

233 5343 54 31 the
304 5343 154 38 prisoners
474 5345 50 31 for
539 5345 83 31 trial.

276 5389 63 30 Mr.
356 5389 106 38 Parry,
479 5397 39 22 on
535 5389 55 30 the
608 5392 69 36 part
693 5389 36 30 of
748 5389 61 31 Mr.
835 5389 104 38 Bates,
959 5391 71 31 said
1050 5391 72 33 that
1137 5392 88 31 there

235 5443 61 22 was
323 5438 57 27 not
405 5431 57 31 the
482 5431 148 41 slightest
650 5431 148 33 evidence
824 5433 124 43 against
967 5435 60 33 Mr.
1046 5436 104 36 Bates,
1167 5439 58 30 and

235 5476 156 33 therefore
416 5476 41 31 he
482 5476 173 33 submitted
669 5477 72 31 that
756 5477 41 31 he
820 5479 101 39 ought
935 5483 36 27 to
987 5479 39 33 be
1043 5479 183 46 discharged

235 5520 77 31 from
331 5520 143 31 custody.

279 5565 60 31 Mr.
356 5565 131 31 Jardine
502 5565 80 36 said,
598 5565 43 31 he
657 5565 96 33 could
764 5567 57 30 not
836 5567 161 41 asquiesce
1011 5567 31 31 in
1060 5569 55 33 the
1131 5570 80 41 appli-

235 5609 104 33 cation
356 5609 35 33 of
414 5609 60 33 Mr.
493 5608 106 43 Parry.
646 5609 49 33 He
712 5609 115 35 should
847 5609 161 36 therefore
1030 5616 128 33 commit
1175 5616 52 35 the

235 5657 102 33 whole
353 5655 36 35 of
411 5657 57 31 the
483 5657 157 41 prisoners
655 5657 49 33 for
720 5657 72 33 trial
819 5661 31 28 at
872 5658 57 33 the
956 5663 74 30 next
1046 5661 134 33 sessions
1197 5665 30 30 of

235 5702 57 30 the
307 5701 66 31 Cen
391 5702 44 30 ral
452 5701 151 31 Criminal
620 5702 110 30 Court.

282 5750 60 30 Mr.
375 5750 123 30 Beattie
540 5750 104 28 stated
674 5750 71 30 that
773 5750 43 30 he
843 5757 65 24 was
939 5750 137 33 director
1104 5750 38 35 of
1175 5753 49 33 the

236 5791 153 33 National
408 5791 65 33 Life
490 5791 178 33 Assurance
683 5792 68 36 Co.,
769 5794 85 39 King
872 5794 258 33 William-street.
1178 5797 46 33 He

236 5836 187 35 recollected
450 5836 71 31 that
546 5836 50 31 Sir
624 5835 28 33 J.
674 5836 76 31 Paul
780 5838 102 31 called
912 5847 83 31 upon
1028 5839 61 33 him
1120 5841 30 31 in
1178 5843 46 30 the

236 5893 72 31 year
332 5883 94 36 1853,
452 5882 61 31 and
531 5882 124 31 wanted
671 5883 35 28 to
723 5882 79 31 raise
817 5891 19 22 a
854 5883 69 30 loan
939 5883 36 30 of
998 5885 154 38 20,000/.;
1175 5887 49 31 hut

236 5928 57 31 the
313 5928 118 31 society
458 5934 54 25 not
537 5926 96 33 being
657 5926 69 31 able
751 5934 33 25 to
809 5926 72 33 lend
906 5939 113 20 money
1041 5939 43 20 on
1112 5931 112 28 foreign

236 5975 117 38 stocks,
372 5975 38 33 he
433 5973 246 33 recommended
694 5973 66 31 him
786 5976 35 28 to
843 5973 55 31 the
926 5973 98 35 Stock

236 6020 39 33 In
294 6020 121 39 March,
435 6020 96 38 1854,
546 6019 50 35 Sir
613 6019 85 33 John
731 6017 98 35 called
857 6028 83 31 upon
961 6019 66 35 him

236 6068 128 33 wanted
378 6079 19 22 a
409 6068 74 33 loan
501 6066 36 35 of
564 6077 19 24 a
613 6066 118 33 similar
746 6069 129 28 amount
893 6076 85 33 upon
1009 6068 27 31 fo

236 6112 98 35 cities.
378 6113 101 33 There
506 6113 96 43 being
622 6112 79 33 then
717 6123 87 22 some
819 6112 162 41 difficulty,
1000 6112 36 33 Sii

238 6157 57 33 the
310 6159 106 31 stocks
430 6161 104 41 might
550 6161 39 33 be
605 6159 80 39 sold,
701 6157 63 33 and
791 6157 57 33 the
876 6157 161 33 securities

238 6205 167 41 sequently
427 6205 68 33 sold
521 6206 43 41 by
591 6206 129 33 Messrs.
737 6205 109 33 Foster
860 6205 63 33 and
942 6203 94 35 Braitl

238 6249 135 33 realised
395 6249 54 33 the
465 6260 69 22 sum
551 6250 36 31 of
611 6250 140 39 12,281/.
769 6252 47 31 ss.
861 6250 50 33 He
934 6260 79 35 gave
1035 6249 2 46 '

236 6294 43 35 he
294 6293 63 35 had
373 6294 143 33 received
531 6301 35 27 to
594 6294 49 35 Sir
658 6298 87 33 John
764 6296 87 39 Paul,
876 6307 35 24 as
935 6298 43 33 he
1002 6294 35 35 ha

236 6345 35 31 to
287 6340 126 43 dispose
427 6340 36 31 of
476 6342 55 31 the
546 6339 83 35 bond
647 6342 49 33 for
710 6343 77 33 him.

283 6389 61 35 Mr.
373 6389 137 31 Thomas
542 6389 102 38 Allen,
674 6389 98 43 lately
797 6402 17 22 a
838 6391 87 36 clerk
956 6391 31 33 in
1014 6389 57 35 the
1093 6389 69 33 banl

266 6438 110 31 trahan
403 6433 65 35 and
491 6433 66 36 Cp.,
575 6431 57 35 but
654 6443 72 24 now
746 6438 139 31 residing
906 6443 41 27 at.
969 6438 60 31 No.
1054 6438 33 31 3,
1120 6435 43 35 Co

238 6487 162 39 Cottages,
419 6483 208 38 Hampstead,
643 6483 101 28 stated
769 6483 71 30 that
861 6487 55 31 the
934 6490 90 38 entry
1039 6483 31 36 in
1088 6483 33 31 th

236 6531 87 33 book
339 6539 41 22 on
397 6528 54 31 the
471 6528 49 31 Ist
532 6524 36 31 of
583 6524 112 33 March
710 6535 65 22 was
802 6526 33 31 in
860 6528 50 33 his
935 6529 186 36 haddwritin

236 6586 65 24 was
317 6573 50 35 for
387 6572 99 36 1211.,
512 6569 142 33 received
680 6580 33 22 as
740 6570 165 35 dividends
932 6584 43 25 on
1000 6576 77 31 Dut(

236 6622 49 33 On
301 6622 71 31 that
387 6620 61 39 day
465 6617 57 33 Dr.
539 6614 126 35 Griffith

279 6668 63 30 Mr.
357 6666 121 31 Logan,
494 6663 66 31 also
575 6660 151 38 formerly
737 6669 19 20 a
772 6660 85 33 clerk
879 6661 33 31 in
928 6663 55 31 the
998 6674 25 20 s(

238 6710 164 38 prisoners,
419 6710 117 43 proved
553 6717 41 22 an
613 6710 91 35 entry
728 6710 35 24 to
786 6710 55 25 the
861 6710 101 27 credit
978 6710 35 28 of
1035 6710 58 28 Dr.
1109 6710 121 30 Griffith

238 6759 41 20 on
304 6753 55 30 the
387 6756 44 27 3d
457 6751 142 31 October
622 6748 35 31 of
687 6748 85 30 1411.
805 6750 57 33 55.,
887 6757 41 22 on
957 6753 137 28 account
1124 6753 36 30 of
1186 6753 44 30 six

236 6798 142 28 month's
403 6798 151 28 dividend
580 6803 43 24 on
649 6798 104 25 Dutch

231 7065 101 30 clerks
348 7065 36 28 of
408 7065 134 27 Strahan
564 7065 61 27 and
641 7065 68 33 Co.,
726 7065 41 28 he
783 7065 137 36 thought
935 7065 72 28 that
1024 7069 69 33 part
1117 7065 38 28 of
1175 7068 9 25 t

1002 7106 25 31 11
1050 7106 65 31 Mr.
1139 7106 16 31 A
1154 7106 30 31 1(

230 7115 71 25 case
317 7115 20 20 il
346 7113 35 27 as
403 7106 169 35 complete,
586 7106 65 30 and
672 7106 39 33 he

2312 205 69 41 P
2395 205 131 41 OYAI

2307 302 52 35 irg
2372 302 55 28 the
2439 302 96 35 week,

2307 337 33 31 of
2357 339 55 30 the
2436 339 99 30 North

2312 539 101 28 Magic
2425 539 63 28 and
2512 539 46 28 My

2306 942 167 24 box-office
2485 942 28 25 is
2526 946 25 30 or

2306 973 35 30 of
2356 973 66 31 Mr.
2447 975 104 30 Chattc

2306 1054 90 30 doors
2408 1063 80 28 open
2502 1058 31 27 at
2548 1054 6 38 I

2389 1110 165 41 GYPTI.

2320 1164 20 27 I
2425 1164 76 39 begs
2523 1169 31 30 to

2306 1203 169 33 HUMAN
2491 1206 63 33 PH]

2306 1243 175 41 (Christina
2491 1247 63 31 and

2306 1283 54 31 has
2381 1285 109 30 linked
2507 1285 41 30 by

2309 1526 55 28 and
2378 1526 82 31 their
2474 1526 80 33 Guar

2309 1562 219 39 Philadelphia,
2545 1569 9 30 I

2569 113 441 38 ADVERTISEMENTS

2595 209 178 35 LYCEU

2559 266 28 25 nt
2603 266 290 28 Success.—THlS
2917 266 113 30 EVEN

2559 302 200 31 PROFESSOR
2767 302 209 39 ANDERSON,
2987 307 43 30 the

2595 343 128 30 Houses
2745 343 157 38 thronged
2923 350 35 25 to
2980 346 50 28 the

2559 381 139 28 edented.
2740 381 162 28 Laughter
2917 384 113 25 unlimil

2561 1027 28 20 )n
2613 1019 112 30 Saturd

2561 1057 142 39 lalf-past
2717 1058 13 30 1

2562 1113 79 38 AN
2661 1113 154 38 HALL

2754 1028 24 27 y,
2800 1027 123 28 Septem

2584 1170 112 28 inform
2720 1170 55 30 the
2795 1170 107 39 public
2923 1170 71 31 that
3005 1170 2 39 I

2584 1208 208 31 NOMENA,
2806 1209 57 30 the
2879 1211 128 28 AFFRI

2854 1261 39 14 irs
2907 1254 46 22 old

2817 1291 27 28 4e
2865 1291 79 28 band

2830 1332 9 25 I
2852 1332 55 25 the
2921 1340 47 17 mo

2901 1117 66 39 Nir.
2983 1117 47 39 E.
3046 1118 43 38 T.
3110 1118 181 38 SMITH
3310 1113 5 43 I

3006 1302 63 19 )out
3082 1302 39 19 19
3134 1302 5 19 i

2581 1817 19 17 1.
2641 1814 69 20 The

3309 1646 5 38 I
3337 1646 109 38 Mil

3309 2230 5 38 I
3335 2230 68 38 el
3411 2230 217 38 OUNTR/

3312 3063 6 83 I
3340 3063 294 83 COMMON
3688 3071 299 46 BLUNDERS

3458 3123 115 25 SPEAI

3613 3403 39 24 ily
3663 3403 71 24 bird

3605 3598 172 30 —Weekly
3784 3598 14 30 1

3417 3650 633 47 rISPRONTJNCIATI(

3313 4416 8 27 I
3342 4416 31 50 -
3373 4416 285 50 vpiTANTED
3691 4416 266 41 LEFT-OFF

3313 4466 6 28 I
3373 4466 19 28 Y
3504 4468 306 27 AUSTRALIA.—
3819 4468 63 27 Mr.
3902 4471 55 24 and

3293 5094 145 80 iP!

3472 5098 151 33 RSONE

3701 5102 58 36 IN
3805 5102 172 41 WANT
4006 5112 50 31 OI

3346 5191 107 17 COMI

3465 5191 113 30 'ANY.
3620 5191 25 31 0

3465 5227 99 31 chapel
3580 5230 66 28 Hizl

3627 5357 8 25 )
3676 5357 55 27 UP

3660 5573 124 30 NIARK

3901 5580 113 31 cEWS

3620 6469 52 19 )5s
3696 6469 61 24 Od;
3798 6469 11 24 1

4088 31 49 36 22,
4165 31 99 36 1855

4192 139 102 36 COM-

4162 187 165 30 MPANY,

4183 1672 139 30 IRD'S

4176 1732 128 20 LLERS

4167 3090 44 33 )E
4260 3090 57 33 IN

4169 3387 50 19 ion
4233 3383 39 24 bit

4180 3669 146 35 COR-

4181 4098 101 33 Privet

4191 4191 135 30 Address,

4164 4424 80 38 IES
4272 4424 49 41 fox

4164 4485 11 20 g
4191 4476 131 30 ISAACS.

4165 4797 113 28 Clothie

4165 4830 13 31 .)
4205 4831 74 30 N.B

4194 4997 50 27 ion
4271 4997 61 27 and

4176 5117 156 39 ONEY

4176 5170 13 28 t
4209 5169 123 30 LOAN

4231 5250 101 28 tained

4176 6553 6 28 i
4205 6553 79 28 kind
4309 6553 27 24 of
