3432 4984
616 405 58 100 ^
684 399 68 105 ^
770 401 61 102 ^
844 446 128 57 MU
991 400 61 101 ^
1066 420 71 64 K

232 682 110 51 Wie
372 683 50 49 in
453 678 221 53 Amerika
717 676 243 66 geheiratet
998 673 142 52 wird!

341 752 66 43 Auf
430 751 51 35 der
500 751 89 41 Reise
601 748 161 47 Kossuth's
776 749 90 44 durch
879 748 46 34 die
938 744 202 46 Vereinigten

233 795 139 38 Staaten
383 795 245 35 Nordamerikas
643 793 129 45 besuchte
788 805 31 23 er
829 794 69 42 auch
910 790 97 43 seinen
1017 789 107 35 Lands­

231 850 97 27 mann
335 839 130 45 Ujhazy,
478 840 124 43 welcher
616 839 53 45 sich
683 840 55 34 mit
747 840 80 34 einer
841 835 194 45 ungarischen
1045 834 79 35 Kolo­

230 885 50 36 nie
292 885 43 34 im
360 891 169 36 entfernten
552 884 120 44 Westen
685 881 245 44 niedergelassen.
947 879 104 42 „Bald
1065 878 71 43 nach

231 930 53 35 der
308 930 135 44 Ankunft
460 928 152 46 Ujhazy's
631 940 39 24 an
687 929 56 34 den
760 928 95 41 Usern
872 926 54 33 des
945 923 193 45 Thompson-

231 974 157 47 Flusses",
420 975 133 44 erzählte
578 973 153 35 Madame
755 970 136 44 Pulßky,
922 969 71 42 „als
1019 979 33 23 er
1075 968 63 33 und

230 1019 78 42 seine
332 1018 175 46 Gefährten
531 1019 87 34 kaum
647 1017 70 44 noch
742 1016 49 42 ihr
815 1015 70 43 Zelt
910 1012 228 46 aufgeschlagen

229 1064 116 44 hatten,
370 1064 126 44 erschien
518 1064 46 35 ein
581 1063 109 42 junger
706 1059 245 45 .Hinterwäldler
966 1068 39 33 zu
1021 1057 118 45 Pferde

229 1109 57 35 mit
310 1108 52 36 der
381 1109 117 45 Frage:
527 1108 134 42 „Welche
685 1106 35 40 ist
745 1105 45 35 die
809 1104 127 44 Tochter
962 1104 54 33 des
1042 1112 83 32 unga­

229 1154 113 45 rischen
354 1154 200 36 Generals?"
582 1151 151 42 Fräulein
745 1148 131 46 Ujhazy,
893 1148 107 44 welche
1013 1146 125 45 englisch

229 1199 115 45 sprach,
381 1198 170 42 erkundigte
577 1196 62 42 sich,
676 1201 70 28 was
777 1205 32 23 er
832 1204 63 25 von
918 1192 49 45 ihr
992 1192 144 42 wünsche.

232 1244 79 45 „Ich
329 1243 120 44 glaube,
471 1241 60 41 daß
550 1246 33 30 es
600 1239 70 45 Zeit
687 1241 53 41 für
757 1239 73 43 mich
847 1238 45 42 ist,
914 1248 37 32 zu
967 1236 171 44 heiraten",

228 1297 69 26 war
320 1287 47 35 die
390 1287 158 41 Antwort,
586 1286 82 41 „und
696 1285 42 42 ich
768 1284 54 34 bin
845 1283 184 45 gekommen,
1055 1281 82 43 'mich

228 1333 114 45 Ihnen
365 1342 68 33 zum
459 1331 118 35 Gatten
602 1328 210 45 anzubieten."
840 1328 62 36 Die
926 1326 91 45 juuge
1036 1326 103 36 Dame

228 1377 89 45 brach
342 1376 33 36 in
399 1377 49 34 ein
472 1375 164 43 Gelächter
664 1380 73 36 ans,
772 1373 94 35 allein
901 1373 49 42 ihr
986 1371 154 42 seltsamer

229 1423 108 42 Freier
363 1421 136 35 erklärte,
530 1420 60 41 daß
616 1426 34 28 es
675 1420 62 43 ihm
762 1419 97 33 voller
886 1417 92 42 Ernst
1002 1416 50 42 sei,
1078 1415 61 42 daß

229 1477 33 26 er
286 1476 78 35 ganz
395 1466 33 34 in
459 1466 53 34 der
537 1465 91 44 Nähe
663 1463 111 44 wohne
809 1463 63 35 und
906 1461 99 40 ihrem
1040 1460 101 36 Vater

229 1513 60 35 alle
313 1510 86 52 Hilfe
424 1511 102 43 leisten
551 1511 101 40 wolle,
678 1509 46 34 die
749 1508 31 35 in
806 1507 94 43 seiner
919 1506 109 44 Macht
1052 1506 85 44 stehe.

229 1557 61 35 Als
316 1565 32 26 er
373 1555 98 45 jedoch
495 1556 87 43 fand,
607 1553 61 42 daß
692 1563 74 25 man
791 1554 55 42 auf
870 1552 62 43 sein
955 1549 185 38 Anerbieten

228 1600 78 46 nicht
343 1601 133 44 eingehe,
513 1600 53 35 ritt
592 1610 31 23 er
648 1598 123 45 sogleich
797 1608 62 24 von
895 1596 132 42 dannen,
1064 1596 77 41 ohne

229 1647 65 44 daß
316 1657 32 24 er
372 1646 146 43 während
543 1645 52 35 der
609 1643 256 45 Unterhandlung
879 1652 72 24 vom
964 1640 117 45 Pserde
1095 1650 33 33 ge­

229 1693 111 43 stiegen
349 1694 93 32 wäre.
453 1691 62 36 Die
524 1689 131 45 Ungarn
668 1688 146 43 erfuhren
825 1687 112 42 später,
950 1685 60 44 daß
1024 1695 73 25 man
1109 1685 33 34 in

230 1737 57 35 den
311 1734 255 46 Hinterwäldern
590 1733 76 44 nicht
679 1734 76 34 viele
779 1733 71 42 Zeit
862 1739 55 27 mtt
932 1730 211 45 Courmacheu

230 1781 131 36 verliere
397 1780 74 35 oder
506 1780 56 34 den
599 1779 154 43 Mädchen
788 1776 177 46 überhaupt
999 1786 59 24 vor
1090 1776 53 33 der

231 1826 113 45 Heirat
368 1826 77 34 viele
470 1824 266 44 Aufmerksamkeit
761 1823 88 43 zeige.
891 1823 67 34 Der
984 1820 158 42 Ansiedler

230 1871 117 45 besucht
369 1870 101 43 seinen
493 1870 57 34 mit
574 1868 194 36 mannbaren
791 1867 152 45 Töchtern
968 1866 175 43 gesegneten

231 1915 156 46 Nachbar,
424 1915 98 44 fragt:
566 1914 88 42 „Wie
689 1912 142 43 befinden
868 1912 62 35 Sie
966 1910 95 44 sich?"
1101 1930 42 4 —

232 1961 64 45 setzt
319 1960 54 45 sich
403 1961 55 42 auf
493 1959 86 35 einen
606 1959 101 44 Stuhl
742 1968 57 25 vor
835 1956 57 37 den
916 1956 124 42 Kamin,
1075 1955 70 34 kaut

231 2006 100 42 seinen
357 2004 116 45 Tabak,
508 2005 82 43 spukt
614 2003 63 35 in's
705 2004 100 42 Feuer
841 2002 61 35 uud
939 2001 108 44 spricht
1082 2000 64 34 kein

236 2050 131 36 anderes
393 2050 106 44 Wort;
536 2049 70 45 nach
641 2049 81 35 einer
747 2048 97 36 Weile
877 2047 133 42 entsernt
1034 2055 32 25 er
1091 2044 52 44 sich

233 2095 62 36 und
319 2106 90 25 wenn
426 2106 32 23 er
475 2095 47 34 ein
540 2104 79 33 paar
636 2093 153 45 derartige
805 2090 205 46 schweigsame
1026 2090 119 41 Visiten

234 2141 132 44 gemacht
397 2140 63 43 hat,
497 2140 65 43 sagt
594 2150 31 23 er
663 2149 35 32 zu
734 2138 66 35 dem
836 2137 113 44 jungen
975 2135 169 44 Mädchen:

237 2186 80 45 „Ich
349 2186 111 43 möchte
486 2185 62 34 Sie
579 2184 86 43 wohl
692 2182 170 44 heiraten."
913 2180 61 36 Die
999 2180 148 35 Antwort

234 2230 37 42 ist
295 2230 199 45 gewöhnlich:
527 2230 79 44 „Ich
632 2229 77 43 habe
734 2228 95 44 nichts
854 2225 165 46 dagegen."
1071 2226 74 34 Das

236 2275 93 44 Paar
360 2274 103 44 begibt
487 2275 53 42 sich
565 2275 82 33 dann
672 2274 78 42 ohne
774 2272 123 35 weitere
921 2269 164 44 Umstände
1109 2279 38 32 zu

237 2320 67 36 dem
341 2318 271 46 Friedensrichter,
648 2318 52 35 der
740 2317 46 36 die
823 2315 222 44 Civiltrauung
1080 2324 54 24 ver­

236 2366 114 44 richtet^
373 2365 63 34 und
460 2363 105 44 sobald
591 2364 48 35 ein
656 2362 173 44 Missionär
853 2360 71 45 nach
949 2359 52 36 der
1018 2358 130 45 Gegend

237 2410 121 44 kömmt,
390 2410 95 44 findet
509 2410 71 44 auch
606 2409 46 34 die
676 2407 140 44 religiöse
841 2405 179 37 Ceremonie
1045 2405 99 42 statt."

454 2499 163 60 Große
650 2496 277 60 Seestürme.

346 2574 50 34 An
420 2571 53 35 der
496 2571 139 43 Ostküste
660 2570 54 35 des
739 2568 167 45 schwarzen
924 2567 132 35 Meeres
1081 2567 53 33 wü­

240 2619 100 45 theten
371 2616 124 44 kürzlich
532 2616 112 43 heftige
681 2615 134 34 Stürme
852 2613 61 35 und
950 2612 94 35 übten
1079 2611 66 43 ihre

239 2663 200 45 verheerende
463 2655 149 50 Wirkung
645 2658 168 44 besonders
835 2657 33 35 in
893 2658 51 34 der
969 2656 177 44 Umgegend

239 2708 52 36 der
318 2707 98 35 Stadt
440 2706 78 43 Poti
532 2711 71 29 aus.
633 2705 60 34 Sie
726 2702 204 44 beschränkten
945 2701 52 45 sich
1012 2701 134 35 diesmal

241 2753 74 35 aber
338 2752 76 44 nicht
449 2752 86 43 mehr
571 2751 55 41 auf
662 2750 46 33 die
733 2748 190 44 Zerstörung
952 2746 53 36 der
1028 2747 104 44 Hafen­

242 2796 145 44 arbeiten,
426 2794 279 46 Zertrümmernng
741 2794 111 34 kleiner
877 2793 181 43 Fahrzeuge
1084 2791 62 34 und

243 2842 53 35 des
333 2840 133 45 eisernen
501 2838 335 46 Lauduugsgerüstes;
880 2837 97 34 einem
1014 2837 136 34 Sturme

242 2887 62 35 und
319 2882 77 38 'dem
432 2885 195 44 ungeheuren
652 2883 150 46 Andrang
839 2882 54 36 der
915 2882 121 35 Wellen
1061 2882 91 41 fielen

244 2931 75 44 zwei
343 2930 95 43 große
465 2929 116 43 Schiffe
606 2928 61 34 und
694 2928 73 42 zwei
791 2939 62 23 von
877 2926 148 36 mittlerer
1042 2925 111 43 Größe

243 2986 69 33 zum
336 2976 116 43 Opfer,
488 2985 62 22 von
575 2973 95 34 denen
699 2973 47 33 die
782 2971 106 36 beiden
911 2972 130 42 ersteren
1065 2971 73 42 buch­

246 3019 120 45 stäblich
404 3018 181 44 zersplittert
621 3017 138 42 wurden,
794 3017 48 33 die
878 3015 106 36 beiden
1020 3015 133 35 anderen

244 3076 86 33 zwar
354 3063 136 45 weniger
514 3063 85 35 litten
626 3062 62 35 und
707 3063 55 42 auf
788 3061 59 34 das
865 3060 145 35 Trockene
1038 3070 105 33 gewor­

244 3111 50 44 fen
318 3110 139 41 wurden,
484 3110 77 41 ohne
578 3105 298 45 Kapitalreparatnr
900 3104 73 35 aber
990 3105 70 42 auch
1078 3105 77 42 nicht

245 3156 85 44 mehr
354 3152 225 47 diensttauglich
605 3152 75 42 sind.
706 3150 62 37 Bei
793 3150 107 43 diesem
926 3149 130 44 Unglück
1080 3148 62 44 büß­

245 3203 52 34 ten
322 3199 65 39 187
410 3196 168 46 Menschen
610 3197 59 36 das
701 3195 101 39 Leben
831 3194 53 38 ein
916 3194 62 35 und
1014 3196 38 31 11
1079 3194 66 42 Per­

246 3245 103 43 sonen,
374 3243 106 44 welche
506 3243 46 34 die
569 3241 210 45 Bemannung
807 3240 84 35 eines
911 3239 117 44 großen
1054 3239 92 42 gesun­

248 3291 92 38 kenen
365 3288 138 44 Schiffes
529 3286 142 43 bildeten,
711 3286 106 42 hatten
847 3285 56 35 den
934 3284 90 42 Mast
1048 3282 98 44 dessel­

246 3334 58 36 ben
321 3333 160 44 erklettert,
504 3343 49 23 wo
572 3333 39 41 sie
629 3330 139 46 achtzehn
791 3331 148 34 Stunden
956 3327 202 46 ausharrten,

247 3379 53 36 bis
324 3379 98 44 einige
449 3377 146 36 Seeleute
627 3378 63 34 und
716 3375 191 45 Einwohner
931 3384 63 25 von
1020 3373 77 42 Poti
1122 3382 37 32 zn

249 3424 85 45 ihrer
358 3423 137 44 Rettung
521 3421 206 45 herbeieilten.
754 3421 60 36 Bei
839 3419 94 45 dieser
958 3417 203 46 Gelegenheit

251 3469 64 42 sind
338 3467 200 46 verschiedene
564 3468 89 41 Fälle
686 3464 193 45 ruhmvoller
913 3462 236 46 Selbstaufopfe­

251 3524 80 33 rung
355 3511 241 46 vorgekommen.
644 3511 89 35 Viele
770 3509 168 44 bemühten
970 3509 53 42 sich
1049 3508 115 43 rastlos

254 3558 142 37 Anderen
428 3557 59 35 das
520 3555 99 36 Leben
646 3565 36 34 zn
715 3559 96 31 retten
849 3555 61 35 und
937 3552 116 45 büßten
1078 3551 89 35 dabei

253 3603 50 45 ihr
328 3602 123 45 eigenes
476 3602 57 34 ein.

334 3683 115 53 Das
482 3681 351 55 Mordattentat
864 3685 50 50 in
946 3682 153 67 Prag.

369 3755 62 34 Ein
455 3754 30 43 so
511 3753 187 46 snrchtbarer
723 3755 131 44 Austritt
890 3755 51 34 als
966 3754 48 36 bei
1039 3755 51 35 der
1113 3756 46 33 Ur­

262 3798 327 48 theilsverkündigung
614 3809 94 33 gegen
732 3798 47 36 die
803 3799 223 46 Altmann'sche
1054 3800 104 36 Diebs­

263 3843 101 38 bande
388 3844 42 34 im
455 3843 116 44 großen
598 3844 103 34 Saale
726 3843 54 35 des
799 3843 124 44 Prager
938 3842 221 48 Landesgerich­

264 3895 49 30 tes
338 3899 58 25 vor
419 3888 52 42 sich
496 3888 84 44 ging,
619 3889 35 42 ist
678 3889 70 33 dort
783 3888 53 42 seit
861 3885 313 49 Menschengedenken

265 3935 78 43 nicht
367 3933 241 43 vorgekommen.
656 3933 71 35 Wir
763 3932 142 45 erfahren
944 3931 143 46 hierüber
1115 3935 46 42 fol­

265 3979 97 43 gende
386 3977 224 44 Einzelheiten:
635 3977 101 35 Kaum
762 3978 83 43 hatte
869 3978 53 34 der
944 3987 37 33 zu
1007 3981 18 31 7
1047 3977 129 45 Jahren

266 4023 147 44 schweren
437 4022 126 36 Kerkers
587 4021 198 46 verurtheilte
822 4022 174 44 angeklagte
1023 4022 153 44 Sklenarz

269 4068 119 43 gehört,
427 4066 61 44 daß
524 4066 58 34 das
622 4065 235 46 Mitangeklagte
893 4066 157 45 Mädchen
1083 4067 94 35 Voda

268 4110 209 46 nichtschuldig
504 4110 122 36 erkannt
650 4111 125 36 worden
799 4111 50 43 sei,
886 4112 51 33 als
963 4110 140 45 derselbe,
1130 4112 48 35 ein

268 4155 288 46 hochgewachsener,
574 4156 174 43 stämmiger
771 4155 109 44 junger
904 4155 141 44 Bursche,
1069 4157 32 33 in
1119 4157 47 40 des­

268 4202 52 42 sen
344 4201 120 45 Gesicht
488 4201 64 33 eiue
569 4199 174 45 unbändige
764 4200 203 45 Leidenschaft
991 4200 86 43 ihren
1101 4201 66 43 kräf­

271 4246 83 42 tigen
379 4244 155 36 Ausdruck
559 4243 116 45 erhielt,
702 4250 59 28 aus
788 4245 52 33 der
864 4245 97 44 Reihe
986 4244 95 43 seiner
1099 4246 68 34 Mit­

272 4289 169 45 schuldigen
479 4289 186 43 hervortrat,
705 4289 53 43 sich
797 4290 57 42 auf
891 4290 47 34 die
977 4290 89 33 kaum
1106 4290 75 43 zehn

274 4333 137 44 Schritte
450 4334 71 35 weit
559 4343 62 26 von
660 4333 63 44 ihm
763 4333 134 43 stehende
938 4333 109 36 Marie
1087 4334 94 35 Voda

273 4379 111 42 stürzte
414 4377 62 34 und
515 4378 53 42 sich
592 4379 56 33 mit
672 4379 82 33 einer
776 4379 31 41 so
831 4377 192 45 furchtbaren
1048 4378 135 37 Gewalt

274 4424 56 41 auf
355 4420 125 44 dieselbe
504 4422 99 42 wars,
638 4421 59 43 daß
723 4433 41 30 er,
788 4423 39 40 sie
850 4423 135 45 zerrend,
1010 4424 45 34 die
1079 4424 104 43 Jonr-

274 4466 224 46 nalistentische-
513 4467 56 35 mit
593 4468 56 35 den
674 4466 228 46 Tintenfässern
933 4469 62 34 und
1019 4467 164 45 Leuchter»

276 4510 137 47 umstieß.
433 4514 44 34 Er
501 4513 126 44 schleifte
652 4512 38 41 sie
715 4512 116 41 sodann
855 4512 72 45 fünf
951 4512 136 45 Schritte
1111 4511 73 35 weit

277 4557 76 33 über
377 4559 56 34 den
458 4557 172 45 Fußboden
654 4557 61 35 und
752 4555 119 47 begann
896 4558 49 43 sie,
985 4556 141 46 nachdem
1152 4566 31 25 er

1439 391 252 77 ANK

1206 674 50 42 ihr
1279 673 56 42 erst
1359 672 98 43 einige
1483 669 137 46 Schläge
1643 670 33 36 in
1700 670 47 34 die
1770 668 98 41 Brust
1890 667 144 44 versetzte,
2059 667 57 43 auf

1208 718 64 35 eine
1296 718 92 43 solche
1411 716 99 43 Weise
1550 725 37 34 zu
1621 717 139 42 würgen,
1800 711 61 44 daß
1887 711 109 36 Marie
2020 711 93 35 Voda

1207 772 61 26 nur
1289 763 43 34 im
1357 760 126 37 Stande
1507 769 78 33 war,
1624 758 212 37 unartikulirte
1870 756 98 35 Laute
2000 760 100 39 auszu­

1206 807 114 43 stoßen,
1345 806 107 44 welche
1476 804 112 44 endlich
1628 804 32 35 in
1685 805 48 34 ein
1757 804 87 34 kaum
1873 799 240 46 vernehmbares

1207 852 136 45 Röcheln
1366 849 199 44 übergingen.

1313 896 81 43 Auch
1424 885 150 45 Ältmann
1610 894 109 43 stürzte
1754 892 53 45 sich
1844 889 180 45 gleichzeitig
2060 889 55 43 auf

1207 942 58 35 das
1297 938 194 46 unglückliche
1517 937 164 45 Mädchen,
1718 938 50 34 als
1799 947 31 24 er
1856 935 73 35 aber
1954 935 63 43 sah,
2053 932 60 44 daß

1209 986 152 43 Sklenarz
1385 985 60 34 das
1470 982 155 44 Mädchen
1649 985 55 33 mit
1727 983 110 42 seinem
1862 989 116 35 ganzen
1994 978 121 44 Körper

1207 1032 98 42 deckte,
1342 1031 97 43 kehrte
1464 1039 31 24 er
1521 1027 102 44 zurück
1647 1028 61 35 und
1738 1028 95 43 nahm
1868 1024 111 35 wieder
2016 1022 99 44 seinen

1206 1076 87 45 Platz
1318 1074 58 36 ein.
1424 1073 63 36 Die
1509 1071 209 46 Verwirrung
1753 1072 62 34 uud
1851 1070 46 36 die
1922 1068 193 45 Aufregung,

1207 1122 45 33 die
1278 1119 93 44 dieser
1395 1119 129 43 Vorfall
1548 1116 48 36 bei
1620 1116 57 36 den
1702 1116 153 44 Richtern,
1879 1112 237 44 Vertheidigern

1207 1165 62 36 und
1282 1166 67 33 dem
1361 1162 199 45 anwesenden
1585 1160 199 37 Auditorium
1797 1158 185 46 Hervorries,
2003 1158 35 41 ist
2052 1157 64 34 eine

1207 1210 83 45 leicht
1315 1207 201 47 begreifbare.
1565 1207 89 34 Alles
1684 1205 84 43 stand
1794 1207 40 33 da
1856 1215 73 25 vom
1954 1201 162 46 Schrecken

1207 1255 113 44 erfaßt,
1344 1254 62 35 und
1432 1254 57 42 erst
1513 1253 72 43 nach
1602 1250 120 45 einigen
1739 1249 151 36 Minuten
1915 1248 53 43 fiel
1991 1253 36 28 es
2050 1246 66 35 dem

1208 1298 211 44 Auditorium,
1454 1298 40 35 da
1529 1296 72 35 blos
1637 1295 48 35 ein
1721 1293 188 46 Wachmann
1944 1293 43 34 im
2013 1292 104 35 Saale

1209 1343 158 49 anwesend
1391 1353 79 33 war,
1495 1343 58 41 ein,
1577 1342 67 33 dem
1670 1340 153 44 Mädchen
1844 1338 85 45 Hilfe
1955 1348 36 33 zu
2015 1336 102 43 leisten

1207 1389 62 36 uud
1307 1395 33 28 es
1377 1399 62 23 von
1475 1385 257 45 ihrem'Würger
1769 1394 36 33 zu
1840 1382 142 44 befreien.
2031 1382 87 43 Fünf

1210 1433 174 44 Männern,
1420 1432 47 36 die
1502 1432 52 43 sich
1591 1430 80 45 rasch
1709 1430 53 42 auf
1786 1429 56 34 den
1868 1426 149 36 tobenden
2041 1426 63 35 Ver­

1208 1479 119 45 brecher
1351 1478 131 43 warfen,
1495 1476 111 44 gelang
1616 1481 34 28 es
1664 1475 86 42 nicht,
1764 1472 168 43 demselben
1946 1471 59 35 das
2030 1470 88 34 kaum

1210 1523 160 45 athmende
1390 1522 154 44 Mädchen
1570 1531 37 33 zu
1632 1518 165 44 entreißen,
1839 1523 33 29 es
1897 1515 126 42 mußten
2047 1515 71 44 noch

1209 1569 105 44 schnell
1330 1567 224 46 Wachmänner
1578 1570 62 29 aus
1662 1565 66 34 dem
1744 1562 105 45 Hause
1866 1561 105 43 geholt
1985 1559 133 35 werden.

1318 1615 64 42 Auf
1433 1611 209 44 Anordnung-
1676 1609 54 34 des
1783 1604 337 46 Gerichtspräsidenten

1210 1659 207 45 Jankowsky,
1457 1657 53 35 der
1548 1654 169 45 allsogleich
1756 1652 43 35 im
1841 1651 103 34 Saale
1985 1649 136 43 erschien,

1210 1705 105 34 kamen
1329 1701 154 46 ungefähr
1500 1700 73 44 zehn
1587 1697 320 46 Justizwachmänner
1919 1695 56 35 mit
1994 1693 113 45 Schieß­

1210 1750 127 42 waffen,
1361 1749 52 40 d.er
1425 1745 226 44 Kerkermeister
1676 1743 61 34 und
1763 1741 110 36 andere
1887 1740 235 51 Wachmänner,

1212 1795 107 44 welche
1344 1793 107 36 Ketten
1475 1791 61 35 uud
1563 1790 64 34 eine
1649 1785 219 48 Zwangsjacke
1893 1785 103 41 herein
2020 1783 87 45 brach­

1212 1845 60 37 ten,
1297 1839 61 34 und
1383 1838 63 43 jetzt
1471 1837 58 41 erst
1554 1835 106 35 konnte
1684 1843 74 23 man
1794 1831 57 34 den
1875 1829 173 44 Wütherich
2073 1828 36 34 be­

1212 1884 151 45 zwingen,
1387 1883 54 43 ihn
1465 1881 118 42 sodann
1606 1877 106 45 sesseln
1730 1877 62 34 und
1816 1875 65 45 ihm
1905 1875 46 34 die
1964 1874 144 45 Zwangs­

1213 1929 72 44 jacke
1311 1929 138 43 anlegen.
1477 1926 86 43 Füns
1581 1924 225 44 Wachmänner
1829 1921 56 34 mit
1911 1918 198 45 aufgepflanz­

1213 1980 60 30 tem
1311 1972 187 46 Bayonnete
1511 1989 10 20 ^
1537 1968 180 46 begleiteten
1758 1966 155 43 sklenarz
1963 1964 55 43 auf
2057 1962 67 36 dem

1214 2020 94 43 Wege
1334 2028 53 34 zur
1413 2014 206 45 Separation.
1646 2013 75 36 Das
1747 2009 197 46 unglückliche
1970 2007 154 45 Mädchen

1214 2065 105 34 wurde
1358 2064 54 34 ins
1450 2058 279 48 Jnquisitenspital
1768 2055 156 45 gebracht,
1964 2054 56 42 ans
2058 2052 66 35 dem

1215 2110 93 44 Wege
1334 2108 94 44 dahin
1453 2105 158 44 jammerte
1636 2102 49 44 sie,
1713 2102 150 40 Sklenarz
1896 2099 83 43 hätte
2003 2098 49 43 ihr
2077 2098 48 33 ein

1215 2155 89 44 Auge
1329 2151 215 46 ausgestoßeu.
1585 2149 65 42 Auf
1689 2146 121 35 weitere
1835 2143 195 45 Aiwrdnnug
2071 2142 53 34 des

1214 2199 103 45 Herrn
1342 2193 339 48 Gerichtspräsidenten
1706 2190 195 45 Jankowsky
1927 2189 128 34 wurden
2078 2187 48 33 die

1216 2242 227 46 Gerichtsärzte
1468 2240 114 43 geholt,
1607 2237 96 35 damit
1739 2235 46 35 die
1811 2232 181 49 gerichtliche
2017 2233 96 34 Unter­

1214 2289 130 44 suchung
1369 2287 76 33 über
1468 2286 48 33 die
1539 2283 222 44 Verletzungen
1785 2281 54 32 des
1858 2278 175 44 Mädchens
2055 2286 59 25 vor­

1217 2342 181 35 genommen
1422 2330 109 35 werde.

1323 2377 61 34 Am
1410 2374 141 44 Schlüsse
1586 2372 52 34 der
1665 2368 228 45 Verhandlung
1918 2366 133 44 forderte
2075 2365 52 34 der

1217 2421 244 37 Staatsanwalt
1508 2419 46 34 die
1583 2414 218 43 Anwesenden,
1840 2412 46 35 die
1922 2411 126 43 Zeugen
2072 2410 55 34 des

1214 2466 152 44 Vorfalls
1383 2465 144 43 gewesen,
1558 2462 66 40 auf,
1648 2460 66 44 ihre
1738 2459 126 34 Namen
1892 2457 69 33 dem
1986 2454 142 44 Gerichte

1216 2509 186 46 anzugeben,
1427 2507 97 35 damit
1553 2504 146 44 dieselben
1723 2501 144 44 Zengniß
1892 2501 118 42 sowohl
2036 2509 94 33 gegen

1217 2556 154 43 Sklenarz
1396 2555 52 32 als
1474 2551 71 44 auch
1570 2560 96 34 gegen
1691 2548 152 34 Altmann
1869 2543 136 45 abgeben
2039 2544 77 33 könn­

1216 2606 59 31 ten.
1302 2601 67 35 Der
1395 2597 200 44 Gerichtshof
1629 2593 72 45 ging
1727 2593 54 43 auf
1806 2589 99 43 diesen
1929 2590 125 42 Antrag
2081 2588 50 33 ein

1217 2646 61 35 und
1318 2645 78 35 viele
1421 2641 186 43 Anwesende
1648 2637 99 45 gaben
1788 2645 69 34 zum
1896 2634 117 43 Zwecke
2046 2632 85 43 ihrer

1217 2689 231 45 Einvernahme
1471 2688 67 42 ihre
1562 2686 126 34 Namen
1713 2681 66 35 dem
1804 2680 143 43 Gerichte
1977 2689 50 23 an.
2054 2676 79 36 Karl

1220 2735 152 44 Sklenarz
1413 2734 83 39 hatte
1535 2729 146 45 während
1722 2726 53 34 der
1798 2723 228 44 Verhandlung
2057 2722 75 42 sort-

1218 2779 149 47 während
1392 2777 89 41 durch
1511 2775 85 43 seine.
1614 2772 163 43 Mssagen
1802 2770 47 34 die
1872 2769 94 33 Voda
1990 2778 37 32 zu
2052 2766 69 36 bela­

1220 2827 61 42 sten
1306 2825 128 43 gesucht;
1459 2822 70 42 auch
1554 2821 83 42 hatte
1660 2828 34 25 er
1718 2814 149 45 während
1895 2813 53 34 der
1972 2812 79 44 Haft
2068 2812 67 34 dem

1222 2870 151 36 Altmann
1412 2864 195 47 geschrieben,
1631 2874 32 24 er
1688 2862 89 42 möge
1802 2860 31 33 in
1858 2856 155 45 derselben
2037 2856 99 42 Weise

1223 2926 94 34 gegen
1341 2913 95 35 Voda
1461 2911 180 44 aussagen..
1667 2907 77 36 Eine
1769 2905 115 42 strenge
1920 2903 112 43 Strafe
2056 2901 78 35 wird

1224 2961 66 35 dem
1315 2959 96 43 rohen
1434 2955 154 45 Burschen
1611 2952 77 43 nicht
1713 2948 193 37 ausbleiben.

1319 3042 399 63 Räuberunwesen
1750 3042 49 50 in
1832 3037 212 65 Ungarn.

1337 3120 74 35 Seit
1435 3118 114 45 einiger
1574 3116 71 44 Zeit
1679 3124 69 25 war
1774 3117 33 29 es
1845 3110 31 35 in
1909 3109 67 34 dem
2008 3111 130 31 unteren

1228 3167 110 45 Theile
1360 3165 55 35 des
1438 3162 145 46 Honther
1608 3159 175 36 Conütates
1819 3155 117 35 bereits
1967 3163 56 34 zur
2047 3152 78 44 tägli­

1230 3211 67 45 chen
1320 3210 96 45 Klage
1441 3207 182 45 geworden,
1663 3204 61 44 daß
1750 3200 217 45 Wegelagerer
1993 3197 46 34 die
2065 3196 59 35 Rei­

1230 3257 108 42 senden
1361 3254 143 44 anfielen,
1528 3249 170 37 beraubten
1722 3247 62 35 uud
1809 3247 43 33 im
1879 3244 89 43 Falle
1993 3243 55 33 des
2074 3241 50 34 Wi­

1231 3299 175 46 derstandes
1431 3298 56 35 mit
1512 3296 68 36 Tod
1616 3292 180 46 bedrohten,
1832 3287 218 37 verwundeten
2075 3286 63 33 und

1232 3346 56 35 den
1312 3345 129 44 Wagen,
1466 3343 47 36 die
1538 3342 39 41 sie
1613 3339 77 44 nicht
1716 3336 149 44 erreichen
1890 3333 139 40 konnten,
2055 3331 70 44 nach­

1232 3390 135 44 schössen.
1393 3389 89 44 Trotz
1508 3387 129 35 alledem
1654 3385 68 43 that
1746 3381 46 35 die
1817 3377 245 45 administrative
2078 3376 50 35 Be­

1232 3436 95 44 hörde
1351 3434 106 45 nichts,
1495 3431 126 44 obwohl
1657 3426 114 37 einmal
1809 3423 86 45 selbst
1912 3443 49 33 ^
1987 3422 58 33 wie
2082 3420 60 34 wir

1234 3481 109 43 gehört
1365 3498 42 5 —
1432 3479 56 43 auf
1512 3478 56 34 den
1594 3472 211 45 Stuhlrichter
1828 3469 55 35 des
1910 3466 162 54 Szobber^
2082 3466 47 34 Be­

1236 3525 94 43 zirkes
1355 3522 161 45 geschossen
1541 3521 116 34 wurde.
1685 3515 125 44 Endlich
1836 3513 107 35 wurde
1968 3511 46 35 die
2042 3510 100 51 ^ache

1236 3571 68 33 dem
1340 3567 209 46 Stuhlrichter
1584 3566 55 33 des
1674 3561 144 44 L:ziklaer
1854 3556 145 45 Bezirkes
2036 3554 107 44 Herrn

1239 3612 140 46 Szilassy
1420 3623 36 32 zn
1495 3611 77 35 bunt
1608 3609 61 34 und
1710 3608 52 33 der
1810 3600 164 47 energische
2013 3600 131 36 Beamte

1237 3659 114 43 machte
1374 3658 54 43 sich
1452 3657 85 43 selbst
1562 3655 55 44 auf
1642 3662 54 34 zur
1722 3650 102 45 Jagd,
1849 3647 73 44 nach
1947 3646 57 34 den
2029 3654 102 45 verwe­

1239 3714 95 34 genen
1359 3701 161 37 Räuberu.
1558 3701 47 35 Es
1631 3699 111 43 gelang
1766 3695 64 44 ihm
1863 3686 72 50 auch
1961 3700 50 25 am
2035 3691 53 33 27.
2115 3700 28 22 v.

1241 3749 52 35 M.
1320 3747 83 34 eines
1440 3746 51 35 der
1521 3744 216 45 Wegelagerer
1773 3738 130 45 habhaft
1941 3744 36 35 zn
2012 3734 133 41 werden,

1239 3798 72 31 was
1351 3791 47 35 die
1436 3790 210 46 Aufgreifung
1695 3785 71 41 auch
1807 3781 99 36 dreier
1938 3780 131 34 anderer
2093 3778 55 34 der

1242 3835 223 45 Raubgesellen
1502 3845 54 33 zur
1593 3832 98 44 Folge
1722 3831 94 42 hatte.
1855 3826 62 37 Die
1943 3824 204 44 Gesaugeueu

1242 3880 172 47 gestanden,
1438 3880 173 44 zusammen
1635 3879 44 32 23
1703 3870 336 45 Raubanfälle
2063 3867 88 35 und

1244 3925 155 44 etliche
1423 3928 43 31 30
1490 3920 269 46 Diebstähle
1783 3917 85 34 und
1894 3912 254 44 Einbrüche

1243 3969 173 39 verübt
1435 3979 49 33 zu
1505 3967 157 45 haben,
1697 3963 138 44 sowie
1859 3957 273 45 Gewalttha­

1244 4022 74 31 ten
1342 4024 51 25 an
1418 4012 170 46 jungen
1612 4008 222 37 Weibern.
1873 4005 61 35 Die
1960 4002 188 44 gefangenen

1245 4059 158 39 Banditen
1438 4058 143 35 Namens
1606 4054 97 36 Andr.
1731 4052 78 44 Jlik,
1841 4050 73 43 Jos.
1941 4047 122 44 Gerhat
2088 4045 61 34 uud

1247 4107 71 43 Jos.
1345 4104 83 43 Racz
1463 4102 128 36 wurden
1627 4100 66 34 dem
1717 4093 299 39 Vamos-Mikolaer
2048 4090 87 43 könig­

1247 4151 92 44 lichen
1363 4146 255 47 Bezirksgerichte
1658 4141 182 46 übergeben.
1881 4140 81 33 Dem
1992 4135 159 43 Anführer

1247 4192 173 39 Ladislaus
1445 4193 69 43 Jlik
1548 4192 111 43 gelang
1684 4193 35 29 es
1745 4195 96 34 zwar,
1877 4188 61 28 aus
1963 4181 67 35 dem
2055 4179 97 44 Szal-

1249 4241 67 34 kaer
1340 4236 200 45 Gefängnisse
1577 4245 36 33 zu
1638 4233 203 43 entspringen,
1877 4227 69 40 doch
1982 4224 107 35 wurde
2121 4233 31 23 er

1249 4283 115 37 bereits
1389 4283 71 42 nach
1477 4280 137 43 Verlaus
1636 4288 62 25 von
1722 4277 89 33 kaum
1826 4275 44 31 48
1891 4271 148 35 Stunden
2063 4267 89 43 durch

1250 4330 57 34 den
1334 4325 209 47 Stuhlrichter
1562 4322 140 46 Szilassy
1727 4319 113 35 wieder
1865 4315 200 45 eingesaugen
2079 4307 72 37 "und

1250 4383 66 26 nun
1351 4368 151 46 ebeusalls
1538 4369 68 35 dem
1641 4364 215 38 V.-Mikolaer
1881 4359 182 43 königlichen
2093 4356 48 34 Be­

1252 4415 204 46 zirksgerichte
1480 4413 181 43 übergeben.
1701 4407 185 41 Ladislaus,
1910 4403 158 50 Andreas^
2091 4398 62 33 uud

1253 4460 132 45 Florian
1410 4458 66 44 Jlik
1493 4458 64 41 sind
1575 4456 136 41 Brüder,
1735 4453 108 43 welche
1866 4450 33 33 in
1915 4442 240 52 Jpoly-^zalka

1253 4507 52 34 all'
1331 4504 49 43 ihr
1404 4503 176 44 Vermögen
1607 4499 163 44 vergeudet
1805 4496 105 42 hatten
1945 4490 62 34 uud
2033 4486 123 44 hieraus

1254 4548 129 39 Räuber
1406 4549 137 35 wurden.
1561 4546 88 45 Zwei
1673 4543 102 36 davon
1799 4547 107 28 waren
1931 4545 36 33 zu
1983 4531 173 45 9jährigem

2181 664 121 43 Kerker,
2337 663 54 35 der
2425 662 90 36 dritte
2550 672 36 33 zu
2610 664 21 32 6
2654 661 128 45 Jahren
2815 665 183 43 verurtheilt
3032 675 36 33 ge­

2183 709 107 43 wesen,
2316 708 105 40 hatten
2439 707 46 35 die
2509 706 159 45 königliche
2685 707 151 42 Amnestie
2861 709 136 43 erhalten
3021 710 62 34 nnd

2182 754 75 43 zwei
2293 763 61 24 von
2393 751 92 40 ihnen
2514 753 127 33 wurden
2681 771 42 3 —
2760 752 86 34 kaum
2885 754 71 42 nach
2979 753 105 44 Hause

2184 798 117 44 gekehrt
2325 817 42 4 —
2384 796 167 35 wiederum
2576 796 69 40 das,
2669 801 70 28 was
2765 796 38 41 sie
2826 797 145 41 gewesen:
2997 798 73 34 Räu­

2183 844 64 39 ber,
2263 841 101 35 indem
2377 842 40 40 sie
2441 842 71 42 nach
2529 839 85 44 ihrer
2637 840 108 43 srüher
2758 840 181 43 gewohnten
2954 840 117 37 Lebens­

2182 887 87 42 weise
2294 887 32 34 in
2358 886 57 35 den
2440 884 176 36 Comitaten
2641 883 119 45 Houth,
2791 884 90 35 Bars
2907 884 61 34 und
2994 885 92 35 Gran

2183 934 48 35 ihr
2257 928 293 47 Räuberhandwerk
2588 949 42 4 —
2672 929 37 33 ab
2745 929 62 34 und
2844 938 36 33 zn
2912 928 55 35 mit
2991 928 96 36 einem

2184 970 119 41 Morde
2326 974 178 36 verbunden
2529 993 41 5 —
2594 972 243 45 weiterführten.

2308 1046 261 66 Trauriges
2606 1044 357 63 Winderfinden.

2293 1119 47 34 Es
2365 1118 63 41 sind
2453 1127 64 25 nun
2541 1115 145 46 fünfzehn
2716 1116 105 44 Jahre
2849 1115 63 44 her,
2953 1114 60 42 daß
3040 1115 47 35 ein

2184 1162 202 46 Hamburger
2408 1161 190 45 Kaufmann,
2634 1160 141 44 nachdem
2806 1171 34 24 er
2868 1170 96 32 zuvor
2988 1159 101 42 fallirt

2184 1210 64 42 hat,
2285 1208 70 42 nach
2384 1206 191 43 Valparaiso
2608 1205 95 41 reiste,
2742 1214 53 25 um
2819 1204 69 35 dort
2912 1204 60 42 sein
2998 1204 94 35 Glück

2185 1264 39 31 zn
2251 1252 167 44 versuchen.
2468 1252 45 33 Er
2536 1250 61 43 ließ
2630 1249 88 35 Weib
2751 1250 61 34 und
2841 1248 115 35 Kinder
2978 1249 113 43 zurück,

2186 1299 163 33 kümmerte
2373 1296 53 43 sich
2453 1295 71 35 aber
2550 1295 47 35 nie
2622 1294 112 35 wieder
2759 1303 52 25 um
2841 1292 160 45 dieselben,
3026 1293 54 34 son­

2186 1344 74 33 dern
2278 1341 59 42 ließ
2363 1342 46 34 die
2436 1340 107 45 Vriese
2566 1340 95 42 seiner
2692 1339 89 42 Frau
2820 1359 40 2 —
2898 1337 90 34 allem
3017 1337 63 34 Ver­

2186 1387 137 44 sprechen
2347 1390 145 40 entgegen
2509 1406 41 2 —
2569 1384 131 43 gänzlich
2726 1380 258 38 unbeantwortet.
3004 1381 90 44 Diese

2187 1432 125 43 näherte
2337 1430 52 44 sich
2415 1429 198 45 kümmerlich,
2653 1427 50 35 bis
2743 1427 39 41 sie
2814 1428 48 33 ein
2890 1426 124 35 Viertel
3040 1426 55 35 des

2187 1475 118 45 großen
2328 1475 95 41 Loses
2447 1474 33 35 in
2503 1472 238 45 Braunschweig
2767 1482 130 34 gewann
2937 1472 60 34 und
3026 1470 66 43 ihre

2188 1521 114 36 Kinder
2327 1519 94 44 besser
2446 1519 135 44 erziehen
2607 1517 92 43 lassen
2724 1517 116 35 konnte.
2889 1517 67 34 Der
2981 1515 111 42 älteste,

2187 1569 42 31 27
2254 1566 108 44 Jahre
2385 1565 62 33 alte
2472 1564 96 42 Sohn
2593 1562 130 35 erlernte
2748 1561 46 35 die
2829 1559 171 47 Handlung
3031 1560 62 35 und

2189 1611 93 43 nahm
2307 1610 147 44 Ansangs
2480 1608 94 41 dieses
2608 1605 124 46 Jahres
2767 1606 149 45 Stellung
2941 1605 32 35 in
2999 1604 95 35 einem

2190 1654 210 45 New-Dorker
2439 1653 112 44 Hause.
2599 1652 71 34 Vor
2709 1656 80 29 etwa
2823 1651 75 42 zwei
2927 1648 169 44 Monaten,

2190 1700 141 43 nachdem
2370 1699 51 34 der
2460 1699 95 43 Sohn
2579 1696 115 35 bereits
2724 1694 200 45 verschiedene
2949 1693 147 45 Versuche

2191 1745 133 43 gemacht
2346 1743 94 44 hatte,
2478 1742 57 34 den
2572 1741 181 43 Aufenthalt
2789 1739 97 42 seines
2916 1739 119 34 Vaters
3061 1747 36 33 zn

2192 1789 162 42 ermitteln,
2393 1787 107 35 wurde
2529 1787 32 33 in
2584 1785 177 44 New-Iork
2789 1783 130 44 plötzlich
2950 1783 48 35 ein
3022 1782 60 35 nob­

2191 1835 45 33 ler
2261 1834 132 36 Gauner
2418 1832 125 43 gepackt,
2575 1829 124 44 welcher
2723 1829 70 35 dort
2822 1828 52 43 seit
2899 1827 127 44 Jahren
3051 1827 47 35 die

2192 1878 131 44 größten
2348 1875 246 47 Schwindeleien
2618 1873 187 45 ausgesührt
2829 1873 92 42 hatte,
2941 1872 64 35 uud
3022 1871 77 35 über

2192 1923 99 43 dessen
2314 1921 198 45 Verhaftung
2537 1920 32 34 in
2593 1920 158 42 mehreren
2779 1917 172 44 Zeitungen
2975 1915 124 44 referirt

2193 1968 115 35 wurde.
2355 1967 71 35 Wie
2449 1965 141 45 erschrack
2628 1964 53 34 der
2709 1962 92 45 junge
2841 1962 118 43 Mann,
2989 1962 51 33 als
3066 1971 34 24 er

2192 2013 101 42 seinen
2314 2011 123 44 eigenen
2454 2010 123 36 Namen
2603 2010 61 41 las,
2681 2009 52 34 der
2758 2007 71 45 nach
2855 2016 133 34 genauer
3014 2006 68 42 Fest­

2194 2058 128 43 stellung
2347 2057 53 34 der
2424 2056 102 34 Name
2550 2053 154 42 seines
2733 2052 175 35 Vaters
2933 2061 78 24 war.
3054 2050 44 35 Er

2195 2103 67 34 eilte
2287 2102 97 42 sofort
2408 2111 37 33 zu
2469 2101 66 33 dem
2549 2096 368 46 Untersuchungsrichter:
2943 2095 58 35 das
3020 2094 66 35 Wie­

2195 2147 142 44 dersehen
2359 2156 69 25 war
2453 2145 49 35 ein
2526 2142 247 46 erschütterndes.
2794 2143 65 34 Der
2875 2141 95 42 Sohn
2995 2139 106 35 konnte

2196 2203 60 24 nur
2280 2189 213 45 Versprechen,
2527 2189 51 43 für
2603 2188 98 43 seinen
2728 2187 97 34 Vater
2849 2184 165 45 demnächst
3038 2184 49 41 sor­

2196 2248 56 32 gen
2278 2247 37 32 zu
2339 2236 113 34 wollen
2477 2255 41 3 —
2544 2243 89 25 wenn
2665 2232 130 44 letzterer
2835 2229 45 35 die
2906 2230 63 33 drei
2995 2228 107 43 Jahre

2195 2280 190 45 Zuchthaus,
2402 2279 137 43 zudcnen
2550 2288 31 24 er
2590 2277 181 43 verurtheilt
2780 2276 50 41 ist,
2848 2272 157 46 abgebüßt
3014 2271 87 45 habe.

2226 2362 88 58 Im
2348 2356 455 69 Eisenbahnwaggon
2837 2355 235 52 ermordet.

2305 2433 69 34 Vor
2407 2430 118 45 einigen
2551 2431 108 42 Tagen
2691 2428 110 43 stiegen
2832 2427 78 44 sechs
2948 2424 153 43 Männer,

2198 2477 142 36 Arbeiter
2377 2477 52 33 der
2467 2472 308 45 Eisenbahnbanten,
2809 2472 33 33 in
2879 2472 52 33 der
2966 2469 138 36 Station

2199 2522 170 41 Loosdors,
2392 2531 50 22 wo
2468 2520 52 34 der
2538 2518 136 44 Postzug
2691 2519 60 32 Nr.
2770 2518 65 33 2l>1
2859 2515 52 35 der
2937 2513 170 45 Elisabeth-

2200 2566 168 42 Westbahu
2404 2575 56 31 zur
2494 2562 179 44 Nachtszeit
2704 2561 127 42 anhielt,
2867 2559 32 35 in
2924 2559 48 34 ein
2997 2559 111 41 Coups

2202 2611 109 35 dritter
2334 2610 111 43 Klasse.
2472 2608 158 43 Während
2656 2607 52 35 der
2728 2606 100 43 Fahrt
2853 2603 152 45 geriethen
3030 2602 79 42 diese

2202 2654 183 46 Passagiere
2419 2654 33 33 in
2489 2652 86 35 einen
2611 2651 229 44 Wortwechsel,
2876 2650 51 33 der
2969 2648 72 35 bald
3076 2647 34 33 in

2203 2699 235 44 Thätlichkeiten
2456 2702 158 31 ausartete
2632 2697 62 34 uud
2711 2696 47 34 die
2783 2694 186 44 traurigsten
2988 2691 121 43 Folgen

2204 2744 70 45 nach
2300 2744 52 44 sich
2379 2754 64 32 zog.
2470 2744 60 34 Als
2556 2752 63 24 nun
2638 2741 52 34 der
2714 2738 179 45 bezeichnete
2911 2738 70 43 Zug
3006 2737 32 33 in
3063 2735 47 35 die

2205 2790 134 35 Station
2365 2790 56 34 St.
2447 2787 117 44 Pölten
2589 2796 52 23 um
2666 2788 20 32 2
2704 2786 67 40 Uhr
2789 2783 160 44 Morgens
2975 2780 133 44 einsuhr,

2204 2836 113 42 sprang
2343 2833 47 35 ein
2416 2831 108 36 Mauu
2560 2831 69 43 noch
2661 2829 147 44 während
2846 2827 51 35 der
2924 2827 101 43 Fahrt
3050 2830 61 29 aus

2205 2880 67 35 dem
2296 2880 156 42 Waggon,
2488 2876 61 34 und
2574 2886 33 23 er
2630 2875 107 34 wurde
2773 2874 72 41 auch
2877 2883 63 23 von
2964 2871 67 35 dem
3055 2869 57 35 den

2205 2925 70 43 Zug
2301 2921 207 46 dirigirenden
2533 2918 289 45 Maschiuenführer
2852 2915 139 42 bemerkt,
3028 2914 70 44 wäh­

2205 2969 77 36 rend
2305 2969 47 33 die
2377 2966 153 44 Uebrigen
2553 2965 32 35 in
2610 2964 66 34 dem
2701 2964 146 43 Waggon
2878 2957 233 46 zurückblieben.

2207 3016 52 42 In
2284 3014 51 34 der
2360 3011 136 36 Station
2521 3009 176 44 angelangt,
2729 3009 112 42 machte
2865 3005 59 35 das
2949 3003 164 45 Bahnper-

2207 3060 105 41 souale
2347 3056 46 36 die
2430 3055 173 45 entsetzliche
2639 3050 207 46 Entdeckung,
2881 3049 63 42 daß
2979 3049 32 33 in
3047 3047 67 34 dem

2209 3105 109 42 Coups
2344 3101 48 35 ein
2418 3100 109 35 Mann
2551 3099 33 35 in
2620 3098 109 42 seinem
2754 3096 96 36 Blute
2882 3093 136 44 röchelnd
3048 3092 63 44 lag.

2209 3149 68 35 Der
2302 3145 213 45 Unglückliche,
2540 3143 139 44 welchem
2704 3140 78 45 sechs
2809 3139 105 45 Stiche
2939 3138 55 35 mit
3019 3136 96 35 einem

2209 3192 119 44 Messer
2351 3188 189 46 beigebracht
2564 3187 128 36 worden
2717 3196 116 31 waren,
2862 3183 83 40 starb
2969 3181 146 45 während

2209 3238 55 34 des
2305 3236 220 43 Transportes
2575 3233 35 34 in
2648 3228 51 39 di5
2741 3228 274 44 Rettungsanstalt
3055 3225 61 35 und

2209 3283 107 34 konnte
2340 3279 77 36 über
2441 3278 47 36 die
2516 3276 193 46 schauerliche
2733 3275 86 43 That
2850 3273 80 35 keiue
2962 3270 157 44 Auskunft

2210 3327 86 43 mehr
2322 3325 104 44 geben.
2475 3325 72 34 Den
2572 3319 335 46 Sicherheitsorganen
2937 3317 110 43 gelang
3081 3320 33 28 es

2210 3371 98 45 jedoch
2333 3370 46 34 die
2404 3369 66 34 vier
2487 3366 238 44 Mitschuldigen
2749 3365 71 43 noch
2846 3364 55 43 auf
2925 3361 65 35 dem
3008 3359 109 42 Bahn-

2211 3417 69 42 Hofe
2306 3426 36 32 zu
2366 3414 171 44 verhaften,
2573 3410 146 45 während
2745 3409 51 34 der
2823 3405 171 46 eigentliche
3020 3404 80 35 Mör­

2212 3463 53 33 der
2287 3461 62 42 sein
2368 3465 17 29 s
2403 3456 192 38 Kameraden
2620 3455 89 44 durch
2733 3453 46 35 die
2798 3452 107 44 Flucht
2929 3450 186 35 entkommen

2212 3516 77 25 war.
2339 3505 61 35 Die
2425 3502 147 44 Ursachen
2609 3501 52 33 der
2696 3498 174 44 gräulichen
2895 3495 94 44 That,
3026 3493 91 42 sowie

2213 3552 47 33 die
2292 3550 134 43 näheren
2462 3546 163 45 Umstände
2666 3541 169 46 derselben,
2856 3541 64 41 sind
2958 3539 70 42 noch
3054 3537 62 35 in's

2215 3596 120 35 Dunkel
2360 3592 127 45 gehüllt.

2323 3638 130 38 Etwas
2479 3641 80 32 Vom
2584 3634 178 45 Handeln.
2811 3631 46 34 Es
2887 3629 34 42 ist
2947 3627 64 35 eiue
3035 3631 72 30 trau­

2213 3685 66 43 rige
2313 3681 173 46 Wahrheit,
2522 3679 61 41 daß
2592 3672 110 48 "meist
2737 3686 60 24 nur
2833 3674 46 34 die
2904 3670 217 46 Handlungen

2215 3728 174 44 derjenigen
2406 3726 163 43 Menschen
2587 3720 245 47 achtuugswerth
2851 3714 140 48 scheinen,
3016 3716 106 42 welche

2215 3775 56 34 mit
2303 3772 87 36 Gold
2425 3770 63 35 nnd
2519 3769 123 40 Silber,
2678 3767 56 33 mit
2771 3765 134 35 Staats-
2935 3762 61 34 und
3021 3761 89 35 Bank­

2215 3819 148 43 papieren
2387 3815 149 43 handeln.
2583 3812 59 36 Bei
2678 3811 113 41 solchen
2815 3807 210 45 Handlungen
3050 3804 73 43 sieht

2217 3864 72 44 auch
2313 3862 108 34 immer
2447 3865 98 29 etwas
2571 3856 117 45 heraus
2713 3855 60 34 und
2798 3853 85 42 sollte
2908 3857 33 28 es
2967 3850 70 41 auch
3062 3857 60 24 nur

2217 3908 65 35 eine
2305 3904 200 44 Liquidation
2531 3902 70 35 oder
2627 3901 48 34 ein
2701 3900 143 33 Concnrs
2870 3896 70 40 sein,
2973 3893 146 42 während

2217 3954 47 33 bei
2288 3949 219 45 tugendhaften
2525 3945 209 46 Handlungen
2751 3942 69 43 noch
2839 3940 47 34 nie
2904 3943 97 29 etwas
3021 3935 99 42 Aehn-

2218 3997 89 42 liches
2331 3992 196 45 herauskam.
2567 3990 195 45 Jedermann
2786 3986 73 39 sieht
2883 3983 57 39 ein,
2970 3980 60 42 daß
3056 3980 65 34 eine

2217 4048 72 37 gute
2314 4038 181 45 Handlung,
2525 4047 40 22 an
2590 4034 121 41 welcher
2736 4039 71 24 man
2833 4028 49 33 als
2908 4024 214 46 Compagnon

2219 4085 93 44 Theil
2331 4084 67 43 hat,
2421 4081 75 35 weit
2517 4079 135 40 weniger
2669 4086 35 32 zu
2721 4073 144 34 bedeuten
2890 4071 63 43 hat,
2978 4071 52 32 als
3055 4068 66 35 eine

2221 4135 69 39 gute
2306 4128 170 44 Handlung
2502 4128 58 31 aus
2579 4117 205 44 Theilnahme
2809 4117 55 33 mit
2888 4116 66 33 dem
2973 4112 135 46 bedräng­

2221 4182 49 27 ten
2296 4169 268 43 Nebenmenschen.
2613 4163 68 35 Und
2718 4160 69 44 doch
2820 4160 96 43 fallen
2943 4158 182 45 heutzutage

2223 4214 287 50 Handlungsgüter
2542 4210 71 34 weit
2646 4207 141 44 schwerer
2816 4206 32 33 iu
2882 4205 46 34 die
2953 4203 174 44 Wagschale
3388 4200 6 17 '

2223 4264 50 33 als
2302 4262 58 31 alle
2379 4262 94 39 guten
2490 4253 219 45 Haudlungeu.
2736 4252 47 34 Es
2809 4250 70 42 dars
2904 4250 129 42 deshalb
3052 4248 61 34 Nie­

2222 4306 131 34 manden
2376 4300 159 41 wundern,
2560 4308 89 25 wenn
2674 4297 48 35 ein
2743 4296 102 34 Vater
2868 4295 99 41 seinen
2991 4292 136 35 Kindern

2223 4350 116 43 zuruft:
2388 4343 163 47 „Handelt
2584 4344 55 37 erst
2672 4348 54 38 gut
2758 4341 60 34 und
2852 4339 49 41 ihr
2934 4338 112 34 werdet
3070 4340 54 40 gut

2221 4392 165 45 handeln."
2435 4388 146 36 Alsdann
2606 4386 75 35 aber
2709 4385 112 35 wieder
2845 4383 47 35 die
2915 4380 210 45 Handlungen

2223 4439 51 33 der
2311 4434 164 44 Menschen
2507 4433 76 43 nicht
2613 4432 108 34 immer
2754 4439 53 32 ziir
2844 4427 129 43 Tugend
3007 4426 120 39 süliren,

2224 4484 39 33 da
2288 4483 70 40 nach
2384 4479 119 44 obigem
2528 4476 188 44 Grundsatze
2740 4473 48 35 ein
2805 4468 323 47 Handlungsbeslisse-
3401 4468 8 39 /

2225 4536 52 26 ner
2303 4526 108 34 immer
2439 4524 69 45 auch
2535 4522 46 35 ein
2599 4513 303 52 Tiigendbeflisieuer
2927 4514 61 43 sein
3012 4511 113 43 müßte.
