<?xml version="1.0" encoding="UTF-8" standalone="yes"?>
<alto xmlns="http://www.loc.gov/standards/alto/ns-v2#" xmlns:xlink="http://www.w3.org/1999/xlink" xmlns:xsi="http://www.w3.org/2001/XMLSchema-instance" xsi:schemaLocation="http://www.loc.gov/standards/alto/ns-v2# http://www.loc.gov/standards/alto/alto-v2.0.xsd">
<Description>
<MeasurementUnit>pixel</MeasurementUnit>
<OCRProcessing ID="IdOcr"><ocrProcessingStep><processingDateTime>2014-01-15</processingDateTime><processingSoftware><softwareCreator>ABBYY</softwareCreator><softwareName>ABBYY FineReader Engine</softwareName><softwareVersion>10</softwareVersion></processingSoftware></ocrProcessingStep></OCRProcessing>
</Description>
<Styles><TextStyle ID="font0" FONTFAMILY="Times New Roman" FONTSIZE="10"/><TextStyle ID="font1" FONTFAMILY="Times New Roman" FONTSIZE="11"/><TextStyle ID="font2" FONTFAMILY="Times New Roman" FONTSIZE="12"/><TextStyle ID="font3" FONTFAMILY="Times New Roman" FONTSIZE="27"/><TextStyle ID="font4" FONTFAMILY="Times New Roman" FONTSIZE="56"/>
</Styles>
<Layout>
<Page ID="Page1" PHYSICAL_IMG_NR="1" HEIGHT="4984" WIDTH="3432">
<TopMargin HEIGHT="218" WIDTH="3432" VPOS="0" HPOS="0">
</TopMargin>
<LeftMargin HEIGHT="4318" WIDTH="145" VPOS="218" HPOS="0">
</LeftMargin>
<RightMargin HEIGHT="4318" WIDTH="407" VPOS="218" HPOS="3025">
</RightMargin>
<BottomMargin HEIGHT="448" WIDTH="3432" VPOS="4536" HPOS="0">
</BottomMargin>
<PrintSpace HEIGHT="4318" WIDTH="2880" VPOS="218" HPOS="145">
<TextBlock ID="Page1_Block1" HEIGHT="264" WIDTH="1716" VPOS="218" HPOS="206" language="de" STYLEREFS="font4">
<TextLine HEIGHT="212" WIDTH="1712" VPOS="264" HPOS="204"><String STYLE="bold" WC="0.5" CONTENT="Z." HEIGHT="168" WIDTH="120" VPOS="268" HPOS="204"/><SP WIDTH="74" VPOS="276" HPOS="325"/><String STYLE="bold" WC="0.4420000017" CONTENT="Sogen" HEIGHT="200" WIDTH="384" VPOS="276" HPOS="400"/><SP WIDTH="58" VPOS="276" HPOS="785"/><String STYLE="bold" WC="0.6066666842" CONTENT="des" HEIGHT="160" WIDTH="188" VPOS="276" HPOS="844"/><SP WIDTH="70" VPOS="272" HPOS="1033"/><String STYLE="bold" WC="0.6025000215" CONTENT="MMIivitö" HEIGHT="184" WIDTH="812" VPOS="264" HPOS="1104"/></TextLine>
</TextBlock><Illustration ID="Page1_Block2" HEIGHT="200" WIDTH="970" VPOS="274" HPOS="1986"/>
<TextBlock ID="Page1_Block3" HEIGHT="58" WIDTH="818" VPOS="486" HPOS="1184" language="de" STYLEREFS="font1">
<TextLine HEIGHT="49" WIDTH="785" VPOS="490" HPOS="1200"><String WC="0.7279999852" CONTENT="Wie«," HEIGHT="44" WIDTH="156" VPOS="492" HPOS="1200"/><SP WIDTH="24" VPOS="493" HPOS="1357"/><String WC="0.645714283" CONTENT="Freitag" HEIGHT="46" WIDTH="149" VPOS="493" HPOS="1382"/><SP WIDTH="23" VPOS="494" HPOS="1532"/><String WC="0.3166666627" CONTENT="den" HEIGHT="36" WIDTH="64" VPOS="494" HPOS="1556"/><SP WIDTH="22" VPOS="494" HPOS="1621"/><String WC="0.8450000286" CONTENT="9." HEIGHT="35" WIDTH="40" VPOS="494" HPOS="1644"/><SP WIDTH="24" VPOS="492" HPOS="1685"/><String WC="0.687142849" CONTENT="Jä&apos;uuer" HEIGHT="47" WIDTH="144" VPOS="490" HPOS="1710"/><SP WIDTH="21" VPOS="495" HPOS="1855"/><String WC="0.6140000224" CONTENT="1874." HEIGHT="39" WIDTH="108" VPOS="495" HPOS="1877"/></TextLine>
</TextBlock><Illustration ID="Page1_Block4" HEIGHT="184" WIDTH="2856" VPOS="646" HPOS="168"/>
<TextBlock ID="Page1_Block5" HEIGHT="240" WIDTH="921" VPOS="944" HPOS="145" STYLEREFS="font0" language="de">
<TextLine HEIGHT="104" WIDTH="720" VPOS="966" HPOS="254" STYLEREFS="font3"><String STYLE="bold" WC="0.573333323" CONTENT="Die" HEIGHT="76" WIDTH="118" VPOS="972" HPOS="254"/><SP WIDTH="44" VPOS="970" HPOS="373"/><String STYLE="bold" WC="0.400000006" CONTENT="Höllrnnmschinr." HEIGHT="104" WIDTH="556" VPOS="966" HPOS="418"/></TextLine>
<TextLine HEIGHT="44" WIDTH="906" VPOS="1081" HPOS="159"><String WC="0.5199999809" CONTENT="Historischer" HEIGHT="37" WIDTH="170" VPOS="1088" HPOS="159"/><SP WIDTH="12" VPOS="1089" HPOS="330"/><String WC="0.8399999738" CONTENT="Roman" HEIGHT="31" WIDTH="116" VPOS="1089" HPOS="343"/><SP WIDTH="18" VPOS="1098" HPOS="460"/><String WC="0.8466666937" CONTENT="aus" HEIGHT="26" WIDTH="55" VPOS="1093" HPOS="479"/><SP WIDTH="19" VPOS="1088" HPOS="535"/><String WC="0.6966666579" CONTENT="der" HEIGHT="29" WIDTH="46" VPOS="1088" HPOS="555"/><SP WIDTH="18" VPOS="1087" HPOS="602"/><String WC="0.6976923347" CONTENT="französischen" HEIGHT="36" WIDTH="191" VPOS="1084" HPOS="621"/><SP WIDTH="18" VPOS="1084" HPOS="813"/><String WC="0.6911110878" CONTENT="Consular-" HEIGHT="34" WIDTH="153" VPOS="1083" HPOS="832"/><SP WIDTH="20" VPOS="1091" HPOS="986"/><String WC="0.7366666794" CONTENT="und" HEIGHT="31" WIDTH="58" VPOS="1081" HPOS="1007"/></TextLine>
<TextLine HEIGHT="42" WIDTH="672" VPOS="1137" HPOS="269"><String WC="0.5910000205" CONTENT="Kaiserzcit" HEIGHT="36" WIDTH="148" VPOS="1143" HPOS="269"/><SP WIDTH="17" VPOS="1148" HPOS="418"/><String STYLE="bold" WC="0.7933333516" CONTENT="von" HEIGHT="21" WIDTH="55" VPOS="1152" HPOS="436"/><SP WIDTH="18" VPOS="1141" HPOS="492"/><String STYLE="bold" WC="0.6066666842" CONTENT="Tr." HEIGHT="30" WIDTH="52" VPOS="1141" HPOS="511"/><SP WIDTH="18" VPOS="1140" HPOS="564"/><String STYLE="bold" WC="0.4560000002" CONTENT="Franz" HEIGHT="36" WIDTH="87" VPOS="1140" HPOS="583"/><SP WIDTH="17" VPOS="1138" HPOS="671"/><String STYLE="bold" WC="0.5583333373" CONTENT="Jsidor" HEIGHT="35" WIDTH="97" VPOS="1138" HPOS="689"/><SP WIDTH="17" VPOS="1137" HPOS="787"/><String STYLE="bold" WC="0.5688889027" CONTENT="Proschko." HEIGHT="36" WIDTH="136" VPOS="1137" HPOS="805"/></TextLine>
</TextBlock>
<TextBlock ID="Page1_Block6" HEIGHT="3318" WIDTH="921" VPOS="1218" HPOS="145" STYLEREFS="font2" language="de">
<TextLine HEIGHT="48" WIDTH="477" VPOS="1227" HPOS="373" STYLEREFS="font1"><String WC="0.3100000024" CONTENT="Ter" HEIGHT="38" WIDTH="69" VPOS="1231" HPOS="373"/><SP WIDTH="21" VPOS="1230" HPOS="443"/><String WC="0.6539999843" CONTENT="Jäger" HEIGHT="45" WIDTH="117" VPOS="1230" HPOS="465"/><SP WIDTH="23" VPOS="1229" HPOS="583"/><String WC="0.5600000024" CONTENT="im" HEIGHT="37" WIDTH="49" VPOS="1229" HPOS="607"/><SP WIDTH="23" VPOS="1227" HPOS="657"/><String WC="0.6675000191" CONTENT="Gebirge." HEIGHT="46" WIDTH="169" VPOS="1227" HPOS="681"/></TextLine>
<TextLine HEIGHT="46" WIDTH="803" VPOS="1288" HPOS="262"><String WC="0.5870000124" CONTENT="Britannien" HEIGHT="37" WIDTH="187" VPOS="1293" HPOS="262"/><SP WIDTH="23" VPOS="1302" HPOS="450"/><String WC="0.4666666687" CONTENT="und" HEIGHT="34" WIDTH="61" VPOS="1292" HPOS="474"/><SP WIDTH="24" VPOS="1292" HPOS="536"/><String WC="0.8029999733" CONTENT="Frankreich" HEIGHT="44" WIDTH="180" VPOS="1290" HPOS="561"/><SP WIDTH="39" VPOS="1290" HPOS="742"/><String WC="0.7483333349" CONTENT="hatten" HEIGHT="43" WIDTH="106" VPOS="1291" HPOS="782"/><SP WIDTH="23" VPOS="1289" HPOS="889"/><String WC="0.9649999738" CONTENT="sich" HEIGHT="43" WIDTH="52" VPOS="1289" HPOS="913"/><SP WIDTH="24" VPOS="1289" HPOS="966"/><String WC="0.5233333111" CONTENT="wie" HEIGHT="35" WIDTH="59" VPOS="1288" HPOS="991"/><HYP CONTENT="­"/></TextLine>
<TextLine HEIGHT="44" WIDTH="907" VPOS="1334" HPOS="156"><String WC="0.6999999881" CONTENT="der" HEIGHT="33" WIDTH="52" VPOS="1340" HPOS="156"/><SP WIDTH="29" VPOS="1349" HPOS="209"/><String WC="0.8883333206" CONTENT="einmal" HEIGHT="34" WIDTH="114" VPOS="1338" HPOS="239"/><SP WIDTH="32" VPOS="1338" HPOS="354"/><String WC="0.7325000167" CONTENT="über" HEIGHT="34" WIDTH="77" VPOS="1337" HPOS="387"/><SP WIDTH="23" VPOS="1336" HPOS="465"/><String WC="0.9166666865" CONTENT="den" HEIGHT="35" WIDTH="56" VPOS="1336" HPOS="489"/><SP WIDTH="34" VPOS="1342" HPOS="546"/><String WC="0.6940000057" CONTENT="Kanal" HEIGHT="34" WIDTH="103" VPOS="1337" HPOS="581"/><SP WIDTH="22" VPOS="1336" HPOS="685"/><String WC="0.8600000143" CONTENT="die" HEIGHT="34" WIDTH="46" VPOS="1336" HPOS="708"/><SP WIDTH="28" VPOS="1335" HPOS="755"/><String WC="0.5720000267" CONTENT="Hände" HEIGHT="43" WIDTH="112" VPOS="1335" HPOS="784"/><SP WIDTH="23" VPOS="1344" HPOS="897"/><String WC="0.6755555272" CONTENT="gereicht;" HEIGHT="43" WIDTH="142" VPOS="1334" HPOS="921"/></TextLine>
<TextLine HEIGHT="48" WIDTH="909" VPOS="1378" HPOS="155"><String WC="0.896666646" CONTENT="der" HEIGHT="34" WIDTH="52" VPOS="1384" HPOS="155"/><SP WIDTH="26" VPOS="1382" HPOS="208"/><String WC="0.7926666737" CONTENT="Handelsvertrag," HEIGHT="44" WIDTH="281" VPOS="1382" HPOS="235"/><SP WIDTH="24" VPOS="1381" HPOS="517"/><String WC="0.8033333421" CONTENT="den" HEIGHT="34" WIDTH="56" VPOS="1381" HPOS="542"/><SP WIDTH="22" VPOS="1381" HPOS="599"/><String WC="0.6566666961" CONTENT="Ludwig" HEIGHT="43" WIDTH="130" VPOS="1380" HPOS="622"/><SP WIDTH="24" VPOS="1380" HPOS="753"/><String WC="0.8866666555" CONTENT="der" HEIGHT="34" WIDTH="52" VPOS="1380" HPOS="778"/><SP WIDTH="25" VPOS="1380" HPOS="831"/><String WC="0.78125" CONTENT="Ersehnte" HEIGHT="42" WIDTH="146" VPOS="1379" HPOS="857"/><SP WIDTH="15" VPOS="1378" HPOS="1004"/><String WC="0.7450000048" CONTENT="im" HEIGHT="34" WIDTH="44" VPOS="1378" HPOS="1020"/></TextLine>
<TextLine HEIGHT="48" WIDTH="911" VPOS="1423" HPOS="153"><String WC="0.8960000277" CONTENT="Jahre" HEIGHT="43" WIDTH="106" VPOS="1428" HPOS="153"/><SP WIDTH="25" VPOS="1429" HPOS="260"/><String WC="0.7024999857" CONTENT="1786" HEIGHT="32" WIDTH="84" VPOS="1429" HPOS="286"/><SP WIDTH="23" VPOS="1429" HPOS="371"/><String WC="0.8266666532" CONTENT="unterzeichnete," HEIGHT="44" WIDTH="250" VPOS="1426" HPOS="395"/><SP WIDTH="35" VPOS="1426" HPOS="646"/><String WC="0.8283333182" CONTENT="schien" HEIGHT="43" WIDTH="92" VPOS="1425" HPOS="682"/><SP WIDTH="35" VPOS="1425" HPOS="775"/><String WC="0.9433333278" CONTENT="die" HEIGHT="34" WIDTH="45" VPOS="1424" HPOS="811"/><SP WIDTH="25" VPOS="1423" HPOS="857"/><String WC="0.8600000143" CONTENT="Lilien" HEIGHT="35" WIDTH="98" VPOS="1423" HPOS="883"/><SP WIDTH="24" VPOS="1433" HPOS="982"/><String WC="0.7666666508" CONTENT="auf" HEIGHT="43" WIDTH="57" VPOS="1423" HPOS="1007"/></TextLine>
<TextLine HEIGHT="46" WIDTH="910" VPOS="1468" HPOS="153"><String WC="0.8857142925" CONTENT="längere" HEIGHT="40" WIDTH="124" VPOS="1474" HPOS="153"/><SP WIDTH="21" VPOS="1472" HPOS="278"/><String WC="0.7599999905" CONTENT="Zeit" HEIGHT="42" WIDTH="72" VPOS="1472" HPOS="300"/><SP WIDTH="21" VPOS="1477" HPOS="373"/><String WC="0.8866666555" CONTENT="mit" HEIGHT="34" WIDTH="55" VPOS="1472" HPOS="395"/><SP WIDTH="23" VPOS="1472" HPOS="451"/><String WC="0.75" CONTENT="dem" HEIGHT="34" WIDTH="66" VPOS="1472" HPOS="475"/><SP WIDTH="22" VPOS="1471" HPOS="542"/><String WC="0.7099999785" CONTENT="Leoparden" HEIGHT="43" WIDTH="181" VPOS="1470" HPOS="565"/><SP WIDTH="20" VPOS="1479" HPOS="747"/><String WC="0.7633333206" CONTENT="und" HEIGHT="34" WIDTH="61" VPOS="1469" HPOS="768"/><SP WIDTH="18" VPOS="1469" HPOS="830"/><String WC="0.65625" CONTENT="Einhorne" HEIGHT="42" WIDTH="160" VPOS="1468" HPOS="849"/><SP WIDTH="16" VPOS="1477" HPOS="1010"/><String WC="0.6949999928" CONTENT="zu" HEIGHT="33" WIDTH="36" VPOS="1477" HPOS="1027"/></TextLine>
<TextLine HEIGHT="47" WIDTH="912" VPOS="1513" HPOS="151"><String WC="0.7030000091" CONTENT="verbinden," HEIGHT="41" WIDTH="179" VPOS="1516" HPOS="151"/><SP WIDTH="24" VPOS="1527" HPOS="331"/><String WC="1." CONTENT="und" HEIGHT="34" WIDTH="61" VPOS="1516" HPOS="356"/><SP WIDTH="22" VPOS="1516" HPOS="418"/><String WC="0.7825000286" CONTENT="nach" HEIGHT="44" WIDTH="72" VPOS="1516" HPOS="441"/><SP WIDTH="25" VPOS="1516" HPOS="514"/><String WC="0.8516666889" CONTENT="diesem" HEIGHT="42" WIDTH="106" VPOS="1516" HPOS="540"/><SP WIDTH="36" VPOS="1515" HPOS="647"/><String WC="0.6830000281" CONTENT="Staatsakte" HEIGHT="34" WIDTH="187" VPOS="1515" HPOS="684"/><SP WIDTH="24" VPOS="1513" HPOS="872"/><String WC="0.8700000048" CONTENT="des" HEIGHT="34" WIDTH="55" VPOS="1513" HPOS="897"/><SP WIDTH="23" VPOS="1513" HPOS="953"/><String WC="0.6299999952" CONTENT="fran" HEIGHT="43" WIDTH="72" VPOS="1513" HPOS="977"/><HYP CONTENT="­"/></TextLine>
<TextLine HEIGHT="46" WIDTH="911" VPOS="1558" HPOS="152"><String WC="0.8355555534" CONTENT="zösischen" HEIGHT="43" WIDTH="141" VPOS="1561" HPOS="152"/><SP WIDTH="15" VPOS="1561" HPOS="294"/><String WC="0.7879999876" CONTENT="Diplomaten" HEIGHT="43" WIDTH="206" VPOS="1561" HPOS="310"/><SP WIDTH="11" VPOS="1561" HPOS="517"/><String WC="0.8619999886" CONTENT="Vergennes," HEIGHT="43" WIDTH="194" VPOS="1561" HPOS="529"/><SP WIDTH="9" VPOS="1559" HPOS="724"/><String WC="1." CONTENT="der" HEIGHT="34" WIDTH="51" VPOS="1559" HPOS="734"/><SP WIDTH="16" VPOS="1559" HPOS="786"/><String WC="0.8700000048" CONTENT="diesem" HEIGHT="42" WIDTH="108" VPOS="1559" HPOS="803"/><SP WIDTH="13" VPOS="1558" HPOS="912"/><String WC="0.625" CONTENT="Staats" HEIGHT="34" WIDTH="122" VPOS="1558" HPOS="926"/><HYP CONTENT="­"/></TextLine>
<TextLine HEIGHT="46" WIDTH="912" VPOS="1602" HPOS="151"><String WC="0.726000011" CONTENT="manne" HEIGHT="24" WIDTH="112" VPOS="1615" HPOS="151"/><SP WIDTH="23" VPOS="1616" HPOS="264"/><String WC="0.9466666579" CONTENT="als" HEIGHT="34" WIDTH="50" VPOS="1605" HPOS="288"/><SP WIDTH="24" VPOS="1610" HPOS="339"/><String WC="0.8759999871" CONTENT="einer" HEIGHT="34" WIDTH="83" VPOS="1606" HPOS="364"/><SP WIDTH="23" VPOS="1605" HPOS="448"/><String WC="1." CONTENT="der" HEIGHT="34" WIDTH="53" VPOS="1605" HPOS="472"/><SP WIDTH="23" VPOS="1615" HPOS="526"/><String WC="0.832857132" CONTENT="größten" HEIGHT="43" WIDTH="131" VPOS="1605" HPOS="550"/><SP WIDTH="35" VPOS="1605" HPOS="682"/><String WC="0.853333354" CONTENT="Fehler" HEIGHT="43" WIDTH="113" VPOS="1604" HPOS="718"/><SP WIDTH="30" VPOS="1604" HPOS="832"/><String WC="0.8366666436" CONTENT="seiner" HEIGHT="42" WIDTH="97" VPOS="1603" HPOS="863"/><SP WIDTH="22" VPOS="1602" HPOS="961"/><String WC="0.7533333302" CONTENT="Ver" HEIGHT="34" WIDTH="65" VPOS="1602" HPOS="984"/><HYP CONTENT="­"/></TextLine>
<TextLine HEIGHT="47" WIDTH="913" VPOS="1647" HPOS="150"><String WC="0.6428571343" CONTENT="waltung" HEIGHT="43" WIDTH="141" VPOS="1650" HPOS="150"/><SP WIDTH="24" VPOS="1659" HPOS="292"/><String WC="0.8090909123" CONTENT="angerechnet" HEIGHT="41" WIDTH="196" VPOS="1653" HPOS="317"/><SP WIDTH="20" VPOS="1655" HPOS="514"/><String WC="0.8600000143" CONTENT="wurde," HEIGHT="41" WIDTH="124" VPOS="1650" HPOS="535"/><SP WIDTH="23" VPOS="1649" HPOS="660"/><String WC="0.825555563" CONTENT="lichteten" HEIGHT="42" WIDTH="135" VPOS="1649" HPOS="684"/><SP WIDTH="23" VPOS="1648" HPOS="820"/><String WC="0.8174999952" CONTENT="sich" HEIGHT="43" WIDTH="53" VPOS="1647" HPOS="844"/><SP WIDTH="24" VPOS="1647" HPOS="898"/><String WC="0.7866666913" CONTENT="die" HEIGHT="34" WIDTH="47" VPOS="1647" HPOS="923"/><SP WIDTH="23" VPOS="1647" HPOS="971"/><String WC="0.7749999762" CONTENT="Bu" HEIGHT="35" WIDTH="54" VPOS="1647" HPOS="995"/><HYP CONTENT="­"/></TextLine>
<TextLine HEIGHT="52" WIDTH="913" VPOS="1690" HPOS="150"><String WC="0.7779999971" CONTENT="reaus" HEIGHT="28" WIDTH="95" VPOS="1700" HPOS="150"/><SP WIDTH="17" VPOS="1696" HPOS="246"/><String WC="0.9800000191" CONTENT="der" HEIGHT="33" WIDTH="52" VPOS="1696" HPOS="264"/><SP WIDTH="14" VPOS="1696" HPOS="317"/><String WC="0.7261538506" CONTENT="französischen" HEIGHT="47" WIDTH="217" VPOS="1695" HPOS="332"/><SP WIDTH="8" VPOS="1696" HPOS="550"/><String WC="0.728181839" CONTENT="Diplomatie," HEIGHT="44" WIDTH="207" VPOS="1693" HPOS="559"/><SP WIDTH="16" VPOS="1693" HPOS="767"/><String WC="0.9700000286" CONTENT="denn" HEIGHT="34" WIDTH="78" VPOS="1693" HPOS="784"/><SP WIDTH="17" VPOS="1692" HPOS="863"/><String WC="0.8933333158" CONTENT="die" HEIGHT="34" WIDTH="45" VPOS="1692" HPOS="881"/><SP WIDTH="8" VPOS="1691" HPOS="927"/><String WC="0.7416666746" CONTENT="Herbst" HEIGHT="45" WIDTH="113" VPOS="1690" HPOS="936"/><HYP CONTENT="­"/></TextLine>
<TextLine HEIGHT="47" WIDTH="913" VPOS="1736" HPOS="149"><String WC="0.646666646" CONTENT="ferien" HEIGHT="34" WIDTH="96" VPOS="1739" HPOS="149"/><SP WIDTH="23" VPOS="1738" HPOS="246"/><String WC="0.8650000095" CONTENT="brachten" HEIGHT="45" WIDTH="141" VPOS="1738" HPOS="270"/><SP WIDTH="24" VPOS="1750" HPOS="412"/><String WC="0.474999994" CONTENT="aucy" HEIGHT="34" WIDTH="70" VPOS="1749" HPOS="437"/><SP WIDTH="32" VPOS="1740" HPOS="508"/><String WC="0.8299999833" CONTENT="die" HEIGHT="34" WIDTH="46" VPOS="1740" HPOS="541"/><SP WIDTH="27" VPOS="1740" HPOS="588"/><String WC="0.7912499905" CONTENT="üblichen" HEIGHT="44" WIDTH="137" VPOS="1738" HPOS="616"/><SP WIDTH="23" VPOS="1737" HPOS="754"/><String WC="0.8075000048" CONTENT="Herbstjagden" HEIGHT="44" WIDTH="226" VPOS="1737" HPOS="778"/><SP WIDTH="23" VPOS="1736" HPOS="1005"/><String WC="0.6850000024" CONTENT="in" HEIGHT="34" WIDTH="33" VPOS="1736" HPOS="1029"/></TextLine>
<TextLine HEIGHT="46" WIDTH="671" VPOS="1782" HPOS="153"><String WC="0.7900000215" CONTENT="oen" HEIGHT="24" WIDTH="54" VPOS="1794" HPOS="153"/><SP WIDTH="23" VPOS="1785" HPOS="208"/><String WC="0.7733333111" CONTENT="südlichen" HEIGHT="44" WIDTH="148" VPOS="1784" HPOS="232"/><SP WIDTH="23" VPOS="1785" HPOS="381"/><String WC="0.8358333111" CONTENT="Departements" HEIGHT="42" WIDTH="245" VPOS="1785" HPOS="405"/><SP WIDTH="29" VPOS="1789" HPOS="651"/><String WC="0.9033333063" CONTENT="mit" HEIGHT="34" WIDTH="55" VPOS="1783" HPOS="681"/><SP WIDTH="23" VPOS="1783" HPOS="737"/><String WC="0.5199999809" CONTENT="sich." HEIGHT="44" WIDTH="63" VPOS="1782" HPOS="761"/></TextLine>
<TextLine HEIGHT="46" WIDTH="803" VPOS="1844" HPOS="259"><String WC="0.8045454621" CONTENT="Staatsmann," HEIGHT="41" WIDTH="232" VPOS="1848" HPOS="259"/><SP WIDTH="33" VPOS="1848" HPOS="492"/><String WC="0.8288888931" CONTENT="Studiosus" HEIGHT="43" WIDTH="179" VPOS="1847" HPOS="526"/><SP WIDTH="31" VPOS="1851" HPOS="706"/><String WC="0.7933333516" CONTENT="und" HEIGHT="34" WIDTH="62" VPOS="1845" HPOS="738"/><SP WIDTH="23" VPOS="1845" HPOS="801"/><String WC="0.7557142973" CONTENT="Tourist" HEIGHT="43" WIDTH="126" VPOS="1844" HPOS="825"/><SP WIDTH="22" VPOS="1848" HPOS="952"/><String WC="0.6133333445" CONTENT="wan" HEIGHT="24" WIDTH="74" VPOS="1853" HPOS="975"/><HYP CONTENT="­"/></TextLine>
<TextLine HEIGHT="49" WIDTH="910" VPOS="1888" HPOS="152"><String WC="0.6299999952" CONTENT="derten" HEIGHT="35" WIDTH="103" VPOS="1891" HPOS="152"/><SP WIDTH="24" VPOS="1892" HPOS="256"/><String WC="0.9800000191" CONTENT="den" HEIGHT="35" WIDTH="57" VPOS="1892" HPOS="281"/><SP WIDTH="18" VPOS="1893" HPOS="339"/><String WC="0.7379999757" CONTENT="Ufern" HEIGHT="44" WIDTH="99" VPOS="1893" HPOS="358"/><SP WIDTH="22" VPOS="1892" HPOS="458"/><String WC="0.6333333254" CONTENT="der" HEIGHT="35" WIDTH="54" VPOS="1892" HPOS="481"/><SP WIDTH="14" VPOS="1892" HPOS="536"/><String WC="0.8619999886" CONTENT="Loire" HEIGHT="34" WIDTH="92" VPOS="1892" HPOS="551"/><SP WIDTH="22" VPOS="1901" HPOS="644"/><String WC="0.8066666722" CONTENT="und" HEIGHT="35" WIDTH="62" VPOS="1891" HPOS="667"/><SP WIDTH="24" VPOS="1891" HPOS="730"/><String WC="0.8842856884" CONTENT="Garonne" HEIGHT="34" WIDTH="154" VPOS="1891" HPOS="755"/><SP WIDTH="23" VPOS="1900" HPOS="910"/><String WC="0.7066666484" CONTENT="zu," HEIGHT="33" WIDTH="47" VPOS="1899" HPOS="934"/><SP WIDTH="17" VPOS="1898" HPOS="982"/><String WC="0.9966666698" CONTENT="und" HEIGHT="34" WIDTH="62" VPOS="1888" HPOS="1000"/></TextLine>
<TextLine HEIGHT="46" WIDTH="913" VPOS="1933" HPOS="149"><String WC="0.7333333492" CONTENT="die" HEIGHT="34" WIDTH="47" VPOS="1936" HPOS="149"/><SP WIDTH="33" VPOS="1936" HPOS="197"/><String WC="0.8483333588" CONTENT="Gärten" HEIGHT="36" WIDTH="124" VPOS="1936" HPOS="231"/><SP WIDTH="32" VPOS="1947" HPOS="356"/><String WC="0.8500000238" CONTENT="von" HEIGHT="23" WIDTH="63" VPOS="1948" HPOS="389"/><SP WIDTH="30" VPOS="1937" HPOS="453"/><String WC="0.7710000277" CONTENT="Versailles" HEIGHT="42" WIDTH="172" VPOS="1937" HPOS="484"/><SP WIDTH="37" VPOS="1942" HPOS="657"/><String WC="0.8742856979" CONTENT="glichen" HEIGHT="44" WIDTH="113" VPOS="1935" HPOS="695"/><SP WIDTH="31" VPOS="1945" HPOS="809"/><String WC="0.7900000215" CONTENT="auf" HEIGHT="42" WIDTH="55" VPOS="1935" HPOS="841"/><SP WIDTH="26" VPOS="1935" HPOS="897"/><String WC="0.9657142758" CONTENT="mehrere" HEIGHT="44" WIDTH="138" VPOS="1933" HPOS="924"/></TextLine>
<TextLine HEIGHT="48" WIDTH="913" VPOS="1978" HPOS="149"><String WC="0.7683333158" CONTENT="Wochen" HEIGHT="43" WIDTH="129" VPOS="1981" HPOS="149"/><SP WIDTH="24" VPOS="1982" HPOS="279"/><String WC="0.9800000191" CONTENT="den" HEIGHT="34" WIDTH="56" VPOS="1982" HPOS="304"/><SP WIDTH="19" VPOS="1992" HPOS="361"/><String WC="0.8271428347" CONTENT="menschenleeren" HEIGHT="44" WIDTH="256" VPOS="1982" HPOS="381"/><SP WIDTH="21" VPOS="1982" HPOS="638"/><String WC="0.7950000167" CONTENT="Räumen" HEIGHT="33" WIDTH="145" VPOS="1982" HPOS="660"/><SP WIDTH="21" VPOS="1990" HPOS="806"/><String WC="0.925999999" CONTENT="eines" HEIGHT="35" WIDTH="85" VPOS="1979" HPOS="828"/><SP WIDTH="17" VPOS="1984" HPOS="914"/><String WC="0.7450000048" CONTENT="geheim" HEIGHT="44" WIDTH="116" VPOS="1978" HPOS="932"/><HYP CONTENT="­"/></TextLine>
<TextLine HEIGHT="45" WIDTH="419" VPOS="2025" HPOS="149"><String WC="0.7933333516" CONTENT="nißvollen" HEIGHT="43" WIDTH="162" VPOS="2025" HPOS="149"/><SP WIDTH="23" VPOS="2027" HPOS="312"/><String WC="0.8869230747" CONTENT="Feenpalastes." HEIGHT="43" WIDTH="232" VPOS="2027" HPOS="336"/></TextLine>
<TextLine HEIGHT="47" WIDTH="805" VPOS="2077" HPOS="256"><String WC="1." CONTENT="Der" HEIGHT="34" WIDTH="68" VPOS="2081" HPOS="256"/><SP WIDTH="23" VPOS="2080" HPOS="325"/><String WC="0.821111083" CONTENT="begüterte" HEIGHT="44" WIDTH="157" VPOS="2080" HPOS="349"/><SP WIDTH="23" VPOS="2081" HPOS="507"/><String WC="0.9825000167" CONTENT="Adel" HEIGHT="34" WIDTH="78" VPOS="2081" HPOS="531"/><SP WIDTH="31" VPOS="2081" HPOS="610"/><String WC="0.5533333421" CONTENT="zog" HEIGHT="33" WIDTH="55" VPOS="2090" HPOS="642"/><SP WIDTH="35" VPOS="2080" HPOS="698"/><String WC="0.6499999762" CONTENT="dem" HEIGHT="33" WIDTH="67" VPOS="2080" HPOS="734"/><SP WIDTH="35" VPOS="2089" HPOS="802"/><String WC="0.8000000119" CONTENT="edlen" HEIGHT="34" WIDTH="84" VPOS="2079" HPOS="838"/><SP WIDTH="32" VPOS="2078" HPOS="923"/><String WC="0.9200000167" CONTENT="Waid" HEIGHT="35" WIDTH="91" VPOS="2077" HPOS="956"/><HYP CONTENT="­"/></TextLine>
<TextLine HEIGHT="48" WIDTH="913" VPOS="2121" HPOS="149"><String WC="0.8460000157" CONTENT="werke" HEIGHT="35" WIDTH="95" VPOS="2124" HPOS="149"/><SP WIDTH="24" VPOS="2135" HPOS="245"/><String WC="0.7599999905" CONTENT="auf" HEIGHT="42" WIDTH="54" VPOS="2126" HPOS="270"/><SP WIDTH="21" VPOS="2125" HPOS="325"/><String WC="0.6299999952" CONTENT="seinen" HEIGHT="43" WIDTH="101" VPOS="2125" HPOS="347"/><SP WIDTH="22" VPOS="2126" HPOS="449"/><String WC="0.7736363411" CONTENT="Besitzungen" HEIGHT="43" WIDTH="200" VPOS="2126" HPOS="472"/><SP WIDTH="27" VPOS="2135" HPOS="673"/><String WC="0.8650000095" CONTENT="nach" HEIGHT="40" WIDTH="72" VPOS="2127" HPOS="701"/><SP WIDTH="24" VPOS="2127" HPOS="774"/><String WC="0.6233333349" CONTENT="und" HEIGHT="34" WIDTH="62" VPOS="2124" HPOS="799"/><SP WIDTH="24" VPOS="2124" HPOS="862"/><String WC="0.8433333039" CONTENT="der" HEIGHT="34" WIDTH="52" VPOS="2124" HPOS="887"/><SP WIDTH="28" VPOS="2133" HPOS="940"/><String WC="0.6850000024" CONTENT="unbe" HEIGHT="35" WIDTH="80" VPOS="2121" HPOS="969"/><HYP CONTENT="­"/></TextLine>
<TextLine HEIGHT="44" WIDTH="706" VPOS="2169" HPOS="148"><String WC="0.65625" CONTENT="mittelte" HEIGHT="35" WIDTH="127" VPOS="2169" HPOS="148"/><SP WIDTH="22" VPOS="2170" HPOS="276"/><String WC="0.7566666603" CONTENT="folgte" HEIGHT="43" WIDTH="95" VPOS="2170" HPOS="299"/><SP WIDTH="28" VPOS="2170" HPOS="395"/><String WC="0.8700000048" CONTENT="den" HEIGHT="35" WIDTH="57" VPOS="2170" HPOS="424"/><SP WIDTH="32" VPOS="2171" HPOS="482"/><String WC="0.7418181896" CONTENT="Einladungen" HEIGHT="42" WIDTH="219" VPOS="2171" HPOS="515"/><SP WIDTH="21" VPOS="2170" HPOS="735"/><String WC="0.7300000191" CONTENT="hiezu." HEIGHT="44" WIDTH="97" VPOS="2169" HPOS="757"/></TextLine>
<TextLine HEIGHT="44" WIDTH="805" VPOS="2222" HPOS="257"><String WC="0.9766666889" CONTENT="Die" HEIGHT="35" WIDTH="63" VPOS="2223" HPOS="257"/><SP WIDTH="23" VPOS="2225" HPOS="321"/><String WC="0.7900000215" CONTENT="Forste" HEIGHT="41" WIDTH="107" VPOS="2225" HPOS="345"/><SP WIDTH="30" VPOS="2224" HPOS="453"/><String WC="0.8700000048" CONTENT="des" HEIGHT="34" WIDTH="54" VPOS="2224" HPOS="484"/><SP WIDTH="29" VPOS="2224" HPOS="539"/><String WC="0.875" CONTENT="Landes" HEIGHT="34" WIDTH="124" VPOS="2224" HPOS="569"/><SP WIDTH="31" VPOS="2229" HPOS="694"/><String WC="0.8876923323" CONTENT="wiederhallten" HEIGHT="43" WIDTH="233" VPOS="2222" HPOS="726"/><SP WIDTH="30" VPOS="2232" HPOS="960"/><String WC="0.8433333039" CONTENT="vom" HEIGHT="23" WIDTH="71" VPOS="2232" HPOS="991"/></TextLine>
<TextLine HEIGHT="44" WIDTH="911" VPOS="2267" HPOS="151"><String WC="0.6511111259" CONTENT="Hornrufe," HEIGHT="44" WIDTH="174" VPOS="2267" HPOS="151"/><SP WIDTH="35" VPOS="2279" HPOS="326"/><String WC="0.9966666698" CONTENT="und" HEIGHT="33" WIDTH="61" VPOS="2269" HPOS="362"/><SP WIDTH="32" VPOS="2269" HPOS="424"/><String WC="0.7024999857" CONTENT="Garn" HEIGHT="34" WIDTH="94" VPOS="2270" HPOS="457"/><SP WIDTH="29" VPOS="2279" HPOS="552"/><String WC="0.7433333397" CONTENT="und" HEIGHT="34" WIDTH="62" VPOS="2268" HPOS="582"/><SP WIDTH="23" VPOS="2268" HPOS="645"/><String WC="0.853333354" CONTENT="Büchse" HEIGHT="42" WIDTH="114" VPOS="2268" HPOS="669"/><SP WIDTH="24" VPOS="2278" HPOS="784"/><String WC="0.8019999862" CONTENT="waren" HEIGHT="23" WIDTH="106" VPOS="2278" HPOS="809"/><SP WIDTH="24" VPOS="2268" HPOS="916"/><String WC="0.8339999914" CONTENT="Tages" HEIGHT="41" WIDTH="107" VPOS="2268" HPOS="941"/><HYP CONTENT="­"/></TextLine>
<TextLine HEIGHT="45" WIDTH="664" VPOS="2312" HPOS="151"><String WC="0.6700000167" CONTENT="parole" HEIGHT="43" WIDTH="109" VPOS="2313" HPOS="151"/><SP WIDTH="24" VPOS="2323" HPOS="261"/><String WC="0.7266666889" CONTENT="oer" HEIGHT="24" WIDTH="52" VPOS="2323" HPOS="286"/><SP WIDTH="21" VPOS="2313" HPOS="339"/><String WC="0.7333333492" CONTENT="jagdlustigen" HEIGHT="44" WIDTH="203" VPOS="2313" HPOS="361"/><SP WIDTH="27" VPOS="2314" HPOS="565"/><String WC="0.7353846431" CONTENT="Junkerschaft." HEIGHT="44" WIDTH="222" VPOS="2312" HPOS="593"/></TextLine>
<TextLine HEIGHT="47" WIDTH="803" VPOS="2364" HPOS="258"><String WC="0.5500000119" CONTENT="An" HEIGHT="34" WIDTH="50" VPOS="2367" HPOS="258"/><SP WIDTH="23" VPOS="2377" HPOS="309"/><String WC="0.7979999781" CONTENT="einem" HEIGHT="34" WIDTH="97" VPOS="2367" HPOS="333"/><SP WIDTH="25" VPOS="2367" HPOS="431"/><String WC="0.853333354" CONTENT="der" HEIGHT="34" WIDTH="53" VPOS="2367" HPOS="457"/><SP WIDTH="20" VPOS="2367" HPOS="511"/><String WC="0.8766666651" CONTENT="herrlichsten" HEIGHT="45" WIDTH="191" VPOS="2366" HPOS="532"/><SP WIDTH="28" VPOS="2366" HPOS="724"/><String WC="0.8166666627" CONTENT="Septemberabende" HEIGHT="45" WIDTH="308" VPOS="2364" HPOS="753"/></TextLine>
<TextLine HEIGHT="45" WIDTH="910" VPOS="2410" HPOS="151"><String WC="0.7433333397" CONTENT="des" HEIGHT="34" WIDTH="55" VPOS="2411" HPOS="151"/><SP WIDTH="23" VPOS="2416" HPOS="207"/><String WC="0.9488888979" CONTENT="genannten" HEIGHT="37" WIDTH="173" VPOS="2417" HPOS="231"/><SP WIDTH="22" VPOS="2412" HPOS="405"/><String WC="0.9300000072" CONTENT="Jahres" HEIGHT="43" WIDTH="126" VPOS="2412" HPOS="428"/><SP WIDTH="24" VPOS="2412" HPOS="555"/><String WC="0.7680000067" CONTENT="stieg" HEIGHT="43" WIDTH="71" VPOS="2411" HPOS="580"/><SP WIDTH="24" VPOS="2421" HPOS="652"/><String WC="0.7450000048" CONTENT="auch" HEIGHT="41" WIDTH="72" VPOS="2413" HPOS="677"/><SP WIDTH="21" VPOS="2413" HPOS="750"/><String WC="0.8799999952" CONTENT="über" HEIGHT="34" WIDTH="77" VPOS="2410" HPOS="772"/><SP WIDTH="20" VPOS="2410" HPOS="850"/><String WC="0.7233333588" CONTENT="die" HEIGHT="34" WIDTH="46" VPOS="2410" HPOS="871"/><SP WIDTH="23" VPOS="2411" HPOS="918"/><String WC="0.6885714531" CONTENT="sanften" HEIGHT="43" WIDTH="119" VPOS="2410" HPOS="942"/></TextLine>
<TextLine HEIGHT="45" WIDTH="913" VPOS="2454" HPOS="148"><String WC="0.7979999781" CONTENT="Hügel" HEIGHT="44" WIDTH="109" VPOS="2455" HPOS="148"/><SP WIDTH="29" VPOS="2456" HPOS="258"/><String WC="0.7400000095" CONTENT="im" HEIGHT="34" WIDTH="42" VPOS="2456" HPOS="288"/><SP WIDTH="31" VPOS="2457" HPOS="331"/><String WC="0.7881818414" CONTENT="Departement" HEIGHT="42" WIDTH="225" VPOS="2457" HPOS="363"/><SP WIDTH="29" VPOS="2455" HPOS="589"/><String WC="0.8066666722" CONTENT="Lot" HEIGHT="35" WIDTH="59" VPOS="2455" HPOS="619"/><SP WIDTH="26" VPOS="2461" HPOS="679"/><String WC="0.8316666484" CONTENT="unfern" HEIGHT="42" WIDTH="112" VPOS="2456" HPOS="706"/><SP WIDTH="35" VPOS="2455" HPOS="819"/><String WC="0.9733333588" CONTENT="des" HEIGHT="34" WIDTH="55" VPOS="2455" HPOS="855"/><SP WIDTH="36" VPOS="2455" HPOS="911"/><String WC="0.6539999843" CONTENT="Städt" HEIGHT="34" WIDTH="101" VPOS="2454" HPOS="948"/><HYP CONTENT="­"/></TextLine>
<TextLine HEIGHT="47" WIDTH="911" VPOS="2498" HPOS="149"><String WC="0.9419999719" CONTENT="chens" HEIGHT="42" WIDTH="86" VPOS="2501" HPOS="149"/><SP WIDTH="30" VPOS="2500" HPOS="236"/><String WC="0.8771428466" CONTENT="Bastide" HEIGHT="43" WIDTH="127" VPOS="2500" HPOS="267"/><SP WIDTH="34" VPOS="2500" HPOS="395"/><String WC="0.7866666913" CONTENT="bei" HEIGHT="35" WIDTH="47" VPOS="2500" HPOS="430"/><SP WIDTH="23" VPOS="2501" HPOS="478"/><String WC="0.7783333063" CONTENT="Cahors" HEIGHT="44" WIDTH="129" VPOS="2501" HPOS="502"/><SP WIDTH="35" VPOS="2505" HPOS="632"/><String WC="0.8799999952" CONTENT="ein" HEIGHT="33" WIDTH="48" VPOS="2501" HPOS="668"/><SP WIDTH="24" VPOS="2500" HPOS="717"/><String WC="0.6974999905" CONTENT="Mann" HEIGHT="34" WIDTH="108" VPOS="2500" HPOS="742"/><SP WIDTH="22" VPOS="2510" HPOS="851"/><String WC="0.75" CONTENT="von" HEIGHT="24" WIDTH="62" VPOS="2509" HPOS="874"/><SP WIDTH="35" VPOS="2509" HPOS="937"/><String WC="0.7379999757" CONTENT="zwei-" HEIGHT="42" WIDTH="87" VPOS="2498" HPOS="973"/></TextLine>
<TextLine HEIGHT="47" WIDTH="912" VPOS="2542" HPOS="148"><String WC="0.7666666508" CONTENT="bis" HEIGHT="34" WIDTH="51" VPOS="2545" HPOS="148"/><SP WIDTH="16" VPOS="2545" HPOS="200"/><String WC="0.8230769038" CONTENT="dreiundreißig" HEIGHT="44" WIDTH="230" VPOS="2545" HPOS="217"/><SP WIDTH="23" VPOS="2546" HPOS="448"/><String WC="0.8066666722" CONTENT="Jahren" HEIGHT="43" WIDTH="128" VPOS="2546" HPOS="472"/><SP WIDTH="15" VPOS="2545" HPOS="601"/><String WC="0.9300000072" CONTENT="ins" HEIGHT="34" WIDTH="53" VPOS="2545" HPOS="617"/><SP WIDTH="19" VPOS="2550" HPOS="671"/><String WC="0.6985714436" CONTENT="waldige" HEIGHT="42" WIDTH="134" VPOS="2545" HPOS="691"/><SP WIDTH="19" VPOS="2544" HPOS="826"/><String WC="0.8424999714" CONTENT="Thal" HEIGHT="43" WIDTH="85" VPOS="2543" HPOS="846"/><SP WIDTH="15" VPOS="2544" HPOS="932"/><String WC="0.7166666389" CONTENT="hinab;" HEIGHT="45" WIDTH="112" VPOS="2542" HPOS="948"/></TextLine>
<TextLine HEIGHT="46" WIDTH="911" VPOS="2588" HPOS="148"><String WC="0.6600000262" CONTENT="er" HEIGHT="24" WIDTH="33" VPOS="2600" HPOS="148"/><SP WIDTH="22" VPOS="2596" HPOS="182"/><String WC="0.6924999952" CONTENT="trug" HEIGHT="37" WIDTH="71" VPOS="2596" HPOS="205"/><SP WIDTH="24" VPOS="2600" HPOS="277"/><String WC="0.7340000272" CONTENT="einen" HEIGHT="31" WIDTH="86" VPOS="2593" HPOS="302"/><SP WIDTH="28" VPOS="2600" HPOS="389"/><String WC="0.8999999762" CONTENT="grünen" HEIGHT="41" WIDTH="121" VPOS="2592" HPOS="418"/><SP WIDTH="28" VPOS="2591" HPOS="540"/><String WC="0.6474999785" CONTENT="Jagdrock" HEIGHT="45" WIDTH="157" VPOS="2589" HPOS="569"/><SP WIDTH="37" VPOS="2589" HPOS="727"/><String WC="0.7566666603" CONTENT="und" HEIGHT="34" WIDTH="62" VPOS="2589" HPOS="765"/><SP WIDTH="35" VPOS="2589" HPOS="828"/><String WC="0.9125000238" CONTENT="eine" HEIGHT="34" WIDTH="65" VPOS="2589" HPOS="864"/><SP WIDTH="24" VPOS="2589" HPOS="930"/><String WC="0.8550000191" CONTENT="Flinte" HEIGHT="42" WIDTH="104" VPOS="2588" HPOS="955"/></TextLine>
<TextLine HEIGHT="45" WIDTH="910" VPOS="2633" HPOS="149"><String WC="0.4099999964" CONTENT="auf" HEIGHT="43" WIDTH="54" VPOS="2635" HPOS="149"/><SP WIDTH="26" VPOS="2634" HPOS="204"/><String WC="0.7366666794" CONTENT="dem" HEIGHT="34" WIDTH="68" VPOS="2634" HPOS="231"/><SP WIDTH="22" VPOS="2635" HPOS="300"/><String WC="0.6285714507" CONTENT="Rücken," HEIGHT="43" WIDTH="129" VPOS="2634" HPOS="323"/><SP WIDTH="23" VPOS="2635" HPOS="453"/><String WC="0.9879999757" CONTENT="deren" HEIGHT="34" WIDTH="90" VPOS="2635" HPOS="477"/><SP WIDTH="23" VPOS="2635" HPOS="568"/><String WC="0.7333333492" CONTENT="Schaft" HEIGHT="44" WIDTH="114" VPOS="2633" HPOS="592"/><SP WIDTH="22" VPOS="2639" HPOS="707"/><String WC="0.9137499928" CONTENT="zierlich" HEIGHT="44" WIDTH="116" VPOS="2633" HPOS="730"/><SP WIDTH="23" VPOS="2633" HPOS="847"/><String WC="0.6366666555" CONTENT="mit" HEIGHT="34" WIDTH="56" VPOS="2633" HPOS="871"/><SP WIDTH="24" VPOS="2634" HPOS="928"/><String WC="0.6100000143" CONTENT="Elfen" HEIGHT="43" WIDTH="92" VPOS="2633" HPOS="953"/><HYP CONTENT="­"/></TextLine>
<TextLine HEIGHT="45" WIDTH="911" VPOS="2678" HPOS="147"><String WC="0.8374999762" CONTENT="bein" HEIGHT="35" WIDTH="71" VPOS="2678" HPOS="147"/><SP WIDTH="23" VPOS="2690" HPOS="219"/><String WC="0.8377777934" CONTENT="ausgelegt" HEIGHT="43" WIDTH="163" VPOS="2679" HPOS="243"/><SP WIDTH="25" VPOS="2684" HPOS="407"/><String WC="0.6974999905" CONTENT="war;" HEIGHT="34" WIDTH="84" VPOS="2689" HPOS="433"/><SP WIDTH="32" VPOS="2681" HPOS="518"/><String WC="0.6949999928" CONTENT="sein" HEIGHT="44" WIDTH="62" VPOS="2679" HPOS="551"/><SP WIDTH="21" VPOS="2689" HPOS="614"/><String WC="0.8166666627" CONTENT="volles" HEIGHT="31" WIDTH="101" VPOS="2682" HPOS="636"/><SP WIDTH="30" VPOS="2684" HPOS="738"/><String WC="0.9383333325" CONTENT="regelrechtes" HEIGHT="43" WIDTH="200" VPOS="2678" HPOS="769"/><SP WIDTH="25" VPOS="2678" HPOS="970"/><String WC="1." CONTENT="Ge" HEIGHT="34" WIDTH="49" VPOS="2678" HPOS="996"/><HYP CONTENT="­"/></TextLine>
<TextLine HEIGHT="48" WIDTH="911" VPOS="2722" HPOS="147"><String WC="0.5580000281" CONTENT="sicht" HEIGHT="47" WIDTH="70" VPOS="2723" HPOS="147"/><SP WIDTH="22" VPOS="2729" HPOS="218"/><String WC="0.6650000215" CONTENT="trug" HEIGHT="38" WIDTH="72" VPOS="2729" HPOS="241"/><SP WIDTH="21" VPOS="2734" HPOS="314"/><String WC="0.7375000119" CONTENT="mehr" HEIGHT="41" WIDTH="86" VPOS="2725" HPOS="336"/><SP WIDTH="23" VPOS="2724" HPOS="423"/><String WC="0.7699999809" CONTENT="den" HEIGHT="34" WIDTH="56" VPOS="2724" HPOS="447"/><SP WIDTH="15" VPOS="2724" HPOS="504"/><String WC="0.6987500191" CONTENT="Ausdruck" HEIGHT="35" WIDTH="159" VPOS="2723" HPOS="520"/><SP WIDTH="14" VPOS="2723" HPOS="680"/><String WC="0.8566666842" CONTENT="der" HEIGHT="35" WIDTH="53" VPOS="2723" HPOS="695"/><SP WIDTH="16" VPOS="2723" HPOS="749"/><String WC="0.8578571677" CONTENT="Menschenfreund" HEIGHT="43" WIDTH="278" VPOS="2722" HPOS="766"/><HYP CONTENT="­"/></TextLine>
<TextLine HEIGHT="46" WIDTH="910" VPOS="2767" HPOS="148"><String WC="0.7762500048" CONTENT="lichkeit" HEIGHT="42" WIDTH="109" VPOS="2768" HPOS="148"/><SP WIDTH="35" VPOS="2774" HPOS="258"/><String WC="0.7166666389" CONTENT="als" HEIGHT="33" WIDTH="50" VPOS="2769" HPOS="294"/><SP WIDTH="32" VPOS="2769" HPOS="345"/><String WC="0.7482352853" CONTENT="Entschlossenheit," HEIGHT="44" WIDTH="275" VPOS="2769" HPOS="378"/><SP WIDTH="38" VPOS="2778" HPOS="654"/><String WC="0.7566666603" CONTENT="wie" HEIGHT="34" WIDTH="58" VPOS="2768" HPOS="693"/><SP WIDTH="31" VPOS="2768" HPOS="752"/><String WC="0.8949999809" CONTENT="sich" HEIGHT="43" WIDTH="53" VPOS="2767" HPOS="784"/><SP WIDTH="31" VPOS="2767" HPOS="838"/><String WC="0.94599998" CONTENT="diese" HEIGHT="42" WIDTH="76" VPOS="2767" HPOS="870"/><SP WIDTH="31" VPOS="2768" HPOS="947"/><String WC="0.8439999819" CONTENT="sonst" HEIGHT="41" WIDTH="79" VPOS="2768" HPOS="979"/></TextLine>
<TextLine HEIGHT="45" WIDTH="906" VPOS="2812" HPOS="151"><String WC="0.7766666412" CONTENT="auf" HEIGHT="42" WIDTH="54" VPOS="2813" HPOS="151"/><SP WIDTH="15" VPOS="2813" HPOS="206"/><String WC="1." CONTENT="den" HEIGHT="33" WIDTH="55" VPOS="2813" HPOS="222"/><SP WIDTH="15" VPOS="2822" HPOS="278"/><String WC="0.8740000129" CONTENT="gebräunten" HEIGHT="43" WIDTH="191" VPOS="2813" HPOS="294"/><SP WIDTH="15" VPOS="2813" HPOS="486"/><String WC="0.9430000186" CONTENT="Gesichtern" HEIGHT="44" WIDTH="175" VPOS="2813" HPOS="502"/><SP WIDTH="16" VPOS="2812" HPOS="678"/><String WC="0.8866666555" CONTENT="der" HEIGHT="35" WIDTH="54" VPOS="2812" HPOS="695"/><SP WIDTH="15" VPOS="2813" HPOS="750"/><String WC="0.6999999881" CONTENT="Söhne" HEIGHT="41" WIDTH="114" VPOS="2812" HPOS="766"/><SP WIDTH="16" VPOS="2812" HPOS="881"/><String WC="0.9933333397" CONTENT="des" HEIGHT="34" WIDTH="54" VPOS="2812" HPOS="898"/><SP WIDTH="17" VPOS="2813" HPOS="953"/><String WC="0.8666666746" CONTENT="Wal" HEIGHT="34" WIDTH="74" VPOS="2812" HPOS="971"/><HYP CONTENT="­"/></TextLine>
<TextLine HEIGHT="45" WIDTH="908" VPOS="2856" HPOS="149"><String WC="0.9366666675" CONTENT="des" HEIGHT="35" WIDTH="54" VPOS="2856" HPOS="149"/><SP WIDTH="23" VPOS="2862" HPOS="204"/><String WC="0.65625" CONTENT="markirt;" HEIGHT="43" WIDTH="140" VPOS="2858" HPOS="228"/><SP WIDTH="39" VPOS="2859" HPOS="369"/><String WC="0.9480000138" CONTENT="seine" HEIGHT="43" WIDTH="78" VPOS="2858" HPOS="409"/><SP WIDTH="30" VPOS="2868" HPOS="488"/><String WC="0.9162499905" CONTENT="gebogene" HEIGHT="43" WIDTH="152" VPOS="2858" HPOS="519"/><SP WIDTH="25" VPOS="2858" HPOS="672"/><String WC="0.9574999809" CONTENT="Nase" HEIGHT="42" WIDTH="83" VPOS="2858" HPOS="698"/><SP WIDTH="21" VPOS="2867" HPOS="782"/><String WC="0.9150000215" CONTENT="prägte" HEIGHT="40" WIDTH="110" VPOS="2859" HPOS="804"/><SP WIDTH="30" VPOS="2857" HPOS="915"/><String WC="0.7433333397" CONTENT="seinem" HEIGHT="43" WIDTH="111" VPOS="2857" HPOS="946"/></TextLine>
<TextLine HEIGHT="46" WIDTH="908" VPOS="2900" HPOS="149"><String WC="0.7690908909" CONTENT="gutmüthigen" HEIGHT="45" WIDTH="212" VPOS="2900" HPOS="149"/><SP WIDTH="9" VPOS="2903" HPOS="362"/><String WC="0.9537500143" CONTENT="Gesichte" HEIGHT="43" WIDTH="134" VPOS="2903" HPOS="372"/><SP WIDTH="12" VPOS="2913" HPOS="507"/><String WC="0.8475000262" CONTENT="zugleich" HEIGHT="43" WIDTH="129" VPOS="2903" HPOS="520"/><SP WIDTH="8" VPOS="2902" HPOS="650"/><String WC="0.6333333254" CONTENT="den" HEIGHT="35" WIDTH="57" VPOS="2902" HPOS="659"/><SP WIDTH="9" VPOS="2912" HPOS="717"/><String WC="0.9300000072" CONTENT="geistreichen" HEIGHT="44" WIDTH="187" VPOS="2901" HPOS="727"/><SP WIDTH="9" VPOS="2902" HPOS="915"/><String WC="0.8833333254" CONTENT="Römer-" HEIGHT="34" WIDTH="132" VPOS="2902" HPOS="925"/></TextLine>
<TextLine HEIGHT="43" WIDTH="209" VPOS="2947" HPOS="147"><String WC="0.7300000191" CONTENT="Typus" HEIGHT="43" WIDTH="115" VPOS="2947" HPOS="147"/><SP WIDTH="30" VPOS="2952" HPOS="263"/><String WC="0.9225000143" CONTENT="auf." HEIGHT="42" WIDTH="62" VPOS="2948" HPOS="294"/></TextLine>
<TextLine HEIGHT="51" WIDTH="799" VPOS="2990" HPOS="257"><String WC="0.7074999809" CONTENT="Sein" HEIGHT="34" WIDTH="81" VPOS="2991" HPOS="257"/><SP WIDTH="35" VPOS="2992" HPOS="339"/><String WC="0.885833323" CONTENT="freundliches" HEIGHT="43" WIDTH="202" VPOS="2991" HPOS="375"/><SP WIDTH="31" VPOS="2992" HPOS="578"/><String WC="0.7099999785" CONTENT="Auge" HEIGHT="42" WIDTH="88" VPOS="2992" HPOS="610"/><SP WIDTH="23" VPOS="2991" HPOS="699"/><String WC="0.7377777696" CONTENT="schweifte" HEIGHT="50" WIDTH="145" VPOS="2991" HPOS="723"/><SP WIDTH="34" VPOS="2992" HPOS="869"/><String WC="0.9275000095" CONTENT="über" HEIGHT="34" WIDTH="77" VPOS="2990" HPOS="904"/><SP WIDTH="26" VPOS="2990" HPOS="982"/><String WC="0.9533333182" CONTENT="die" HEIGHT="34" WIDTH="47" VPOS="2990" HPOS="1009"/></TextLine>
<TextLine HEIGHT="45" WIDTH="910" VPOS="3035" HPOS="146"><String WC="0.7516666651" CONTENT="schöne" HEIGHT="43" WIDTH="102" VPOS="3036" HPOS="146"/><SP WIDTH="26" VPOS="3036" HPOS="249"/><String WC="0.7471428514" CONTENT="Gegend;" HEIGHT="44" WIDTH="147" VPOS="3036" HPOS="276"/><SP WIDTH="35" VPOS="3046" HPOS="424"/><String WC="1." CONTENT="er" HEIGHT="24" WIDTH="31" VPOS="3046" HPOS="460"/><SP WIDTH="28" VPOS="3037" HPOS="492"/><String WC="0.9333333373" CONTENT="lehnte" HEIGHT="44" WIDTH="100" VPOS="3036" HPOS="521"/><SP WIDTH="22" VPOS="3036" HPOS="622"/><String WC="0.8700000048" CONTENT="sich" HEIGHT="44" WIDTH="54" VPOS="3035" HPOS="645"/><SP WIDTH="34" VPOS="3035" HPOS="700"/><String WC="0.6999999881" CONTENT="an" HEIGHT="23" WIDTH="41" VPOS="3046" HPOS="735"/><SP WIDTH="34" VPOS="3045" HPOS="777"/><String WC="0.8125" CONTENT="emen" HEIGHT="23" WIDTH="87" VPOS="3045" HPOS="812"/><SP WIDTH="34" VPOS="3036" HPOS="900"/><String WC="0.9066666961" CONTENT="Felsen" HEIGHT="42" WIDTH="108" VPOS="3035" HPOS="935"/><HYP CONTENT="­"/></TextLine>
<TextLine HEIGHT="46" WIDTH="910" VPOS="3078" HPOS="146"><String WC="0.8444444537" CONTENT="vorsprung" HEIGHT="43" WIDTH="175" VPOS="3081" HPOS="146"/><SP WIDTH="34" VPOS="3091" HPOS="322"/><String WC="0.8733333349" CONTENT="und" HEIGHT="34" WIDTH="63" VPOS="3081" HPOS="357"/><SP WIDTH="34" VPOS="3081" HPOS="421"/><String WC="0.7585714459" CONTENT="blickte" HEIGHT="35" WIDTH="97" VPOS="3080" HPOS="456"/><SP WIDTH="36" VPOS="3091" HPOS="554"/><String WC="1." CONTENT="eine" HEIGHT="34" WIDTH="66" VPOS="3081" HPOS="591"/><SP WIDTH="34" VPOS="3090" HPOS="658"/><String WC="0.9942857027" CONTENT="geraume" HEIGHT="34" WIDTH="146" VPOS="3089" HPOS="693"/><SP WIDTH="33" VPOS="3079" HPOS="840"/><String WC="0.8140000105" CONTENT="Weile" HEIGHT="33" WIDTH="97" VPOS="3079" HPOS="874"/><SP WIDTH="30" VPOS="3078" HPOS="972"/><String WC="0.8833333254" CONTENT="ins" HEIGHT="34" WIDTH="53" VPOS="3078" HPOS="1003"/></TextLine>
<TextLine HEIGHT="50" WIDTH="910" VPOS="3122" HPOS="147"><String WC="0.8174999952" CONTENT="Thal" HEIGHT="44" WIDTH="85" VPOS="3125" HPOS="147"/><SP WIDTH="28" VPOS="3126" HPOS="233"/><String WC="0.603333354" CONTENT="hinab," HEIGHT="44" WIDTH="107" VPOS="3125" HPOS="262"/><SP WIDTH="37" VPOS="3127" HPOS="370"/><String WC="0.6650000215" CONTENT="über" HEIGHT="36" WIDTH="78" VPOS="3124" HPOS="408"/><SP WIDTH="28" VPOS="3136" HPOS="487"/><String WC="0.7571428418" CONTENT="welches" HEIGHT="47" WIDTH="128" VPOS="3125" HPOS="516"/><SP WIDTH="24" VPOS="3125" HPOS="645"/><String WC="0.9033333063" CONTENT="die" HEIGHT="34" WIDTH="47" VPOS="3125" HPOS="670"/><SP WIDTH="22" VPOS="3125" HPOS="718"/><String WC="0.9060000181" CONTENT="scheidende" HEIGHT="45" WIDTH="167" VPOS="3123" HPOS="741"/><SP WIDTH="22" VPOS="3122" HPOS="909"/><String WC="0.8216666579" CONTENT="Herbst" HEIGHT="44" WIDTH="112" VPOS="3122" HPOS="932"/><HYP CONTENT="­"/></TextLine>
<TextLine HEIGHT="46" WIDTH="803" VPOS="3168" HPOS="147"><String WC="0.7080000043" CONTENT="sonne" HEIGHT="43" WIDTH="92" VPOS="3170" HPOS="147"/><SP WIDTH="23" VPOS="3180" HPOS="240"/><String WC="0.8475000262" CONTENT="eben" HEIGHT="34" WIDTH="75" VPOS="3170" HPOS="264"/><SP WIDTH="23" VPOS="3181" HPOS="340"/><String WC="0.7220000029" CONTENT="einen" HEIGHT="33" WIDTH="85" VPOS="3171" HPOS="364"/><SP WIDTH="27" VPOS="3181" HPOS="450"/><String WC="0.9100000262" CONTENT="magischen" HEIGHT="44" WIDTH="167" VPOS="3170" HPOS="478"/><SP WIDTH="21" VPOS="3169" HPOS="646"/><String WC="0.9527272582" CONTENT="Lichtstreif" HEIGHT="44" WIDTH="167" VPOS="3169" HPOS="668"/><SP WIDTH="21" VPOS="3169" HPOS="836"/><String WC="0.7900000215" CONTENT="warf." HEIGHT="43" WIDTH="92" VPOS="3168" HPOS="858"/></TextLine>
<TextLine HEIGHT="47" WIDTH="802" VPOS="3212" HPOS="255"><String WC="0.9433333278" CONTENT="Die" HEIGHT="35" WIDTH="63" VPOS="3214" HPOS="255"/><SP WIDTH="28" VPOS="3225" HPOS="319"/><String WC="0.8880000114" CONTENT="reine" HEIGHT="34" WIDTH="83" VPOS="3215" HPOS="348"/><SP WIDTH="26" VPOS="3214" HPOS="432"/><String WC="0.6474999785" CONTENT="Lust" HEIGHT="45" WIDTH="74" VPOS="3214" HPOS="459"/><SP WIDTH="34" VPOS="3216" HPOS="534"/><String WC="0.7325000167" CONTENT="ließ" HEIGHT="44" WIDTH="59" VPOS="3214" HPOS="569"/><SP WIDTH="35" VPOS="3214" HPOS="629"/><String WC="0.9366666675" CONTENT="die" HEIGHT="35" WIDTH="47" VPOS="3214" HPOS="665"/><SP WIDTH="23" VPOS="3215" HPOS="713"/><String WC="0.821428597" CONTENT="sanften" HEIGHT="43" WIDTH="119" VPOS="3215" HPOS="737"/><SP WIDTH="21" VPOS="3213" HPOS="857"/><String WC="0.8174999952" CONTENT="Töne" HEIGHT="34" WIDTH="90" VPOS="3213" HPOS="879"/><SP WIDTH="34" VPOS="3212" HPOS="970"/><String WC="0.8866666555" CONTENT="der" HEIGHT="34" WIDTH="52" VPOS="3212" HPOS="1005"/></TextLine>
<TextLine HEIGHT="47" WIDTH="909" VPOS="3256" HPOS="147"><String WC="0.6958333254" CONTENT="Abendglocken" HEIGHT="44" WIDTH="224" VPOS="3258" HPOS="147"/><SP WIDTH="29" VPOS="3271" HPOS="372"/><String WC="0.8140000105" CONTENT="vernehmen," HEIGHT="43" WIDTH="200" VPOS="3260" HPOS="402"/><SP WIDTH="34" VPOS="3270" HPOS="603"/><String WC="0.8133333325" CONTENT="welche" HEIGHT="43" WIDTH="107" VPOS="3259" HPOS="638"/><SP WIDTH="32" VPOS="3269" HPOS="746"/><String WC="0.6966666579" CONTENT="vom" HEIGHT="24" WIDTH="72" VPOS="3269" HPOS="779"/><SP WIDTH="32" VPOS="3258" HPOS="852"/><String WC="0.8022222519" CONTENT="Städtchen" HEIGHT="44" WIDTH="171" VPOS="3256" HPOS="885"/></TextLine>
<TextLine HEIGHT="46" WIDTH="908" VPOS="3302" HPOS="147"><String WC="0.6614285707" CONTENT="Bastide" HEIGHT="43" WIDTH="126" VPOS="3304" HPOS="147"/><SP WIDTH="23" VPOS="3314" HPOS="274"/><String WC="0.7466666698" CONTENT="und" HEIGHT="34" WIDTH="62" VPOS="3305" HPOS="298"/><SP WIDTH="21" VPOS="3305" HPOS="361"/><String WC="0.5899999738" CONTENT="von" HEIGHT="24" WIDTH="63" VPOS="3315" HPOS="383"/><SP WIDTH="16" VPOS="3306" HPOS="447"/><String WC="0.7966666818" CONTENT="Cahors" HEIGHT="42" WIDTH="127" VPOS="3306" HPOS="464"/><SP WIDTH="25" VPOS="3310" HPOS="592"/><String WC="0.9200000167" CONTENT="zur" HEIGHT="33" WIDTH="54" VPOS="3315" HPOS="618"/><SP WIDTH="23" VPOS="3304" HPOS="673"/><String WC="0.8640000224" CONTENT="Waldeshöhe" HEIGHT="45" WIDTH="211" VPOS="3302" HPOS="697"/><SP WIDTH="22" VPOS="3303" HPOS="909"/><String WC="0.8916666508" CONTENT="hinauf" HEIGHT="43" WIDTH="112" VPOS="3302" HPOS="932"/><HYP CONTENT="­"/></TextLine>
<TextLine HEIGHT="46" WIDTH="908" VPOS="3347" HPOS="147"><String WC="0.8271428347" CONTENT="klangen" HEIGHT="44" WIDTH="127" VPOS="3348" HPOS="147"/><SP WIDTH="21" VPOS="3359" HPOS="275"/><String WC="0.6700000167" CONTENT="und" HEIGHT="34" WIDTH="63" VPOS="3349" HPOS="297"/><SP WIDTH="23" VPOS="3349" HPOS="361"/><String WC="0.8450000286" CONTENT="in" HEIGHT="34" WIDTH="32" VPOS="3349" HPOS="385"/><SP WIDTH="14" VPOS="3359" HPOS="418"/><String WC="0.8450000286" CONTENT="welche" HEIGHT="44" WIDTH="107" VPOS="3349" HPOS="433"/><SP WIDTH="22" VPOS="3360" HPOS="541"/><String WC="0.8600000143" CONTENT="mit" HEIGHT="34" WIDTH="57" VPOS="3350" HPOS="564"/><SP WIDTH="22" VPOS="3350" HPOS="622"/><String WC="0.7862499952" CONTENT="leiserem" HEIGHT="43" WIDTH="136" VPOS="3349" HPOS="645"/><SP WIDTH="14" VPOS="3349" HPOS="782"/><String WC="1." CONTENT="Tone" HEIGHT="34" WIDTH="89" VPOS="3349" HPOS="797"/><SP WIDTH="23" VPOS="3357" HPOS="887"/><String WC="0.853333354" CONTENT="ein" HEIGHT="34" WIDTH="48" VPOS="3347" HPOS="911"/><SP WIDTH="23" VPOS="3347" HPOS="960"/><String WC="0.8324999809" CONTENT="Sil-" HEIGHT="34" WIDTH="71" VPOS="3347" HPOS="984"/></TextLine>
<TextLine HEIGHT="46" WIDTH="906" VPOS="3391" HPOS="148"><String WC="0.6591666937" CONTENT="berglöcklein" HEIGHT="44" WIDTH="195" VPOS="3392" HPOS="148"/><SP WIDTH="34" VPOS="3395" HPOS="344"/><String WC="0.9366666675" CONTENT="darein" HEIGHT="34" WIDTH="108" VPOS="3394" HPOS="379"/><SP WIDTH="31" VPOS="3394" HPOS="488"/><String WC="0.8822222352" CONTENT="bimmelte," HEIGHT="43" WIDTH="164" VPOS="3394" HPOS="520"/><SP WIDTH="38" VPOS="3393" HPOS="685"/><String WC="0.9300000072" CONTENT="dessen" HEIGHT="43" WIDTH="98" VPOS="3393" HPOS="724"/><SP WIDTH="30" VPOS="3393" HPOS="823"/><String WC="0.8333333135" CONTENT="Umschwung" HEIGHT="45" WIDTH="200" VPOS="3391" HPOS="854"/></TextLine>
<TextLine HEIGHT="47" WIDTH="908" VPOS="3436" HPOS="147"><String WC="0.8666666746" CONTENT="der" HEIGHT="34" WIDTH="52" VPOS="3437" HPOS="147"/><SP WIDTH="24" VPOS="3438" HPOS="200"/><String WC="0.7833333611" CONTENT="Gebirgsjäger" HEIGHT="44" WIDTH="228" VPOS="3438" HPOS="225"/><SP WIDTH="24" VPOS="3439" HPOS="454"/><String WC="0.8387500048" CONTENT="deutlich" HEIGHT="44" WIDTH="124" VPOS="3439" HPOS="479"/><SP WIDTH="30" VPOS="3439" HPOS="604"/><String WC="1." CONTENT="in" HEIGHT="34" WIDTH="32" VPOS="3439" HPOS="635"/><SP WIDTH="23" VPOS="3448" HPOS="668"/><String WC="0.9380000234" CONTENT="einem" HEIGHT="35" WIDTH="97" VPOS="3438" HPOS="692"/><SP WIDTH="23" VPOS="3437" HPOS="790"/><String WC="0.9433333278" CONTENT="der" HEIGHT="34" WIDTH="53" VPOS="3437" HPOS="814"/><SP WIDTH="20" VPOS="3439" HPOS="868"/><String WC="0.3100000024" CONTENT="4" HEIGHT="32" WIDTH="22" VPOS="3439" HPOS="889"/><SP WIDTH="22" VPOS="3439" HPOS="912"/><String WC="0.8066666722" CONTENT="weißen" HEIGHT="43" WIDTH="120" VPOS="3436" HPOS="935"/></TextLine>
<TextLine HEIGHT="52" WIDTH="908" VPOS="3481" HPOS="147"><String WC="0.7277777791" CONTENT="Thürmchen" HEIGHT="51" WIDTH="193" VPOS="3482" HPOS="147"/><SP WIDTH="21" VPOS="3494" HPOS="341"/><String WC="0.8790000081" CONTENT="wahrnehmen" HEIGHT="42" WIDTH="220" VPOS="3484" HPOS="363"/><SP WIDTH="19" VPOS="3485" HPOS="584"/><String WC="0.7314285636" CONTENT="konnte," HEIGHT="40" WIDTH="116" VPOS="3485" HPOS="604"/><SP WIDTH="15" VPOS="3494" HPOS="721"/><String WC="0.8866666555" CONTENT="welche" HEIGHT="44" WIDTH="107" VPOS="3482" HPOS="737"/><SP WIDTH="21" VPOS="3482" HPOS="845"/><String WC="0.9049999714" CONTENT="in" HEIGHT="34" WIDTH="33" VPOS="3482" HPOS="867"/><SP WIDTH="15" VPOS="3481" HPOS="901"/><String WC="1." CONTENT="den" HEIGHT="35" WIDTH="57" VPOS="3481" HPOS="917"/><SP WIDTH="13" VPOS="3492" HPOS="975"/><String WC="0.9424999952" CONTENT="vier" HEIGHT="34" WIDTH="66" VPOS="3481" HPOS="989"/></TextLine>
<TextLine HEIGHT="46" WIDTH="906" VPOS="3526" HPOS="149"><String WC="0.6019999981" CONTENT="Ecken" HEIGHT="35" WIDTH="91" VPOS="3526" HPOS="149"/><SP WIDTH="27" VPOS="3537" HPOS="241"/><String WC="0.7774999738" CONTENT="emes" HEIGHT="28" WIDTH="84" VPOS="3533" HPOS="269"/><SP WIDTH="35" VPOS="3533" HPOS="354"/><String WC="0.8781250119" CONTENT="alterthümlichen," HEIGHT="43" WIDTH="272" VPOS="3528" HPOS="390"/><SP WIDTH="38" VPOS="3528" HPOS="663"/><String WC="0.8360000253" CONTENT="dicht" HEIGHT="45" WIDTH="75" VPOS="3527" HPOS="702"/><SP WIDTH="30" VPOS="3532" HPOS="778"/><String WC="1." CONTENT="an" HEIGHT="24" WIDTH="40" VPOS="3537" HPOS="809"/><SP WIDTH="23" VPOS="3527" HPOS="850"/><String WC="1." CONTENT="der" HEIGHT="34" WIDTH="53" VPOS="3527" HPOS="874"/><SP WIDTH="22" VPOS="3526" HPOS="928"/><String WC="0.8349999785" CONTENT="in" HEIGHT="35" WIDTH="33" VPOS="3526" HPOS="951"/><SP WIDTH="22" VPOS="3526" HPOS="985"/><String WC="0.9933333397" CONTENT="die" HEIGHT="34" WIDTH="47" VPOS="3526" HPOS="1008"/></TextLine>
<TextLine HEIGHT="52" WIDTH="907" VPOS="3570" HPOS="148"><String WC="0.5883333087" CONTENT="Fläche" HEIGHT="51" WIDTH="109" VPOS="3571" HPOS="148"/><SP WIDTH="24" VPOS="3582" HPOS="258"/><String WC="0.8816666603" CONTENT="auslaufenden" HEIGHT="44" WIDTH="225" VPOS="3572" HPOS="283"/><SP WIDTH="30" VPOS="3574" HPOS="509"/><String WC="0.7699999809" CONTENT="Waldzunge" HEIGHT="44" WIDTH="193" VPOS="3573" HPOS="540"/><SP WIDTH="29" VPOS="3582" HPOS="734"/><String WC="0.8933333158" CONTENT="gelegenen" HEIGHT="43" WIDTH="162" VPOS="3572" HPOS="764"/><SP WIDTH="22" VPOS="3572" HPOS="927"/><String WC="0.7149999738" CONTENT="Jagd" HEIGHT="44" WIDTH="91" VPOS="3570" HPOS="950"/><HYP CONTENT="­"/></TextLine>
<TextLine HEIGHT="46" WIDTH="908" VPOS="3615" HPOS="147"><String WC="0.7566666603" CONTENT="schlosses" HEIGHT="43" WIDTH="136" VPOS="3615" HPOS="147"/><SP WIDTH="23" VPOS="3621" HPOS="284"/><String WC="0.7683333158" CONTENT="emporragten," HEIGHT="38" WIDTH="226" VPOS="3622" HPOS="308"/><SP WIDTH="19" VPOS="3628" HPOS="535"/><String WC="0.8828571439" CONTENT="während" HEIGHT="44" WIDTH="149" VPOS="3617" HPOS="555"/><SP WIDTH="22" VPOS="3617" HPOS="705"/><String WC="0.9200000167" CONTENT="sich" HEIGHT="43" WIDTH="54" VPOS="3617" HPOS="728"/><SP WIDTH="17" VPOS="3617" HPOS="783"/><String WC="0.8050000072" CONTENT="an" HEIGHT="23" WIDTH="40" VPOS="3627" HPOS="801"/><SP WIDTH="22" VPOS="3616" HPOS="842"/><String WC="1." CONTENT="der" HEIGHT="34" WIDTH="52" VPOS="3616" HPOS="865"/><SP WIDTH="22" VPOS="3615" HPOS="918"/><String WC="0.8000000119" CONTENT="kleinen" HEIGHT="34" WIDTH="114" VPOS="3615" HPOS="941"/></TextLine>
<TextLine HEIGHT="48" WIDTH="908" VPOS="3657" HPOS="147"><String WC="0.7444444299" CONTENT="Zugbrücke" HEIGHT="46" WIDTH="174" VPOS="3657" HPOS="147"/><SP WIDTH="35" VPOS="3661" HPOS="322"/><String WC="1." CONTENT="des" HEIGHT="34" WIDTH="55" VPOS="3661" HPOS="358"/><SP WIDTH="34" VPOS="3662" HPOS="414"/><String WC="0.851111114" CONTENT="Schlosses" HEIGHT="43" WIDTH="160" VPOS="3662" HPOS="449"/><SP WIDTH="35" VPOS="3667" HPOS="610"/><String WC="0.9433333278" CONTENT="und" HEIGHT="34" WIDTH="63" VPOS="3662" HPOS="646"/><SP WIDTH="33" VPOS="3662" HPOS="710"/><String WC="1." CONTENT="in" HEIGHT="33" WIDTH="34" VPOS="3662" HPOS="744"/><SP WIDTH="29" VPOS="3661" HPOS="779"/><String WC="0.8166666627" CONTENT="dessen" HEIGHT="43" WIDTH="99" VPOS="3660" HPOS="809"/><SP WIDTH="23" VPOS="3670" HPOS="909"/><String WC="0.7162500024" CONTENT="gcrrten-" HEIGHT="38" WIDTH="122" VPOS="3665" HPOS="933"/></TextLine>
<TextLine HEIGHT="44" WIDTH="909" VPOS="3703" HPOS="147"><String WC="0.9571428299" CONTENT="reicher" HEIGHT="44" WIDTH="110" VPOS="3703" HPOS="147"/><SP WIDTH="22" VPOS="3706" HPOS="258"/><String WC="0.6949999928" CONTENT="Umgebung" HEIGHT="41" WIDTH="182" VPOS="3706" HPOS="281"/><SP WIDTH="23" VPOS="3716" HPOS="464"/><String WC="0.7533333302" CONTENT="ein" HEIGHT="34" WIDTH="49" VPOS="3706" HPOS="488"/><SP WIDTH="23" VPOS="3707" HPOS="538"/><String WC="0.8028571606" CONTENT="Schwärm" HEIGHT="41" WIDTH="167" VPOS="3706" HPOS="562"/><SP WIDTH="21" VPOS="3716" HPOS="730"/><String WC="0.7733333111" CONTENT="geschäftiger" HEIGHT="42" WIDTH="194" VPOS="3705" HPOS="752"/><SP WIDTH="14" VPOS="3704" HPOS="947"/><String WC="0.8579999804" CONTENT="Leute" HEIGHT="36" WIDTH="94" VPOS="3704" HPOS="962"/></TextLine>
<TextLine HEIGHT="46" WIDTH="392" VPOS="3748" HPOS="149"><String WC="0.7799999714" CONTENT="herumzutreiben" HEIGHT="45" WIDTH="266" VPOS="3748" HPOS="149"/><SP WIDTH="21" VPOS="3751" HPOS="416"/><String WC="0.9542857409" CONTENT="schien." HEIGHT="44" WIDTH="103" VPOS="3750" HPOS="438"/></TextLine>
<TextLine HEIGHT="46" WIDTH="801" VPOS="3811" HPOS="255"><String WC="0.9599999785" CONTENT="Der" HEIGHT="34" WIDTH="69" VPOS="3813" HPOS="255"/><SP WIDTH="25" VPOS="3814" HPOS="325"/><String WC="0.8960000277" CONTENT="Jäger" HEIGHT="43" WIDTH="107" VPOS="3814" HPOS="351"/><SP WIDTH="29" VPOS="3813" HPOS="459"/><String WC="1." CONTENT="im" HEIGHT="34" WIDTH="43" VPOS="3813" HPOS="489"/><SP WIDTH="34" VPOS="3814" HPOS="533"/><String WC="0.8657143116" CONTENT="Gebirge" HEIGHT="44" WIDTH="139" VPOS="3813" HPOS="568"/><SP WIDTH="27" VPOS="3823" HPOS="708"/><String WC="0.7450000048" CONTENT="wandte" HEIGHT="36" WIDTH="123" VPOS="3812" HPOS="736"/><SP WIDTH="35" VPOS="3822" HPOS="860"/><String WC="0.875" CONTENT="aber" HEIGHT="35" WIDTH="74" VPOS="3811" HPOS="896"/><SP WIDTH="21" VPOS="3812" HPOS="971"/><String WC="0.75" CONTENT="jetzt" HEIGHT="44" WIDTH="63" VPOS="3812" HPOS="993"/></TextLine>
<TextLine HEIGHT="46" WIDTH="909" VPOS="3855" HPOS="148"><String WC="0.7916666865" CONTENT="seinen" HEIGHT="44" WIDTH="99" VPOS="3855" HPOS="148"/><SP WIDTH="21" VPOS="3858" HPOS="248"/><String WC="0.7599999905" CONTENT="Blick" HEIGHT="35" WIDTH="81" VPOS="3857" HPOS="270"/><SP WIDTH="11" VPOS="3857" HPOS="352"/><String WC="0.80400002" CONTENT="gegen" HEIGHT="34" WIDTH="94" VPOS="3867" HPOS="364"/><SP WIDTH="19" VPOS="3858" HPOS="459"/><String WC="0.7300000191" CONTENT="die" HEIGHT="34" WIDTH="48" VPOS="3858" HPOS="479"/><SP WIDTH="21" VPOS="3859" HPOS="528"/><String WC="0.8650000095" CONTENT="Ostseite" HEIGHT="43" WIDTH="131" VPOS="3858" HPOS="550"/><SP WIDTH="11" VPOS="3858" HPOS="682"/><String WC="1." CONTENT="des" HEIGHT="34" WIDTH="55" VPOS="3858" HPOS="694"/><SP WIDTH="34" VPOS="3859" HPOS="750"/><String WC="0.9357143044" CONTENT="Waldes," HEIGHT="42" WIDTH="140" VPOS="3857" HPOS="785"/><SP WIDTH="23" VPOS="3867" HPOS="926"/><String WC="0.5099999905" CONTENT="wo" HEIGHT="24" WIDTH="50" VPOS="3867" HPOS="950"/><SP WIDTH="23" VPOS="3867" HPOS="1001"/><String WC="0.8249999881" CONTENT="er" HEIGHT="23" WIDTH="32" VPOS="3868" HPOS="1025"/></TextLine>
<TextLine HEIGHT="44" WIDTH="909" VPOS="3901" HPOS="149"><String WC="1." CONTENT="eine" HEIGHT="34" WIDTH="64" VPOS="3901" HPOS="149"/><SP WIDTH="35" VPOS="3901" HPOS="214"/><String WC="0.9449999928" CONTENT="Menschenstimme" HEIGHT="43" WIDTH="281" VPOS="3901" HPOS="250"/><SP WIDTH="35" VPOS="3913" HPOS="532"/><String WC="0.9399999976" CONTENT="zu" HEIGHT="32" WIDTH="37" VPOS="3913" HPOS="568"/><SP WIDTH="32" VPOS="3913" HPOS="606"/><String WC="1." CONTENT="vernehmen" HEIGHT="43" WIDTH="186" VPOS="3902" HPOS="639"/><SP WIDTH="33" VPOS="3911" HPOS="826"/><String WC="0.8025000095" CONTENT="glaubte," HEIGHT="42" WIDTH="140" VPOS="3902" HPOS="860"/><SP WIDTH="24" VPOS="3912" HPOS="1001"/><String WC="1." CONTENT="er" HEIGHT="24" WIDTH="32" VPOS="3912" HPOS="1026"/></TextLine>
<TextLine HEIGHT="45" WIDTH="906" VPOS="3945" HPOS="150"><String WC="0.9674999714" CONTENT="ging" HEIGHT="43" WIDTH="72" VPOS="3945" HPOS="150"/><SP WIDTH="24" VPOS="3955" HPOS="223"/><String WC="0.7574999928" CONTENT="zwei" HEIGHT="42" WIDTH="74" VPOS="3946" HPOS="248"/><SP WIDTH="23" VPOS="3946" HPOS="323"/><String WC="0.7300000191" CONTENT="Schritte" HEIGHT="43" WIDTH="137" VPOS="3946" HPOS="347"/><SP WIDTH="22" VPOS="3957" HPOS="485"/><String WC="0.9179999828" CONTENT="gegen" HEIGHT="33" WIDTH="96" VPOS="3957" HPOS="508"/><SP WIDTH="30" VPOS="3947" HPOS="605"/><String WC="0.9033333063" CONTENT="das" HEIGHT="34" WIDTH="59" VPOS="3947" HPOS="636"/><SP WIDTH="31" VPOS="3947" HPOS="696"/><String WC="0.8787500262" CONTENT="dicktere" HEIGHT="34" WIDTH="126" VPOS="3947" HPOS="728"/><SP WIDTH="26" VPOS="3946" HPOS="855"/><String WC="0.9277777672" CONTENT="Gestrüppe" HEIGHT="43" WIDTH="174" VPOS="3946" HPOS="882"/></TextLine>
<TextLine HEIGHT="54" WIDTH="906" VPOS="3981" HPOS="150"><String WC="0.7433333397" CONTENT="einwärts," HEIGHT="41" WIDTH="163" VPOS="3990" HPOS="150"/><SP WIDTH="37" VPOS="3990" HPOS="314"/><String WC="0.5500000119" CONTENT="bog" HEIGHT="43" WIDTH="61" VPOS="3990" HPOS="352"/><SP WIDTH="34" VPOS="3991" HPOS="414"/><String WC="1." CONTENT="die" HEIGHT="34" WIDTH="46" VPOS="3991" HPOS="449"/><SP WIDTH="29" VPOS="3992" HPOS="496"/><String WC="0.8299999833" CONTENT="Zweige," HEIGHT="43" WIDTH="137" VPOS="3992" HPOS="526"/><SP WIDTH="34" VPOS="4001" HPOS="664"/><String WC="0.426666677" CONTENT="welche" HEIGHT="53" WIDTH="106" VPOS="3981" HPOS="699"/><SP WIDTH="22" VPOS="3991" HPOS="806"/><String WC="0.9733333588" CONTENT="den" HEIGHT="33" WIDTH="57" VPOS="3991" HPOS="829"/><SP WIDTH="23" VPOS="3990" HPOS="887"/><String WC="0.4583333433" CONTENT="Gngang" HEIGHT="43" WIDTH="145" VPOS="3990" HPOS="911"/></TextLine>
<TextLine HEIGHT="44" WIDTH="908" VPOS="4034" HPOS="149"><String WC="0.8659999967" CONTENT="eines" HEIGHT="34" WIDTH="84" VPOS="4034" HPOS="149"/><SP WIDTH="22" VPOS="4034" HPOS="234"/><String WC="0.6822222471" CONTENT="Hohlweges" HEIGHT="44" WIDTH="190" VPOS="4034" HPOS="257"/><SP WIDTH="22" VPOS="4041" HPOS="448"/><String WC="0.7463636398" CONTENT="verdeckten," HEIGHT="41" WIDTH="178" VPOS="4036" HPOS="471"/><SP WIDTH="30" VPOS="4046" HPOS="650"/><String WC="0.8854545355" CONTENT="auseinander" HEIGHT="35" WIDTH="210" VPOS="4035" HPOS="681"/><SP WIDTH="26" VPOS="4044" HPOS="892"/><String WC="0.5566666722" CONTENT="und" HEIGHT="33" WIDTH="63" VPOS="4035" HPOS="919"/><SP WIDTH="24" VPOS="4034" HPOS="983"/><String WC="0.7049999833" CONTENT="be" HEIGHT="34" WIDTH="34" VPOS="4034" HPOS="1008"/><HYP CONTENT="­"/></TextLine>
<TextLine HEIGHT="45" WIDTH="907" VPOS="4078" HPOS="148"><String WC="0.8466666937" CONTENT="merkte" HEIGHT="34" WIDTH="109" VPOS="4078" HPOS="148"/><SP WIDTH="14" VPOS="4078" HPOS="258"/><String WC="0.9179999828" CONTENT="jetzt" HEIGHT="45" WIDTH="63" VPOS="4078" HPOS="273"/><SP WIDTH="23" VPOS="4084" HPOS="337"/><String WC="0.9919999838" CONTENT="einen" HEIGHT="35" WIDTH="86" VPOS="4079" HPOS="361"/><SP WIDTH="24" VPOS="4080" HPOS="448"/><String WC="0.8899999857" CONTENT="Mann" HEIGHT="34" WIDTH="108" VPOS="4080" HPOS="473"/><SP WIDTH="22" VPOS="4090" HPOS="582"/><String WC="0.7666666508" CONTENT="von" HEIGHT="24" WIDTH="62" VPOS="4090" HPOS="605"/><SP WIDTH="22" VPOS="4089" HPOS="668"/><String WC="0.9011111259" CONTENT="mittlerer" HEIGHT="34" WIDTH="150" VPOS="4080" HPOS="691"/><SP WIDTH="22" VPOS="4079" HPOS="842"/><String WC="0.6380000114" CONTENT="Größe" HEIGHT="41" WIDTH="111" VPOS="4079" HPOS="865"/><SP WIDTH="15" VPOS="4089" HPOS="977"/><String WC="0.8899999857" CONTENT="und" HEIGHT="34" WIDTH="62" VPOS="4079" HPOS="993"/></TextLine>
<TextLine HEIGHT="46" WIDTH="906" VPOS="4121" HPOS="149"><String WC="0.6657142639" CONTENT="blaßem," HEIGHT="43" WIDTH="138" VPOS="4121" HPOS="149"/><SP WIDTH="33" VPOS="4123" HPOS="288"/><String WC="0.8133333325" CONTENT="langen" HEIGHT="43" WIDTH="112" VPOS="4123" HPOS="322"/><SP WIDTH="35" VPOS="4124" HPOS="435"/><String WC="0.8999999762" CONTENT="Gesichte," HEIGHT="43" WIDTH="150" VPOS="4124" HPOS="471"/><SP WIDTH="34" VPOS="4134" HPOS="622"/><String WC="0.8075000048" CONTENT="welcher," HEIGHT="42" WIDTH="134" VPOS="4124" HPOS="657"/><SP WIDTH="24" VPOS="4124" HPOS="792"/><String WC="0.8999999762" CONTENT="die" HEIGHT="35" WIDTH="46" VPOS="4123" HPOS="817"/><SP WIDTH="38" VPOS="4124" HPOS="864"/><String WC="0.8525000215" CONTENT="Kleidung" HEIGHT="43" WIDTH="152" VPOS="4123" HPOS="903"/></TextLine>
<TextLine HEIGHT="46" WIDTH="906" VPOS="4166" HPOS="149"><String WC="0.7919999957" CONTENT="eines" HEIGHT="34" WIDTH="85" VPOS="4166" HPOS="149"/><SP WIDTH="16" VPOS="4167" HPOS="235"/><String WC="0.8261538744" CONTENT="französischen" HEIGHT="44" WIDTH="216" VPOS="4167" HPOS="252"/><SP WIDTH="14" VPOS="4168" HPOS="469"/><String WC="0.9206666946" CONTENT="Landgeistlichen" HEIGHT="44" WIDTH="256" VPOS="4168" HPOS="484"/><SP WIDTH="14" VPOS="4174" HPOS="741"/><String WC="0.7674999833" CONTENT="tragend," HEIGHT="44" WIDTH="140" VPOS="4168" HPOS="756"/><SP WIDTH="10" VPOS="4167" HPOS="897"/><String WC="0.875" CONTENT="in" HEIGHT="35" WIDTH="34" VPOS="4167" HPOS="908"/><SP WIDTH="15" VPOS="4178" HPOS="943"/><String WC="0.9340000153" CONTENT="einem" HEIGHT="35" WIDTH="96" VPOS="4167" HPOS="959"/></TextLine>
<TextLine HEIGHT="44" WIDTH="907" VPOS="4211" HPOS="148"><String WC="0.78285712" CONTENT="kleinen" HEIGHT="34" WIDTH="114" VPOS="4211" HPOS="148"/><SP WIDTH="21" VPOS="4212" HPOS="263"/><String WC="0.8374999762" CONTENT="Buch" HEIGHT="43" WIDTH="85" VPOS="4211" HPOS="285"/><SP WIDTH="22" VPOS="4211" HPOS="371"/><String WC="0.8633333445" CONTENT="mit" HEIGHT="35" WIDTH="56" VPOS="4212" HPOS="394"/><SP WIDTH="22" VPOS="4212" HPOS="451"/><String WC="1." CONTENT="lauter" HEIGHT="35" WIDTH="100" VPOS="4212" HPOS="474"/><SP WIDTH="23" VPOS="4214" HPOS="575"/><String WC="0.9049999714" CONTENT="Stimme" HEIGHT="35" WIDTH="140" VPOS="4213" HPOS="599"/><SP WIDTH="22" VPOS="4213" HPOS="740"/><String WC="0.9275000095" CONTENT="las," HEIGHT="42" WIDTH="67" VPOS="4213" HPOS="763"/><SP WIDTH="22" VPOS="4222" HPOS="831"/><String WC="0.9766666889" CONTENT="und" HEIGHT="35" WIDTH="62" VPOS="4212" HPOS="854"/><SP WIDTH="22" VPOS="4212" HPOS="917"/><String WC="0.9850000143" CONTENT="in" HEIGHT="34" WIDTH="33" VPOS="4212" HPOS="940"/><SP WIDTH="19" VPOS="4212" HPOS="974"/><String WC="0.7699999809" CONTENT="sein" HEIGHT="43" WIDTH="61" VPOS="4212" HPOS="994"/></TextLine>
<TextLine HEIGHT="45" WIDTH="906" VPOS="4255" HPOS="150"><String WC="0.3911111057" CONTENT="brevianum" HEIGHT="34" WIDTH="190" VPOS="4255" HPOS="150"/><SP WIDTH="34" VPOS="4257" HPOS="341"/><String WC="0.4050000012" CONTENT="so" HEIGHT="42" WIDTH="31" VPOS="4257" HPOS="376"/><SP WIDTH="29" VPOS="4266" HPOS="408"/><String WC="0.7799999714" CONTENT="vertieft" HEIGHT="43" WIDTH="124" VPOS="4257" HPOS="438"/><SP WIDTH="27" VPOS="4257" HPOS="563"/><String WC="0.6899999976" CONTENT="war," HEIGHT="32" WIDTH="80" VPOS="4267" HPOS="591"/><SP WIDTH="33" VPOS="4257" HPOS="672"/><String WC="0.7733333111" CONTENT="daß" HEIGHT="42" WIDTH="61" VPOS="4256" HPOS="706"/><SP WIDTH="31" VPOS="4256" HPOS="768"/><String WC="1." CONTENT="er" HEIGHT="24" WIDTH="32" VPOS="4267" HPOS="800"/><SP WIDTH="30" VPOS="4258" HPOS="833"/><String WC="0.7266666889" CONTENT="den" HEIGHT="33" WIDTH="58" VPOS="4258" HPOS="864"/><SP WIDTH="25" VPOS="4257" HPOS="923"/><String WC="1." CONTENT="Jäger" HEIGHT="42" WIDTH="107" VPOS="4257" HPOS="949"/></TextLine>
<TextLine HEIGHT="45" WIDTH="906" VPOS="4299" HPOS="150"><String WC="0.8149999976" CONTENT="erst" HEIGHT="42" WIDTH="57" VPOS="4300" HPOS="150"/><SP WIDTH="21" VPOS="4299" HPOS="208"/><String WC="0.8166666627" CONTENT="bemerkte," HEIGHT="43" WIDTH="156" VPOS="4299" HPOS="230"/><SP WIDTH="32" VPOS="4311" HPOS="387"/><String WC="0.8566666842" CONTENT="als" HEIGHT="34" WIDTH="50" VPOS="4301" HPOS="420"/><SP WIDTH="22" VPOS="4301" HPOS="471"/><String WC="0.8133333325" CONTENT="ihm" HEIGHT="43" WIDTH="65" VPOS="4301" HPOS="494"/><SP WIDTH="22" VPOS="4301" HPOS="560"/><String WC="0.9300000072" CONTENT="dieser" HEIGHT="43" WIDTH="93" VPOS="4301" HPOS="583"/><SP WIDTH="29" VPOS="4302" HPOS="677"/><String WC="0.8820000291" CONTENT="seine" HEIGHT="42" WIDTH="79" VPOS="4302" HPOS="707"/><SP WIDTH="22" VPOS="4301" HPOS="787"/><String WC="0.8525000215" CONTENT="Hand" HEIGHT="43" WIDTH="95" VPOS="4301" HPOS="810"/><SP WIDTH="23" VPOS="4301" HPOS="906"/><String WC="0.6933333278" CONTENT="auf" HEIGHT="43" WIDTH="55" VPOS="4301" HPOS="930"/><SP WIDTH="22" VPOS="4301" HPOS="986"/><String WC="0.9033333063" CONTENT="die" HEIGHT="34" WIDTH="47" VPOS="4301" HPOS="1009"/></TextLine>
<TextLine HEIGHT="46" WIDTH="906" VPOS="4343" HPOS="150"><String WC="0.6225000024" CONTENT="Schulter" HEIGHT="42" WIDTH="148" VPOS="4343" HPOS="150"/><SP WIDTH="22" VPOS="4344" HPOS="299"/><String WC="0.6079999804" CONTENT="legte" HEIGHT="42" WIDTH="77" VPOS="4344" HPOS="322"/><SP WIDTH="22" VPOS="4354" HPOS="400"/><String WC="0.75" CONTENT="und" HEIGHT="34" WIDTH="62" VPOS="4345" HPOS="423"/><SP WIDTH="23" VPOS="4345" HPOS="486"/><String WC="0.8366666436" CONTENT="ein" HEIGHT="35" WIDTH="49" VPOS="4345" HPOS="510"/><SP WIDTH="22" VPOS="4345" HPOS="560"/><String WC="0.8650000095" CONTENT="leises" HEIGHT="44" WIDTH="89" VPOS="4345" HPOS="583"/><SP WIDTH="25" VPOS="4351" HPOS="673"/><String WC="0.9116666913" CONTENT="„Guten" HEIGHT="42" WIDTH="128" VPOS="4346" HPOS="699"/><SP WIDTH="22" VPOS="4346" HPOS="828"/><String WC="0.7033333182" CONTENT="Abend&quot;" HEIGHT="35" WIDTH="128" VPOS="4344" HPOS="851"/><SP WIDTH="25" VPOS="4348" HPOS="980"/><String WC="0.9950000048" CONTENT="zu" HEIGHT="34" WIDTH="36" VPOS="4354" HPOS="1006"/><HYP CONTENT="­"/></TextLine>
<TextLine HEIGHT="42" WIDTH="143" VPOS="4388" HPOS="150"><String WC="0.7910000086" CONTENT="flüsterte." HEIGHT="42" WIDTH="143" VPOS="4388" HPOS="150"/></TextLine>
<TextLine HEIGHT="46" WIDTH="799" VPOS="4440" HPOS="257"><String WC="0.6980000138" CONTENT="Jetzt" HEIGHT="42" WIDTH="83" VPOS="4442" HPOS="257"/><SP WIDTH="20" VPOS="4440" HPOS="341"/><String WC="0.6700000167" CONTENT="blickte" HEIGHT="36" WIDTH="98" VPOS="4440" HPOS="362"/><SP WIDTH="22" VPOS="4441" HPOS="461"/><String WC="1." CONTENT="der" HEIGHT="35" WIDTH="53" VPOS="4441" HPOS="484"/><SP WIDTH="23" VPOS="4441" HPOS="538"/><String WC="0.9480000138" CONTENT="Geistliche" HEIGHT="45" WIDTH="157" VPOS="4441" HPOS="562"/><SP WIDTH="22" VPOS="4452" HPOS="720"/><String WC="0.9200000167" CONTENT="aus" HEIGHT="28" WIDTH="61" VPOS="4448" HPOS="743"/><SP WIDTH="22" VPOS="4443" HPOS="805"/><String WC="0.7316666842" CONTENT="seinem" HEIGHT="42" WIDTH="109" VPOS="4443" HPOS="828"/><SP WIDTH="14" VPOS="4442" HPOS="938"/><String WC="1." CONTENT="Buche" HEIGHT="43" WIDTH="103" VPOS="4442" HPOS="953"/></TextLine>
<TextLine HEIGHT="46" WIDTH="904" VPOS="4485" HPOS="152"><String WC="0.5375000238" CONTENT="auf:" HEIGHT="43" WIDTH="69" VPOS="4486" HPOS="152"/><SP WIDTH="28" VPOS="4498" HPOS="222"/><String WC="0.3824999928" CONTENT="„Oeo" HEIGHT="38" WIDTH="85" VPOS="4487" HPOS="251"/><SP WIDTH="23" VPOS="4497" HPOS="337"/><String WC="0.6299999952" CONTENT="Zi-atia-z«" HEIGHT="43" WIDTH="136" VPOS="4487" HPOS="361"/><SP WIDTH="28" VPOS="4492" HPOS="498"/><String WC="0.6888889074" CONTENT="erwiderte" HEIGHT="37" WIDTH="159" VPOS="4485" HPOS="527"/><SP WIDTH="22" VPOS="4496" HPOS="687"/><String WC="0.7549999952" CONTENT="er" HEIGHT="27" WIDTH="32" VPOS="4496" HPOS="710"/><SP WIDTH="22" VPOS="4488" HPOS="743"/><String WC="0.6999999881" CONTENT="sanft," HEIGHT="43" WIDTH="91" VPOS="4488" HPOS="766"/><SP WIDTH="37" VPOS="4487" HPOS="858"/><String WC="0.6039999723" CONTENT="indem" HEIGHT="35" WIDTH="101" VPOS="4487" HPOS="896"/><SP WIDTH="24" VPOS="4497" HPOS="998"/><String WC="0.6600000262" CONTENT="er" HEIGHT="25" WIDTH="33" VPOS="4497" HPOS="1023"/></TextLine>
</TextBlock>
<TextBlock ID="Page1_Block7" HEIGHT="3626" WIDTH="932" VPOS="910" HPOS="1116" language="de" STYLEREFS="font2">
<TextLine HEIGHT="44" WIDTH="908" VPOS="919" HPOS="1137"><String WC="0.6175000072" CONTENT="sein" HEIGHT="42" WIDTH="62" VPOS="921" HPOS="1137"/><SP WIDTH="15" VPOS="921" HPOS="1200"/><String WC="1." CONTENT="Buch" HEIGHT="43" WIDTH="83" VPOS="920" HPOS="1216"/><SP WIDTH="25" VPOS="920" HPOS="1300"/><String WC="0.6364285946" CONTENT="zusammenschlug" HEIGHT="43" WIDTH="271" VPOS="920" HPOS="1326"/><SP WIDTH="24" VPOS="930" HPOS="1598"/><String WC="0.6700000167" CONTENT="und" HEIGHT="34" WIDTH="61" VPOS="920" HPOS="1623"/><SP WIDTH="23" VPOS="920" HPOS="1685"/><String WC="0.6875" CONTENT="sein" HEIGHT="42" WIDTH="61" VPOS="920" HPOS="1709"/><SP WIDTH="16" VPOS="929" HPOS="1771"/><String WC="0.7200000286" CONTENT="großes" HEIGHT="44" WIDTH="115" VPOS="919" HPOS="1788"/><SP WIDTH="16" VPOS="919" HPOS="1904"/><String WC="0.6449999809" CONTENT="freund" HEIGHT="44" WIDTH="109" VPOS="919" HPOS="1921"/><HYP CONTENT="­"/></TextLine>
<TextLine HEIGHT="43" WIDTH="636" VPOS="965" HPOS="1137"><String WC="0.7633333206" CONTENT="liches" HEIGHT="43" WIDTH="89" VPOS="965" HPOS="1137"/><SP WIDTH="25" VPOS="966" HPOS="1227"/><String WC="0.6499999762" CONTENT="Auge" HEIGHT="42" WIDTH="88" VPOS="966" HPOS="1253"/><SP WIDTH="23" VPOS="976" HPOS="1342"/><String WC="0.8399999738" CONTENT="auf" HEIGHT="42" WIDTH="54" VPOS="966" HPOS="1366"/><SP WIDTH="23" VPOS="965" HPOS="1421"/><String WC="0.9233333468" CONTENT="den" HEIGHT="33" WIDTH="55" VPOS="965" HPOS="1445"/><SP WIDTH="24" VPOS="966" HPOS="1501"/><String WC="0.6679999828" CONTENT="Jäger" HEIGHT="41" WIDTH="105" VPOS="966" HPOS="1526"/><SP WIDTH="23" VPOS="966" HPOS="1632"/><String WC="0.5450000167" CONTENT="heftete." HEIGHT="41" WIDTH="117" VPOS="966" HPOS="1656"/></TextLine>
<TextLine HEIGHT="43" WIDTH="799" VPOS="1009" HPOS="1245"><String WC="0.6299999952" CONTENT="Dieser" HEIGHT="42" WIDTH="109" VPOS="1010" HPOS="1245"/><SP WIDTH="33" VPOS="1010" HPOS="1355"/><String WC="0.5950000286" CONTENT="setzte" HEIGHT="42" WIDTH="79" VPOS="1010" HPOS="1389"/><SP WIDTH="35" VPOS="1009" HPOS="1469"/><String WC="1." CONTENT="sich" HEIGHT="42" WIDTH="51" VPOS="1009" HPOS="1505"/><SP WIDTH="41" VPOS="1010" HPOS="1557"/><String WC="0.7450000048" CONTENT="ohne" HEIGHT="41" WIDTH="76" VPOS="1009" HPOS="1599"/><SP WIDTH="34" VPOS="1010" HPOS="1676"/><String WC="0.6825000048" CONTENT="Umstände" HEIGHT="42" WIDTH="162" VPOS="1009" HPOS="1711"/><SP WIDTH="29" VPOS="1019" HPOS="1874"/><String WC="0.3933333457" CONTENT="auf" HEIGHT="42" WIDTH="54" VPOS="1009" HPOS="1904"/><SP WIDTH="27" VPOS="1009" HPOS="1959"/><String WC="0.7400000095" CONTENT="den" HEIGHT="34" WIDTH="57" VPOS="1009" HPOS="1987"/></TextLine>
<TextLine HEIGHT="43" WIDTH="908" VPOS="1054" HPOS="1134"><String WC="0.7659999728" CONTENT="Baumstrunk" HEIGHT="41" WIDTH="209" VPOS="1054" HPOS="1134"/><SP WIDTH="24" VPOS="1055" HPOS="1344"/><String WC="0.2700000107" CONTENT="an" HEIGHT="25" WIDTH="40" VPOS="1063" HPOS="1369"/><SP WIDTH="22" VPOS="1055" HPOS="1410"/><String WC="0.8650000095" CONTENT="seiner" HEIGHT="42" WIDTH="95" VPOS="1054" HPOS="1433"/><SP WIDTH="25" VPOS="1054" HPOS="1529"/><String WC="0.5816666484" CONTENT="Seite," HEIGHT="38" WIDTH="100" VPOS="1054" HPOS="1555"/><SP WIDTH="29" VPOS="1063" HPOS="1656"/><String WC="0.6600000262" CONTENT="und" HEIGHT="33" WIDTH="60" VPOS="1054" HPOS="1686"/><SP WIDTH="25" VPOS="1054" HPOS="1747"/><String WC="0.4166666567" CONTENT="begann" HEIGHT="43" WIDTH="120" VPOS="1054" HPOS="1773"/><SP WIDTH="24" VPOS="1054" HPOS="1894"/><String WC="0.7825000286" CONTENT="sogleich" HEIGHT="43" WIDTH="123" VPOS="1054" HPOS="1919"/></TextLine>
<TextLine HEIGHT="43" WIDTH="649" VPOS="1098" HPOS="1135"><String WC="0.646666646" CONTENT="ein" HEIGHT="34" WIDTH="48" VPOS="1099" HPOS="1135"/><SP WIDTH="23" VPOS="1099" HPOS="1184"/><String WC="0.84375" CONTENT="Gespräch" HEIGHT="42" WIDTH="153" VPOS="1099" HPOS="1208"/><SP WIDTH="24" VPOS="1100" HPOS="1362"/><String WC="1." CONTENT="mit" HEIGHT="33" WIDTH="55" VPOS="1099" HPOS="1387"/><SP WIDTH="25" VPOS="1098" HPOS="1443"/><String WC="0.676666677" CONTENT="ihm" HEIGHT="43" WIDTH="64" VPOS="1098" HPOS="1469"/><SP WIDTH="28" VPOS="1108" HPOS="1534"/><String WC="0.5041666627" CONTENT="anzuknüpfen." HEIGHT="42" WIDTH="221" VPOS="1099" HPOS="1563"/></TextLine>
<TextLine HEIGHT="54" WIDTH="800" VPOS="1132" HPOS="1242"><String WC="0.8666666746" CONTENT="verzeiht," HEIGHT="54" WIDTH="176" VPOS="1132" HPOS="1242"/><SP WIDTH="15" VPOS="1153" HPOS="1419"/><String WC="0.7087500095" CONTENT="würdiger" HEIGHT="42" WIDTH="157" VPOS="1143" HPOS="1435"/><SP WIDTH="15" VPOS="1142" HPOS="1593"/><String WC="0.6833333373" CONTENT="Herr&quot;," HEIGHT="43" WIDTH="116" VPOS="1142" HPOS="1609"/><SP WIDTH="22" VPOS="1142" HPOS="1726"/><String WC="0.6000000238" CONTENT="begann" HEIGHT="44" WIDTH="121" VPOS="1142" HPOS="1749"/><SP WIDTH="24" VPOS="1153" HPOS="1871"/><String WC="1." CONTENT="er," HEIGHT="30" WIDTH="41" VPOS="1153" HPOS="1896"/><SP WIDTH="21" VPOS="1172" HPOS="1938"/><String WC="0.7699999809" CONTENT="„daß" HEIGHT="43" WIDTH="82" VPOS="1142" HPOS="1960"/></TextLine>
<TextLine HEIGHT="43" WIDTH="911" VPOS="1188" HPOS="1133"><String WC="1." CONTENT="ich" HEIGHT="43" WIDTH="41" VPOS="1188" HPOS="1133"/><SP WIDTH="25" VPOS="1188" HPOS="1175"/><String WC="0.8475000262" CONTENT="Euch" HEIGHT="42" WIDTH="79" VPOS="1188" HPOS="1201"/><SP WIDTH="23" VPOS="1188" HPOS="1281"/><String WC="0.6999999881" CONTENT="in" HEIGHT="33" WIDTH="32" VPOS="1188" HPOS="1305"/><SP WIDTH="24" VPOS="1188" HPOS="1338"/><String WC="0.9433333278" CONTENT="Eueren" HEIGHT="34" WIDTH="122" VPOS="1188" HPOS="1363"/><SP WIDTH="15" VPOS="1188" HPOS="1486"/><String WC="0.6938461661" CONTENT="Betrachtungen" HEIGHT="41" WIDTH="248" VPOS="1188" HPOS="1502"/><SP WIDTH="15" VPOS="1188" HPOS="1751"/><String WC="0.7933333516" CONTENT="störe," HEIGHT="41" WIDTH="87" VPOS="1188" HPOS="1767"/><SP WIDTH="16" VPOS="1188" HPOS="1855"/><String WC="0.8999999762" CONTENT="ich" HEIGHT="42" WIDTH="40" VPOS="1188" HPOS="1872"/><SP WIDTH="17" VPOS="1188" HPOS="1913"/><String WC="0.8439999819" CONTENT="komme" HEIGHT="34" WIDTH="113" VPOS="1188" HPOS="1931"/></TextLine>
<TextLine HEIGHT="44" WIDTH="908" VPOS="1231" HPOS="1133"><String WC="0.6299999952" CONTENT="vom" HEIGHT="24" WIDTH="72" VPOS="1243" HPOS="1133"/><SP WIDTH="24" VPOS="1233" HPOS="1206"/><String WC="0.8257142901" CONTENT="Gebirge" HEIGHT="43" WIDTH="137" VPOS="1232" HPOS="1231"/><SP WIDTH="23" VPOS="1233" HPOS="1369"/><String WC="0.5799999833" CONTENT="herab" HEIGHT="43" WIDTH="96" VPOS="1231" HPOS="1393"/><SP WIDTH="34" VPOS="1231" HPOS="1490"/><String WC="0.603333354" CONTENT="und" HEIGHT="34" WIDTH="61" VPOS="1231" HPOS="1525"/><SP WIDTH="35" VPOS="1231" HPOS="1587"/><String WC="0.7099999785" CONTENT="wünsche" HEIGHT="41" WIDTH="135" VPOS="1231" HPOS="1623"/><SP WIDTH="34" VPOS="1242" HPOS="1759"/><String WC="1." CONTENT="zu" HEIGHT="32" WIDTH="36" VPOS="1242" HPOS="1794"/><SP WIDTH="30" VPOS="1242" HPOS="1831"/><String WC="0.7185714245" CONTENT="wissen," HEIGHT="43" WIDTH="116" VPOS="1232" HPOS="1862"/><SP WIDTH="30" VPOS="1244" HPOS="1979"/><String WC="0.5600000024" CONTENT="in" HEIGHT="24" WIDTH="31" VPOS="1243" HPOS="2010"/></TextLine>
<TextLine HEIGHT="46" WIDTH="626" VPOS="1275" HPOS="1133"><String WC="0.9514285922" CONTENT="welcher" HEIGHT="44" WIDTH="124" VPOS="1277" HPOS="1133"/><SP WIDTH="24" VPOS="1277" HPOS="1258"/><String WC="0.5966666937" CONTENT="Gegend" HEIGHT="42" WIDTH="128" VPOS="1277" HPOS="1283"/><SP WIDTH="23" VPOS="1277" HPOS="1412"/><String WC="0.5899999738" CONTENT="ich" HEIGHT="44" WIDTH="40" VPOS="1276" HPOS="1436"/><SP WIDTH="31" VPOS="1276" HPOS="1477"/><String WC="0.8675000072" CONTENT="mich" HEIGHT="42" WIDTH="73" VPOS="1276" HPOS="1509"/><SP WIDTH="24" VPOS="1275" HPOS="1583"/><String WC="0.6711111069" CONTENT="befinde.&quot;" HEIGHT="35" WIDTH="151" VPOS="1275" HPOS="1608"/></TextLine>
<TextLine HEIGHT="44" WIDTH="802" VPOS="1320" HPOS="1240"><String WC="0.8374999762" CONTENT="„Ihr" HEIGHT="42" WIDTH="90" VPOS="1322" HPOS="1240"/><SP WIDTH="21" VPOS="1322" HPOS="1331"/><String WC="0.4975000024" CONTENT="seid" HEIGHT="41" WIDTH="58" VPOS="1322" HPOS="1353"/><SP WIDTH="23" VPOS="1321" HPOS="1412"/><String WC="0.9850000143" CONTENT="im" HEIGHT="33" WIDTH="42" VPOS="1321" HPOS="1436"/><SP WIDTH="16" VPOS="1321" HPOS="1479"/><String WC="0.7680000067" CONTENT="Thale" HEIGHT="43" WIDTH="99" VPOS="1321" HPOS="1496"/><SP WIDTH="17" VPOS="1322" HPOS="1596"/><String WC="0.4399999976" CONTENT="bei" HEIGHT="34" WIDTH="47" VPOS="1320" HPOS="1614"/><SP WIDTH="15" VPOS="1320" HPOS="1662"/><String WC="0.8714285493" CONTENT="Bastide" HEIGHT="43" WIDTH="123" VPOS="1320" HPOS="1678"/><SP WIDTH="24" VPOS="1321" HPOS="1802"/><String WC="0.8650000095" CONTENT="de" HEIGHT="34" WIDTH="34" VPOS="1321" HPOS="1827"/><SP WIDTH="23" VPOS="1322" HPOS="1862"/><String WC="1." CONTENT="la" HEIGHT="32" WIDTH="31" VPOS="1322" HPOS="1886"/><SP WIDTH="24" VPOS="1323" HPOS="1918"/><String WC="0.6819999814" CONTENT="Fron-" HEIGHT="40" WIDTH="99" VPOS="1323" HPOS="1943"/></TextLine>
<TextLine HEIGHT="44" WIDTH="909" VPOS="1365" HPOS="1133"><String WC="0.8516666889" CONTENT="tera&quot;," HEIGHT="38" WIDTH="97" VPOS="1369" HPOS="1133"/><SP WIDTH="32" VPOS="1377" HPOS="1231"/><String WC="0.7030000091" CONTENT="antwortete" HEIGHT="29" WIDTH="182" VPOS="1371" HPOS="1264"/><SP WIDTH="28" VPOS="1365" HPOS="1447"/><String WC="0.9499999881" CONTENT="der" HEIGHT="34" WIDTH="52" VPOS="1365" HPOS="1476"/><SP WIDTH="28" VPOS="1366" HPOS="1529"/><String WC="0.7336363792" CONTENT="Geistliche," HEIGHT="42" WIDTH="168" VPOS="1365" HPOS="1558"/><SP WIDTH="35" VPOS="1365" HPOS="1727"/><String WC="0.6166666746" CONTENT="den" HEIGHT="34" WIDTH="56" VPOS="1365" HPOS="1763"/><SP WIDTH="24" VPOS="1366" HPOS="1820"/><String WC="0.8999999762" CONTENT="Jäger" HEIGHT="42" WIDTH="106" VPOS="1366" HPOS="1845"/><SP WIDTH="23" VPOS="1376" HPOS="1952"/><String WC="0.7400000095" CONTENT="auf" HEIGHT="42" WIDTH="55" VPOS="1367" HPOS="1976"/><HYP CONTENT="­"/></TextLine>
<TextLine HEIGHT="43" WIDTH="910" VPOS="1410" HPOS="1132"><String WC="0.9085714221" CONTENT="merksam" HEIGHT="42" WIDTH="146" VPOS="1411" HPOS="1132"/><SP WIDTH="22" VPOS="1410" HPOS="1279"/><String WC="0.7933333516" CONTENT="betrachtend," HEIGHT="43" WIDTH="201" VPOS="1410" HPOS="1302"/><SP WIDTH="30" VPOS="1438" HPOS="1504"/><String WC="0.8640000224" CONTENT="„dort" HEIGHT="40" WIDTH="90" VPOS="1410" HPOS="1535"/><SP WIDTH="27" VPOS="1415" HPOS="1626"/><String WC="0.4819999933" CONTENT="unten" HEIGHT="27" WIDTH="93" VPOS="1416" HPOS="1654"/><SP WIDTH="23" VPOS="1410" HPOS="1748"/><String WC="0.7900000215" CONTENT="könnt" HEIGHT="33" WIDTH="89" VPOS="1410" HPOS="1772"/><SP WIDTH="28" VPOS="1411" HPOS="1862"/><String WC="0.7699999809" CONTENT="Ihr" HEIGHT="42" WIDTH="68" VPOS="1411" HPOS="1891"/><SP WIDTH="23" VPOS="1411" HPOS="1960"/><String WC="1." CONTENT="das" HEIGHT="33" WIDTH="58" VPOS="1411" HPOS="1984"/></TextLine>
<TextLine HEIGHT="44" WIDTH="909" VPOS="1454" HPOS="1133"><String WC="0.8144444227" CONTENT="Städtchen" HEIGHT="43" WIDTH="170" VPOS="1455" HPOS="1133"/><SP WIDTH="24" VPOS="1456" HPOS="1304"/><String WC="0.7712500095" CONTENT="deutlich" HEIGHT="43" WIDTH="124" VPOS="1455" HPOS="1329"/><SP WIDTH="24" VPOS="1455" HPOS="1454"/><String WC="0.7799999714" CONTENT="im" HEIGHT="34" WIDTH="42" VPOS="1455" HPOS="1479"/><SP WIDTH="16" VPOS="1455" HPOS="1522"/><String WC="0.7045454383" CONTENT="Abendlichte" HEIGHT="43" WIDTH="194" VPOS="1454" HPOS="1539"/><SP WIDTH="18" VPOS="1464" HPOS="1734"/><String WC="0.6579999924" CONTENT="ausnehmen," HEIGHT="40" WIDTH="201" VPOS="1455" HPOS="1753"/><SP WIDTH="15" VPOS="1465" HPOS="1955"/><String WC="0.8133333325" CONTENT="wei" HEIGHT="34" WIDTH="58" VPOS="1455" HPOS="1971"/><HYP CONTENT="­"/></TextLine>
<TextLine HEIGHT="50" WIDTH="910" VPOS="1499" HPOS="1132"><String WC="0.6266666651" CONTENT="ter" HEIGHT="28" WIDTH="46" VPOS="1506" HPOS="1132"/><SP WIDTH="34" VPOS="1511" HPOS="1179"/><String WC="0.8366666436" CONTENT="rechts" HEIGHT="43" WIDTH="96" VPOS="1500" HPOS="1214"/><SP WIDTH="35" VPOS="1500" HPOS="1311"/><String WC="0.9271428585" CONTENT="bemerkt" HEIGHT="34" WIDTH="129" VPOS="1500" HPOS="1347"/><SP WIDTH="37" VPOS="1500" HPOS="1477"/><String WC="0.8700000048" CONTENT="Ihr" HEIGHT="42" WIDTH="69" VPOS="1500" HPOS="1515"/><SP WIDTH="31" VPOS="1510" HPOS="1585"/><String WC="0.8899999857" CONTENT="einen" HEIGHT="34" WIDTH="86" VPOS="1499" HPOS="1617"/><SP WIDTH="27" VPOS="1499" HPOS="1704"/><String WC="0.6200000048" CONTENT="sich" HEIGHT="50" WIDTH="53" VPOS="1499" HPOS="1732"/><SP WIDTH="28" VPOS="1500" HPOS="1786"/><String WC="0.7753846049" CONTENT="schlangelnden" HEIGHT="42" WIDTH="227" VPOS="1499" HPOS="1815"/></TextLine>
<TextLine HEIGHT="44" WIDTH="911" VPOS="1543" HPOS="1133"><String WC="0.8007692099" CONTENT="Silberstreif," HEIGHT="43" WIDTH="208" VPOS="1544" HPOS="1133"/><SP WIDTH="23" VPOS="1545" HPOS="1342"/><String WC="1." CONTENT="das" HEIGHT="33" WIDTH="59" VPOS="1545" HPOS="1366"/><SP WIDTH="22" VPOS="1544" HPOS="1426"/><String WC="0.9166666865" CONTENT="ist" HEIGHT="42" WIDTH="35" VPOS="1544" HPOS="1449"/><SP WIDTH="23" VPOS="1544" HPOS="1485"/><String WC="0.9666666389" CONTENT="der" HEIGHT="34" WIDTH="52" VPOS="1544" HPOS="1509"/><SP WIDTH="23" VPOS="1544" HPOS="1562"/><String WC="0.6675000191" CONTENT="Lot;" HEIGHT="42" WIDTH="73" VPOS="1544" HPOS="1586"/><SP WIDTH="31" VPOS="1544" HPOS="1660"/><String WC="0.676666677" CONTENT="die" HEIGHT="34" WIDTH="46" VPOS="1543" HPOS="1692"/><SP WIDTH="22" VPOS="1547" HPOS="1739"/><String WC="0.8672727346" CONTENT="Häusermasse" HEIGHT="42" WIDTH="217" VPOS="1544" HPOS="1762"/><SP WIDTH="23" VPOS="1554" HPOS="1980"/><String WC="0.8450000286" CONTENT="an" HEIGHT="24" WIDTH="40" VPOS="1554" HPOS="2004"/></TextLine>
<TextLine HEIGHT="44" WIDTH="908" VPOS="1588" HPOS="1132"><String WC="0.9216666818" CONTENT="seinem" HEIGHT="42" WIDTH="109" VPOS="1590" HPOS="1132"/><SP WIDTH="22" VPOS="1600" HPOS="1242"/><String WC="0.8971428275" CONTENT="rechten" HEIGHT="42" WIDTH="116" VPOS="1590" HPOS="1265"/><SP WIDTH="23" VPOS="1590" HPOS="1382"/><String WC="0.5299999714" CONTENT="Ufer" HEIGHT="42" WIDTH="75" VPOS="1590" HPOS="1406"/><SP WIDTH="24" VPOS="1588" HPOS="1482"/><String WC="0.6916666627" CONTENT="bildet" HEIGHT="35" WIDTH="92" VPOS="1588" HPOS="1507"/><SP WIDTH="24" VPOS="1589" HPOS="1600"/><String WC="0.9599999785" CONTENT="die" HEIGHT="33" WIDTH="45" VPOS="1589" HPOS="1625"/><SP WIDTH="24" VPOS="1599" HPOS="1671"/><String WC="0.8880000114" CONTENT="&gt;sadt" HEIGHT="34" WIDTH="88" VPOS="1588" HPOS="1696"/><SP WIDTH="29" VPOS="1589" HPOS="1785"/><String WC="0.8142856956" CONTENT="Cahors." HEIGHT="43" WIDTH="151" VPOS="1588" HPOS="1815"/><SP WIDTH="19" VPOS="1617" HPOS="1967"/><String WC="1." CONTENT="." HEIGHT="6" WIDTH="5" VPOS="1617" HPOS="1987"/><SP WIDTH="19" VPOS="1617" HPOS="1993"/><String WC="1." CONTENT=".&quot;" HEIGHT="30" WIDTH="27" VPOS="1592" HPOS="2013"/></TextLine>
<TextLine HEIGHT="45" WIDTH="801" VPOS="1632" HPOS="1242"><String WC="0.7428571582" CONTENT=",,AH&apos;&quot;," HEIGHT="42" WIDTH="114" VPOS="1635" HPOS="1242"/><SP WIDTH="38" VPOS="1635" HPOS="1357"/><String WC="0.824000001" CONTENT="sagte" HEIGHT="42" WIDTH="82" VPOS="1635" HPOS="1396"/><SP WIDTH="35" VPOS="1634" HPOS="1479"/><String WC="1." CONTENT="der" HEIGHT="33" WIDTH="51" VPOS="1634" HPOS="1515"/><SP WIDTH="35" VPOS="1634" HPOS="1567"/><String WC="0.7649999857" CONTENT="Jäger," HEIGHT="42" WIDTH="116" VPOS="1634" HPOS="1603"/><SP WIDTH="41" VPOS="1660" HPOS="1720"/><String WC="0.8924999833" CONTENT="„Ihr" HEIGHT="43" WIDTH="89" VPOS="1632" HPOS="1762"/><SP WIDTH="27" VPOS="1643" HPOS="1852"/><String WC="0.8579999804" CONTENT="meint" HEIGHT="34" WIDTH="93" VPOS="1633" HPOS="1880"/><SP WIDTH="22" VPOS="1634" HPOS="1974"/><String WC="0.9300000072" CONTENT="die" HEIGHT="34" WIDTH="46" VPOS="1633" HPOS="1997"/></TextLine>
<TextLine HEIGHT="45" WIDTH="910" VPOS="1677" HPOS="1132"><String WC="0.9039999843" CONTENT="Wälle" HEIGHT="34" WIDTH="101" VPOS="1680" HPOS="1132"/><SP WIDTH="23" VPOS="1679" HPOS="1234"/><String WC="0.8259999752" CONTENT="dort," HEIGHT="42" WIDTH="80" VPOS="1679" HPOS="1258"/><SP WIDTH="22" VPOS="1689" HPOS="1339"/><String WC="0.7183333039" CONTENT="welche" HEIGHT="42" WIDTH="107" VPOS="1680" HPOS="1362"/><SP WIDTH="22" VPOS="1679" HPOS="1470"/><String WC="0.7900000215" CONTENT="der" HEIGHT="33" WIDTH="52" VPOS="1679" HPOS="1493"/><SP WIDTH="16" VPOS="1679" HPOS="1546"/><String WC="0.5425000191" CONTENT="Fluß" HEIGHT="42" WIDTH="84" VPOS="1678" HPOS="1563"/><SP WIDTH="25" VPOS="1678" HPOS="1648"/><String WC="0.3300000131" CONTENT="auf" HEIGHT="43" WIDTH="54" VPOS="1678" HPOS="1674"/><SP WIDTH="23" VPOS="1677" HPOS="1729"/><String WC="0.7875000238" CONTENT="drei" HEIGHT="34" WIDTH="64" VPOS="1677" HPOS="1753"/><SP WIDTH="21" VPOS="1677" HPOS="1818"/><String WC="0.6600000262" CONTENT="Seiten" HEIGHT="34" WIDTH="113" VPOS="1678" HPOS="1840"/><SP WIDTH="23" VPOS="1688" HPOS="1954"/><String WC="1." CONTENT="um" HEIGHT="23" WIDTH="52" VPOS="1688" HPOS="1978"/><HYP CONTENT="­"/></TextLine>
<TextLine HEIGHT="45" WIDTH="910" VPOS="1722" HPOS="1132"><String WC="0.771666646" CONTENT="zieht," HEIGHT="43" WIDTH="87" VPOS="1724" HPOS="1132"/><SP WIDTH="23" VPOS="1724" HPOS="1220"/><String WC="0.853333354" CONTENT="das" HEIGHT="34" WIDTH="59" VPOS="1724" HPOS="1244"/><SP WIDTH="23" VPOS="1724" HPOS="1304"/><String WC="0.8866666555" CONTENT="ist" HEIGHT="42" WIDTH="35" VPOS="1724" HPOS="1328"/><SP WIDTH="23" VPOS="1728" HPOS="1364"/><String WC="0.7850000262" CONTENT="also" HEIGHT="43" WIDTH="64" VPOS="1723" HPOS="1388"/><SP WIDTH="23" VPOS="1723" HPOS="1453"/><String WC="1." CONTENT="die" HEIGHT="34" WIDTH="46" VPOS="1723" HPOS="1477"/><SP WIDTH="15" VPOS="1722" HPOS="1524"/><String WC="0.7649999857" CONTENT="Herberge" HEIGHT="44" WIDTH="159" VPOS="1722" HPOS="1540"/><SP WIDTH="23" VPOS="1722" HPOS="1700"/><String WC="0.7466666698" CONTENT="der" HEIGHT="34" WIDTH="52" VPOS="1722" HPOS="1724"/><SP WIDTH="23" VPOS="1727" HPOS="1777"/><String WC="0.8663636446" CONTENT="trefflichen" HEIGHT="45" WIDTH="165" VPOS="1722" HPOS="1801"/><SP WIDTH="14" VPOS="1724" HPOS="1967"/><String WC="0.4250000119" CONTENT="La" HEIGHT="33" WIDTH="47" VPOS="1724" HPOS="1982"/><HYP CONTENT="­"/></TextLine>
<TextLine HEIGHT="43" WIDTH="253" VPOS="1769" HPOS="1131"><String WC="0.8050000072" CONTENT="hors" HEIGHT="43" WIDTH="78" VPOS="1769" HPOS="1131"/><SP WIDTH="24" VPOS="1769" HPOS="1210"/><String WC="0.6771428585" CONTENT="Weine?&quot;" HEIGHT="34" WIDTH="149" VPOS="1769" HPOS="1235"/></TextLine>
<TextLine HEIGHT="46" WIDTH="802" VPOS="1811" HPOS="1241"><String WC="0.8180000186" CONTENT="„Ja&quot;," HEIGHT="42" WIDTH="103" VPOS="1814" HPOS="1241"/><SP WIDTH="23" VPOS="1813" HPOS="1345"/><String WC="0.7362499833" CONTENT="bemerkte" HEIGHT="35" WIDTH="144" VPOS="1813" HPOS="1369"/><SP WIDTH="16" VPOS="1813" HPOS="1514"/><String WC="0.8012499809" CONTENT="lächelnd" HEIGHT="45" WIDTH="132" VPOS="1812" HPOS="1531"/><SP WIDTH="24" VPOS="1812" HPOS="1664"/><String WC="0.8399999738" CONTENT="der" HEIGHT="34" WIDTH="52" VPOS="1812" HPOS="1689"/><SP WIDTH="16" VPOS="1812" HPOS="1742"/><String WC="0.6899999976" CONTENT="Geistliche," HEIGHT="43" WIDTH="168" VPOS="1811" HPOS="1759"/><SP WIDTH="26" VPOS="1840" HPOS="1928"/><String WC="0.9075000286" CONTENT="„Ihr" HEIGHT="43" WIDTH="88" VPOS="1812" HPOS="1955"/></TextLine>
<TextLine HEIGHT="46" WIDTH="910" VPOS="1857" HPOS="1132"><String WC="0.8874999881" CONTENT="habt" HEIGHT="44" WIDTH="74" VPOS="1859" HPOS="1132"/><SP WIDTH="22" VPOS="1864" HPOS="1207"/><String WC="0.7524999976" CONTENT="wohl" HEIGHT="43" WIDTH="86" VPOS="1858" HPOS="1230"/><SP WIDTH="23" VPOS="1858" HPOS="1317"/><String WC="1." CONTENT="deren" HEIGHT="34" WIDTH="91" VPOS="1858" HPOS="1341"/><SP WIDTH="23" VPOS="1859" HPOS="1433"/><String WC="0.7440000176" CONTENT="schon" HEIGHT="42" WIDTH="84" VPOS="1858" HPOS="1457"/><SP WIDTH="23" VPOS="1868" HPOS="1542"/><String WC="0.7179999948" CONTENT="verkostet;" HEIGHT="43" WIDTH="158" VPOS="1857" HPOS="1566"/><SP WIDTH="34" VPOS="1867" HPOS="1725"/><String WC="0.6800000072" CONTENT="nun" HEIGHT="24" WIDTH="65" VPOS="1867" HPOS="1760"/><SP WIDTH="31" VPOS="1867" HPOS="1826"/><String WC="0.8366666436" CONTENT="wir" HEIGHT="33" WIDTH="59" VPOS="1858" HPOS="1858"/><SP WIDTH="25" VPOS="1857" HPOS="1918"/><String WC="0.7099999785" CONTENT="Män" HEIGHT="34" WIDTH="86" VPOS="1857" HPOS="1944"/><HYP CONTENT="­"/></TextLine>
<TextLine HEIGHT="44" WIDTH="912" VPOS="1902" HPOS="1131"><String WC="0.8833333254" CONTENT="ner" HEIGHT="25" WIDTH="56" VPOS="1914" HPOS="1131"/><SP WIDTH="22" VPOS="1904" HPOS="1188"/><String WC="1." CONTENT="der" HEIGHT="34" WIDTH="52" VPOS="1904" HPOS="1211"/><SP WIDTH="28" VPOS="1903" HPOS="1264"/><String WC="0.8908333182" CONTENT="Wissenschaft" HEIGHT="44" WIDTH="207" VPOS="1902" HPOS="1293"/><SP WIDTH="27" VPOS="1903" HPOS="1501"/><String WC="0.8349999785" CONTENT="schätzen" HEIGHT="44" WIDTH="124" VPOS="1902" HPOS="1529"/><SP WIDTH="34" VPOS="1902" HPOS="1654"/><String WC="0.9300000072" CONTENT="diese" HEIGHT="42" WIDTH="76" VPOS="1902" HPOS="1689"/><SP WIDTH="33" VPOS="1902" HPOS="1766"/><String WC="0.9083333611" CONTENT="Gegend" HEIGHT="42" WIDTH="130" VPOS="1902" HPOS="1800"/><SP WIDTH="24" VPOS="1902" HPOS="1931"/><String WC="0.7749999762" CONTENT="mehr" HEIGHT="43" WIDTH="87" VPOS="1902" HPOS="1956"/></TextLine>
<TextLine HEIGHT="46" WIDTH="912" VPOS="1946" HPOS="1131"><String WC="0.8019999862" CONTENT="wegen" HEIGHT="33" WIDTH="105" VPOS="1959" HPOS="1131"/><SP WIDTH="12" VPOS="1948" HPOS="1237"/><String WC="1." CONTENT="ihrer" HEIGHT="43" WIDTH="83" VPOS="1948" HPOS="1250"/><SP WIDTH="13" VPOS="1958" HPOS="1334"/><String WC="0.8199999928" CONTENT="archäologischen" HEIGHT="43" WIDTH="257" VPOS="1947" HPOS="1348"/><SP WIDTH="18" VPOS="1947" HPOS="1606"/><String WC="0.8194117546" CONTENT="Merkwürdigkeiten," HEIGHT="44" WIDTH="321" VPOS="1946" HPOS="1625"/><SP WIDTH="16" VPOS="1947" HPOS="1947"/><String WC="0.8824999928" CONTENT="denn" HEIGHT="33" WIDTH="79" VPOS="1947" HPOS="1964"/></TextLine>
<TextLine HEIGHT="45" WIDTH="908" VPOS="1991" HPOS="1130"><String WC="0.4880000055" CONTENT="wegen" HEIGHT="32" WIDTH="106" VPOS="2004" HPOS="1130"/><SP WIDTH="11" VPOS="1993" HPOS="1237"/><String WC="0.9499999881" CONTENT="ihrer" HEIGHT="43" WIDTH="83" VPOS="1992" HPOS="1249"/><SP WIDTH="12" VPOS="1992" HPOS="1333"/><String WC="0.8309999704" CONTENT="Weinberge," HEIGHT="43" WIDTH="193" VPOS="1992" HPOS="1346"/><SP WIDTH="12" VPOS="2003" HPOS="1540"/><String WC="0.4799999893" CONTENT="von" HEIGHT="24" WIDTH="62" VPOS="2002" HPOS="1553"/><SP WIDTH="11" VPOS="1991" HPOS="1616"/><String WC="0.8899999857" CONTENT="denen" HEIGHT="34" WIDTH="95" VPOS="1991" HPOS="1628"/><SP WIDTH="24" VPOS="2001" HPOS="1724"/><String WC="0.7574999928" CONTENT="eben" HEIGHT="34" WIDTH="72" VPOS="1991" HPOS="1749"/><SP WIDTH="23" VPOS="2001" HPOS="1822"/><String WC="0.6566666961" CONTENT="wir" HEIGHT="34" WIDTH="60" VPOS="1991" HPOS="1846"/><SP WIDTH="23" VPOS="2001" HPOS="1907"/><String WC="0.8500000238" CONTENT="armen" HEIGHT="24" WIDTH="107" VPOS="2001" HPOS="1931"/></TextLine>
<TextLine HEIGHT="47" WIDTH="908" VPOS="2035" HPOS="1131"><String WC="0.8553333282" CONTENT="Landgeistlichen" HEIGHT="45" WIDTH="254" VPOS="2037" HPOS="1131"/><SP WIDTH="16" VPOS="2047" HPOS="1386"/><String WC="0.9766666889" CONTENT="gar" HEIGHT="33" WIDTH="57" VPOS="2047" HPOS="1403"/><SP WIDTH="15" VPOS="2047" HPOS="1461"/><String WC="0.824000001" CONTENT="wenig" HEIGHT="43" WIDTH="99" VPOS="2036" HPOS="1477"/><SP WIDTH="17" VPOS="2047" HPOS="1577"/><String WC="0.5099999905" CONTENT="zu" HEIGHT="33" WIDTH="36" VPOS="2046" HPOS="1595"/><SP WIDTH="22" VPOS="2046" HPOS="1632"/><String WC="0.8777777553" CONTENT="verkosten" HEIGHT="39" WIDTH="151" VPOS="2037" HPOS="1655"/><SP WIDTH="28" VPOS="2035" HPOS="1807"/><String WC="0.8470000029" CONTENT="bekommen.&quot;" HEIGHT="35" WIDTH="203" VPOS="2035" HPOS="1836"/></TextLine>
<TextLine HEIGHT="45" WIDTH="780" VPOS="2080" HPOS="1260"><String WC="1." CONTENT="„Ihr" HEIGHT="43" WIDTH="88" VPOS="2082" HPOS="1260"/><SP WIDTH="22" VPOS="2083" HPOS="1349"/><String WC="0.8149999976" CONTENT="seid" HEIGHT="42" WIDTH="59" VPOS="2082" HPOS="1372"/><SP WIDTH="24" VPOS="2083" HPOS="1432"/><String WC="0.7049999833" CONTENT="also&quot;," HEIGHT="41" WIDTH="96" VPOS="2082" HPOS="1457"/><SP WIDTH="25" VPOS="2082" HPOS="1554"/><String WC="0.3950000107" CONTENT="fiel" HEIGHT="41" WIDTH="52" VPOS="2082" HPOS="1580"/><SP WIDTH="23" VPOS="2082" HPOS="1633"/><String WC="0.7166666389" CONTENT="der" HEIGHT="32" WIDTH="51" VPOS="2082" HPOS="1657"/><SP WIDTH="23" VPOS="2081" HPOS="1709"/><String WC="0.7820000052" CONTENT="Jäger" HEIGHT="42" WIDTH="104" VPOS="2081" HPOS="1733"/><SP WIDTH="25" VPOS="2091" HPOS="1838"/><String WC="0.7450000048" CONTENT="ein," HEIGHT="40" WIDTH="58" VPOS="2081" HPOS="1864"/><SP WIDTH="26" VPOS="2109" HPOS="1923"/><String WC="0.8000000119" CONTENT="„auch" HEIGHT="42" WIDTH="90" VPOS="2080" HPOS="1950"/></TextLine>
<TextLine HEIGHT="44" WIDTH="907" VPOS="2125" HPOS="1132"><String WC="0.9340000153" CONTENT="einer" HEIGHT="35" WIDTH="82" VPOS="2125" HPOS="1132"/><SP WIDTH="23" VPOS="2125" HPOS="1215"/><String WC="0.8539999723" CONTENT="jener" HEIGHT="43" WIDTH="83" VPOS="2125" HPOS="1239"/><SP WIDTH="24" VPOS="2137" HPOS="1323"/><String WC="0.9660000205" CONTENT="armen" HEIGHT="23" WIDTH="107" VPOS="2137" HPOS="1348"/><SP WIDTH="24" VPOS="2127" HPOS="1456"/><String WC="0.6446154118" CONTENT="Seelenhirten," HEIGHT="43" WIDTH="229" VPOS="2126" HPOS="1481"/><SP WIDTH="33" VPOS="2125" HPOS="1711"/><String WC="0.8220000267" CONTENT="deren" HEIGHT="34" WIDTH="90" VPOS="2125" HPOS="1745"/><SP WIDTH="24" VPOS="2125" HPOS="1836"/><String WC="0.7450000048" CONTENT="Hirtenstab" HEIGHT="43" WIDTH="178" VPOS="2125" HPOS="1861"/></TextLine>
<TextLine HEIGHT="43" WIDTH="909" VPOS="2170" HPOS="1131"><String WC="0.9766666889" CONTENT="nnr" HEIGHT="23" WIDTH="60" VPOS="2181" HPOS="1131"/><SP WIDTH="29" VPOS="2181" HPOS="1192"/><String WC="0.6800000072" CONTENT="vom" HEIGHT="24" WIDTH="73" VPOS="2181" HPOS="1222"/><SP WIDTH="38" VPOS="2172" HPOS="1296"/><String WC="0.4828571379" CONTENT="blanken" HEIGHT="33" WIDTH="127" VPOS="2172" HPOS="1335"/><SP WIDTH="38" VPOS="2172" HPOS="1463"/><String WC="0.5583333373" CONTENT="Dornenstocke" HEIGHT="41" WIDTH="220" VPOS="2170" HPOS="1502"/><SP WIDTH="38" VPOS="2180" HPOS="1723"/><String WC="0.9809091091" CONTENT="geschnitten" HEIGHT="43" WIDTH="177" VPOS="2170" HPOS="1762"/><SP WIDTH="38" VPOS="2181" HPOS="1940"/><String WC="0.8100000024" CONTENT="und" HEIGHT="34" WIDTH="61" VPOS="2170" HPOS="1979"/></TextLine>
<TextLine HEIGHT="44" WIDTH="906" VPOS="2214" HPOS="1132"><String WC="0.9700000286" CONTENT="deren" HEIGHT="34" WIDTH="90" VPOS="2216" HPOS="1132"/><SP WIDTH="16" VPOS="2226" HPOS="1223"/><String WC="0.8783333302" CONTENT="erstes" HEIGHT="40" WIDTH="92" VPOS="2218" HPOS="1240"/><SP WIDTH="25" VPOS="2217" HPOS="1333"/><String WC="0.6471428275" CONTENT="Gelübde" HEIGHT="36" WIDTH="142" VPOS="2215" HPOS="1359"/><SP WIDTH="17" VPOS="2216" HPOS="1502"/><String WC="1." CONTENT="die" HEIGHT="34" WIDTH="47" VPOS="2216" HPOS="1520"/><SP WIDTH="19" VPOS="2226" HPOS="1568"/><String WC="0.7218182087" CONTENT="nothwendige" HEIGHT="44" WIDTH="215" VPOS="2214" HPOS="1588"/><SP WIDTH="16" VPOS="2216" HPOS="1804"/><String WC="0.8383333087" CONTENT="Armuth" HEIGHT="43" WIDTH="134" VPOS="2215" HPOS="1821"/><SP WIDTH="16" VPOS="2215" HPOS="1956"/><String WC="1." CONTENT="ist.&quot;" HEIGHT="42" WIDTH="65" VPOS="2215" HPOS="1973"/></TextLine>
<TextLine HEIGHT="44" WIDTH="799" VPOS="2259" HPOS="1241"><String WC="0.6633333564" CONTENT="„Ei" HEIGHT="40" WIDTH="59" VPOS="2262" HPOS="1241"/><SP WIDTH="23" VPOS="2262" HPOS="1301"/><String WC="0.7799999714" CONTENT="nun&quot;," HEIGHT="37" WIDTH="97" VPOS="2265" HPOS="1325"/><SP WIDTH="23" VPOS="2262" HPOS="1423"/><String WC="0.7680000067" CONTENT="sagte" HEIGHT="41" WIDTH="82" VPOS="2262" HPOS="1447"/><SP WIDTH="35" VPOS="2260" HPOS="1530"/><String WC="0.75" CONTENT="der" HEIGHT="34" WIDTH="52" VPOS="2260" HPOS="1566"/><SP WIDTH="39" VPOS="2260" HPOS="1619"/><String WC="0.7940000296" CONTENT="Geistliche" HEIGHT="42" WIDTH="158" VPOS="2259" HPOS="1659"/><SP WIDTH="29" VPOS="2259" HPOS="1818"/><String WC="0.7142857313" CONTENT="heiter," HEIGHT="42" WIDTH="104" VPOS="2259" HPOS="1848"/><SP WIDTH="26" VPOS="2288" HPOS="1953"/><String WC="1." CONTENT="„ich" HEIGHT="43" WIDTH="60" VPOS="2259" HPOS="1980"/></TextLine>
<TextLine HEIGHT="52" WIDTH="910" VPOS="2304" HPOS="1130"><String WC="0.6859999895" CONTENT="folge" HEIGHT="50" WIDTH="82" VPOS="2306" HPOS="1130"/><SP WIDTH="24" VPOS="2307" HPOS="1213"/><String WC="0.7350000143" CONTENT="so" HEIGHT="40" WIDTH="30" VPOS="2307" HPOS="1238"/><SP WIDTH="24" VPOS="2316" HPOS="1269"/><String WC="1." CONTENT="am" HEIGHT="22" WIDTH="50" VPOS="2317" HPOS="1294"/><SP WIDTH="24" VPOS="2305" HPOS="1345"/><String WC="0.6816666722" CONTENT="besten" HEIGHT="42" WIDTH="97" VPOS="2305" HPOS="1370"/><SP WIDTH="38" VPOS="2305" HPOS="1468"/><String WC="0.75" CONTENT="dem" HEIGHT="34" WIDTH="66" VPOS="2305" HPOS="1507"/><SP WIDTH="34" VPOS="2305" HPOS="1574"/><String WC="0.7677778006" CONTENT="Beispiele" HEIGHT="43" WIDTH="152" VPOS="2304" HPOS="1609"/><SP WIDTH="35" VPOS="2304" HPOS="1762"/><String WC="0.7699999809" CONTENT="des" HEIGHT="34" WIDTH="53" VPOS="2304" HPOS="1798"/><SP WIDTH="32" VPOS="2305" HPOS="1852"/><String WC="0.6555555463" CONTENT="Apostels," HEIGHT="41" WIDTH="155" VPOS="2305" HPOS="1885"/></TextLine>
<TextLine HEIGHT="45" WIDTH="908" VPOS="2348" HPOS="1132"><String WC="0.6833333373" CONTENT="oer" HEIGHT="24" WIDTH="51" VPOS="2361" HPOS="1132"/><SP WIDTH="23" VPOS="2361" HPOS="1184"/><String WC="0.728181839" CONTENT="gleichfalls" HEIGHT="43" WIDTH="168" VPOS="2350" HPOS="1208"/><SP WIDTH="25" VPOS="2356" HPOS="1377"/><String WC="0.6480000019" CONTENT="außer" HEIGHT="41" WIDTH="97" VPOS="2349" HPOS="1403"/><SP WIDTH="23" VPOS="2350" HPOS="1501"/><String WC="0.7599999905" CONTENT="seinem" HEIGHT="42" WIDTH="110" VPOS="2350" HPOS="1525"/><SP WIDTH="37" VPOS="2348" HPOS="1636"/><String WC="0.6312500238" CONTENT="Heilande" HEIGHT="44" WIDTH="153" VPOS="2348" HPOS="1674"/><SP WIDTH="21" VPOS="2349" HPOS="1828"/><String WC="0.5899999738" CONTENT="im" HEIGHT="33" WIDTH="43" VPOS="2349" HPOS="1850"/><SP WIDTH="23" VPOS="2348" HPOS="1894"/><String WC="0.7950000167" CONTENT="Herzen" HEIGHT="44" WIDTH="122" VPOS="2348" HPOS="1918"/></TextLine>
<TextLine HEIGHT="44" WIDTH="701" VPOS="2394" HPOS="1130"><String WC="0.7900000215" CONTENT="nur" HEIGHT="23" WIDTH="60" VPOS="2406" HPOS="1130"/><SP WIDTH="22" VPOS="2405" HPOS="1191"/><String WC="0.6924999952" CONTENT="noch" HEIGHT="43" WIDTH="72" VPOS="2395" HPOS="1214"/><SP WIDTH="24" VPOS="2395" HPOS="1287"/><String WC="0.8324999809" CONTENT="eine" HEIGHT="32" WIDTH="63" VPOS="2397" HPOS="1312"/><SP WIDTH="24" VPOS="2396" HPOS="1376"/><String WC="0.7699999809" CONTENT="Nulle" HEIGHT="34" WIDTH="96" VPOS="2395" HPOS="1401"/><SP WIDTH="27" VPOS="2394" HPOS="1498"/><String WC="1." CONTENT="im" HEIGHT="34" WIDTH="41" VPOS="2394" HPOS="1526"/><SP WIDTH="23" VPOS="2394" HPOS="1568"/><String WC="0.6316666603" CONTENT="Beutel" HEIGHT="35" WIDTH="113" VPOS="2394" HPOS="1592"/><SP WIDTH="22" VPOS="2394" HPOS="1706"/><String WC="0.771666646" CONTENT="trug.&quot;" HEIGHT="39" WIDTH="102" VPOS="2396" HPOS="1729"/></TextLine>
<TextLine HEIGHT="43" WIDTH="831" VPOS="2438" HPOS="1209"><String WC="1." CONTENT="»" HEIGHT="21" WIDTH="8" VPOS="2447" HPOS="1209"/><SP WIDTH="39" VPOS="2447" HPOS="1218"/><String WC="0.7355555296" CONTENT="„Freund&quot;," HEIGHT="42" WIDTH="180" VPOS="2439" HPOS="1258"/><SP WIDTH="37" VPOS="2438" HPOS="1439"/><String WC="0.8262500167" CONTENT="bemerkte" HEIGHT="35" WIDTH="143" VPOS="2438" HPOS="1477"/><SP WIDTH="38" VPOS="2438" HPOS="1621"/><String WC="0.7599999905" CONTENT="jetzt" HEIGHT="43" WIDTH="62" VPOS="2438" HPOS="1660"/><SP WIDTH="38" VPOS="2438" HPOS="1723"/><String WC="0.7966666818" CONTENT="der" HEIGHT="33" WIDTH="51" VPOS="2438" HPOS="1762"/><SP WIDTH="37" VPOS="2438" HPOS="1814"/><String WC="0.8019999862" CONTENT="Jäger" HEIGHT="43" WIDTH="105" VPOS="2438" HPOS="1852"/><SP WIDTH="26" VPOS="2448" HPOS="1958"/><String WC="1." CONTENT="mit" HEIGHT="34" WIDTH="55" VPOS="2438" HPOS="1985"/></TextLine>
<TextLine HEIGHT="45" WIDTH="910" VPOS="2481" HPOS="1129"><String WC="0.8336363435" CONTENT="sichtlicher" HEIGHT="43" WIDTH="158" VPOS="2481" HPOS="1129"/><SP WIDTH="23" VPOS="2485" HPOS="1288"/><String WC="0.4799999893" CONTENT="Rührung," HEIGHT="41" WIDTH="167" VPOS="2484" HPOS="1312"/><SP WIDTH="18" VPOS="2511" HPOS="1480"/><String WC="0.8874999881" CONTENT="„Ihr" HEIGHT="42" WIDTH="89" VPOS="2484" HPOS="1499"/><SP WIDTH="21" VPOS="2483" HPOS="1589"/><String WC="0.8071428537" CONTENT="scheint" HEIGHT="42" WIDTH="106" VPOS="2483" HPOS="1611"/><SP WIDTH="22" VPOS="2488" HPOS="1718"/><String WC="0.6866666675" CONTENT="mir" HEIGHT="33" WIDTH="60" VPOS="2482" HPOS="1741"/><SP WIDTH="22" VPOS="2492" HPOS="1802"/><String WC="0.7200000286" CONTENT="ein" HEIGHT="34" WIDTH="47" VPOS="2482" HPOS="1825"/><SP WIDTH="23" VPOS="2492" HPOS="1873"/><String WC="0.5425000191" CONTENT="wackerer" HEIGHT="34" WIDTH="142" VPOS="2482" HPOS="1897"/></TextLine>
<TextLine HEIGHT="46" WIDTH="912" VPOS="2525" HPOS="1129"><String WC="0.7587500215" CONTENT="Arbeiter" HEIGHT="36" WIDTH="144" VPOS="2525" HPOS="1129"/><SP WIDTH="21" VPOS="2528" HPOS="1274"/><String WC="0.9200000167" CONTENT="im" HEIGHT="33" WIDTH="42" VPOS="2528" HPOS="1296"/><SP WIDTH="24" VPOS="2529" HPOS="1339"/><String WC="0.5522222519" CONTENT="Weinberge" HEIGHT="42" WIDTH="182" VPOS="2528" HPOS="1364"/><SP WIDTH="38" VPOS="2527" HPOS="1547"/><String WC="0.8500000238" CONTENT="des" HEIGHT="34" WIDTH="54" VPOS="2527" HPOS="1586"/><SP WIDTH="38" VPOS="2527" HPOS="1641"/><String WC="0.7400000095" CONTENT="Herrn" HEIGHT="44" WIDTH="103" VPOS="2527" HPOS="1680"/><SP WIDTH="24" VPOS="2537" HPOS="1784"/><String WC="0.6850000024" CONTENT="zu" HEIGHT="32" WIDTH="35" VPOS="2536" HPOS="1809"/><SP WIDTH="23" VPOS="2527" HPOS="1845"/><String WC="0.6499999762" CONTENT="sein," HEIGHT="42" WIDTH="71" VPOS="2526" HPOS="1869"/><SP WIDTH="24" VPOS="2537" HPOS="1941"/><String WC="0.8025000095" CONTENT="aber" HEIGHT="35" WIDTH="75" VPOS="2526" HPOS="1966"/></TextLine>
<TextLine HEIGHT="45" WIDTH="910" VPOS="2571" HPOS="1129"><String WC="0.8633333445" CONTENT="meiner" HEIGHT="35" WIDTH="116" VPOS="2571" HPOS="1129"/><SP WIDTH="22" VPOS="2573" HPOS="1246"/><String WC="0.8100000024" CONTENT="Meinung" HEIGHT="42" WIDTH="159" VPOS="2573" HPOS="1269"/><SP WIDTH="23" VPOS="2583" HPOS="1429"/><String WC="0.7300000191" CONTENT="nach" HEIGHT="42" WIDTH="71" VPOS="2574" HPOS="1453"/><SP WIDTH="16" VPOS="2572" HPOS="1525"/><String WC="0.6666666865" CONTENT="ist" HEIGHT="42" WIDTH="35" VPOS="2572" HPOS="1542"/><SP WIDTH="16" VPOS="2576" HPOS="1578"/><String WC="1." CONTENT="es" HEIGHT="29" WIDTH="33" VPOS="2577" HPOS="1595"/><SP WIDTH="17" VPOS="2571" HPOS="1629"/><String WC="0.8224999905" CONTENT="denn" HEIGHT="35" WIDTH="78" VPOS="2571" HPOS="1647"/><SP WIDTH="22" VPOS="2571" HPOS="1726"/><String WC="0.8999999762" CONTENT="doch" HEIGHT="43" WIDTH="71" VPOS="2571" HPOS="1749"/><SP WIDTH="23" VPOS="2571" HPOS="1821"/><String WC="0.8019999862" CONTENT="hart," HEIGHT="43" WIDTH="79" VPOS="2571" HPOS="1845"/><SP WIDTH="12" VPOS="2581" HPOS="1925"/><String WC="0.6060000062" CONTENT="wenn," HEIGHT="32" WIDTH="101" VPOS="2581" HPOS="1938"/></TextLine>
<TextLine HEIGHT="44" WIDTH="910" VPOS="2615" HPOS="1128"><String WC="0.8500000238" CONTENT="wie" HEIGHT="34" WIDTH="58" VPOS="2616" HPOS="1128"/><SP WIDTH="22" VPOS="2617" HPOS="1187"/><String WC="0.8424999714" CONTENT="dies" HEIGHT="34" WIDTH="66" VPOS="2617" HPOS="1210"/><SP WIDTH="24" VPOS="2617" HPOS="1277"/><String WC="0.7566666603" CONTENT="bei" HEIGHT="35" WIDTH="48" VPOS="2617" HPOS="1302"/><SP WIDTH="23" VPOS="2617" HPOS="1351"/><String WC="0.9399999976" CONTENT="dem" HEIGHT="35" WIDTH="66" VPOS="2617" HPOS="1375"/><SP WIDTH="23" VPOS="2617" HPOS="1442"/><String WC="0.8320000172" CONTENT="Landklerus" HEIGHT="34" WIDTH="190" VPOS="2617" HPOS="1466"/><SP WIDTH="38" VPOS="2616" HPOS="1657"/><String WC="0.4799999893" CONTENT="in" HEIGHT="34" WIDTH="33" VPOS="2616" HPOS="1696"/><SP WIDTH="30" VPOS="2617" HPOS="1730"/><String WC="0.8820000291" CONTENT="Frankreich" HEIGHT="44" WIDTH="177" VPOS="2615" HPOS="1761"/><SP WIDTH="24" VPOS="2615" HPOS="1939"/><String WC="0.7733333111" CONTENT="häu" HEIGHT="41" WIDTH="62" VPOS="2618" HPOS="1964"/><HYP CONTENT="­"/></TextLine>
<TextLine HEIGHT="45" WIDTH="911" VPOS="2660" HPOS="1128"><String WC="0.2733333409" CONTENT="fig" HEIGHT="43" WIDTH="43" VPOS="2661" HPOS="1128"/><SP WIDTH="24" VPOS="2661" HPOS="1172"/><String WC="0.9033333063" CONTENT="der" HEIGHT="35" WIDTH="53" VPOS="2661" HPOS="1197"/><SP WIDTH="22" VPOS="2663" HPOS="1251"/><String WC="0.9325000048" CONTENT="Fall" HEIGHT="42" WIDTH="74" VPOS="2663" HPOS="1274"/><SP WIDTH="21" VPOS="2662" HPOS="1349"/><String WC="0.7624999881" CONTENT="ist," HEIGHT="43" WIDTH="45" VPOS="2662" HPOS="1371"/><SP WIDTH="39" VPOS="2662" HPOS="1417"/><String WC="0.7666666508" CONTENT="der" HEIGHT="34" WIDTH="52" VPOS="2662" HPOS="1457"/><SP WIDTH="37" VPOS="2672" HPOS="1510"/><String WC="0.9175000191" CONTENT="arme" HEIGHT="23" WIDTH="83" VPOS="2672" HPOS="1548"/><SP WIDTH="40" VPOS="2661" HPOS="1632"/><String WC="0.851000011" CONTENT="Seelenhirt" HEIGHT="43" WIDTH="180" VPOS="2660" HPOS="1673"/><SP WIDTH="34" VPOS="2661" HPOS="1854"/><String WC="0.8700000048" CONTENT="der" HEIGHT="34" WIDTH="53" VPOS="2661" HPOS="1889"/><SP WIDTH="32" VPOS="2661" HPOS="1943"/><String WC="0.7699999809" CONTENT="Ge" HEIGHT="34" WIDTH="50" VPOS="2661" HPOS="1976"/><HYP CONTENT="­"/></TextLine>
<TextLine HEIGHT="46" WIDTH="909" VPOS="2705" HPOS="1127"><String WC="0.853333354" CONTENT="meinde" HEIGHT="34" WIDTH="116" VPOS="2706" HPOS="1127"/><SP WIDTH="24" VPOS="2717" HPOS="1244"/><String WC="0.823333323" CONTENT="auf" HEIGHT="43" WIDTH="55" VPOS="2708" HPOS="1269"/><SP WIDTH="22" VPOS="2708" HPOS="1325"/><String WC="0.9219999909" CONTENT="alle," HEIGHT="42" WIDTH="69" VPOS="2707" HPOS="1348"/><SP WIDTH="39" VPOS="2717" HPOS="1418"/><String WC="1." CONTENT="auch" HEIGHT="43" WIDTH="70" VPOS="2706" HPOS="1458"/><SP WIDTH="24" VPOS="2706" HPOS="1529"/><String WC="0.8633333445" CONTENT="die" HEIGHT="34" WIDTH="46" VPOS="2706" HPOS="1554"/><SP WIDTH="34" VPOS="2716" HPOS="1601"/><String WC="0.6221428514" CONTENT="unschuldigsten" HEIGHT="44" WIDTH="238" VPOS="2705" HPOS="1636"/><SP WIDTH="27" VPOS="2705" HPOS="1875"/><String WC="0.9066666961" CONTENT="Lebens" HEIGHT="35" WIDTH="119" VPOS="2705" HPOS="1903"/><HYP CONTENT="­"/></TextLine>
<TextLine HEIGHT="45" WIDTH="912" VPOS="2750" HPOS="1127"><String WC="0.7400000095" CONTENT="freuden" HEIGHT="43" WIDTH="126" VPOS="2751" HPOS="1127"/><SP WIDTH="21" VPOS="2751" HPOS="1254"/><String WC="0.7749999762" CONTENT="in" HEIGHT="34" WIDTH="33" VPOS="2751" HPOS="1276"/><SP WIDTH="28" VPOS="2753" HPOS="1310"/><String WC="0.7979999781" CONTENT="Folge" HEIGHT="43" WIDTH="98" VPOS="2752" HPOS="1339"/><SP WIDTH="38" VPOS="2752" HPOS="1438"/><String WC="0.8183333278" CONTENT="seiner" HEIGHT="42" WIDTH="96" VPOS="2752" HPOS="1477"/><SP WIDTH="21" VPOS="2752" HPOS="1574"/><String WC="0.6439999938" CONTENT="übergroßen" HEIGHT="43" WIDTH="195" VPOS="2750" HPOS="1596"/><SP WIDTH="23" VPOS="2751" HPOS="1792"/><String WC="0.9200000167" CONTENT="Armuth" HEIGHT="43" WIDTH="132" VPOS="2750" HPOS="1816"/><SP WIDTH="23" VPOS="2750" HPOS="1949"/><String WC="0.6733333468" CONTENT="ver" HEIGHT="25" WIDTH="54" VPOS="2760" HPOS="1973"/><HYP CONTENT="­"/></TextLine>
<TextLine HEIGHT="44" WIDTH="239" VPOS="2795" HPOS="1128"><String WC="0.7985714078" CONTENT="zichten" HEIGHT="44" WIDTH="109" VPOS="2795" HPOS="1128"/><SP WIDTH="22" VPOS="2806" HPOS="1238"/><String WC="0.7340000272" CONTENT="muß.&quot;" HEIGHT="43" WIDTH="106" VPOS="2796" HPOS="1261"/></TextLine>
<TextLine HEIGHT="45" WIDTH="803" VPOS="2839" HPOS="1233"><String WC="0.6700000167" CONTENT="„Ei," HEIGHT="42" WIDTH="70" VPOS="2841" HPOS="1233"/><SP WIDTH="23" VPOS="2851" HPOS="1304"/><String WC="0.8133333325" CONTENT="wer" HEIGHT="24" WIDTH="65" VPOS="2851" HPOS="1328"/><SP WIDTH="20" VPOS="2841" HPOS="1394"/><String WC="0.7799999714" CONTENT="sagt" HEIGHT="43" WIDTH="66" VPOS="2841" HPOS="1415"/><SP WIDTH="27" VPOS="2841" HPOS="1482"/><String WC="0.8625000119" CONTENT="Euch" HEIGHT="43" WIDTH="79" VPOS="2840" HPOS="1510"/><SP WIDTH="33" VPOS="2840" HPOS="1590"/><String WC="0.4699999988" CONTENT="denn" HEIGHT="34" WIDTH="80" VPOS="2840" HPOS="1624"/><SP WIDTH="22" VPOS="2839" HPOS="1705"/><String WC="0.84799999" CONTENT="das&quot;," HEIGHT="43" WIDTH="94" VPOS="2839" HPOS="1728"/><SP WIDTH="37" VPOS="2849" HPOS="1823"/><String WC="0.7590000033" CONTENT="entgegnete" HEIGHT="39" WIDTH="175" VPOS="2843" HPOS="1861"/></TextLine>
<TextLine HEIGHT="45" WIDTH="911" VPOS="2884" HPOS="1127"><String WC="0.9037500024" CONTENT="lächelnd" HEIGHT="43" WIDTH="134" VPOS="2884" HPOS="1127"/><SP WIDTH="24" VPOS="2885" HPOS="1262"/><String WC="1." CONTENT="der" HEIGHT="34" WIDTH="52" VPOS="2886" HPOS="1287"/><SP WIDTH="23" VPOS="2886" HPOS="1340"/><String WC="0.8063636422" CONTENT="Geistliche;" HEIGHT="44" WIDTH="174" VPOS="2885" HPOS="1364"/><SP WIDTH="45" VPOS="2885" HPOS="1539"/><String WC="1." CONTENT="ich" HEIGHT="44" WIDTH="41" VPOS="2885" HPOS="1585"/><SP WIDTH="24" VPOS="2884" HPOS="1627"/><String WC="0.78125" CONTENT="bemerkte" HEIGHT="35" WIDTH="145" VPOS="2884" HPOS="1652"/><SP WIDTH="38" VPOS="2885" HPOS="1798"/><String WC="0.9150000215" CONTENT="Euch" HEIGHT="43" WIDTH="79" VPOS="2884" HPOS="1837"/><SP WIDTH="36" VPOS="2884" HPOS="1917"/><String WC="0.8820000291" CONTENT="schon" HEIGHT="43" WIDTH="84" VPOS="2884" HPOS="1954"/></TextLine>
<TextLine HEIGHT="44" WIDTH="910" VPOS="2929" HPOS="1126"><String WC="0.7300000191" CONTENT="früher," HEIGHT="43" WIDTH="117" VPOS="2930" HPOS="1126"/><SP WIDTH="39" VPOS="2930" HPOS="1244"/><String WC="0.646666646" CONTENT="daß" HEIGHT="41" WIDTH="60" VPOS="2930" HPOS="1284"/><SP WIDTH="24" VPOS="2930" HPOS="1345"/><String WC="0.8899999857" CONTENT="uns" HEIGHT="28" WIDTH="61" VPOS="2936" HPOS="1370"/><SP WIDTH="25" VPOS="2930" HPOS="1432"/><String WC="0.8550000191" CONTENT="Männer" HEIGHT="34" WIDTH="143" VPOS="2930" HPOS="1458"/><SP WIDTH="37" VPOS="2930" HPOS="1602"/><String WC="1." CONTENT="der" HEIGHT="34" WIDTH="52" VPOS="2930" HPOS="1640"/><SP WIDTH="21" VPOS="2930" HPOS="1693"/><String WC="0.8558333516" CONTENT="Wissenschaft" HEIGHT="42" WIDTH="208" VPOS="2929" HPOS="1715"/><SP WIDTH="38" VPOS="2929" HPOS="1924"/><String WC="0.8399999738" CONTENT="eben" HEIGHT="34" WIDTH="73" VPOS="2929" HPOS="1963"/></TextLine>
<TextLine HEIGHT="45" WIDTH="910" VPOS="2974" HPOS="1127"><String WC="0.7333333492" CONTENT="oie" HEIGHT="34" WIDTH="45" VPOS="2974" HPOS="1127"/><SP WIDTH="23" VPOS="2975" HPOS="1173"/><String WC="0.9183333516" CONTENT="Wissenschaft" HEIGHT="44" WIDTH="208" VPOS="2974" HPOS="1197"/><SP WIDTH="21" VPOS="2975" HPOS="1406"/><String WC="0.6666666865" CONTENT="für" HEIGHT="43" WIDTH="52" VPOS="2975" HPOS="1428"/><SP WIDTH="21" VPOS="2985" HPOS="1481"/><String WC="0.7816666961" CONTENT="manch&apos;" HEIGHT="45" WIDTH="114" VPOS="2974" HPOS="1503"/><SP WIDTH="24" VPOS="2975" HPOS="1618"/><String WC="0.7683333158" CONTENT="andern" HEIGHT="34" WIDTH="116" VPOS="2974" HPOS="1643"/><SP WIDTH="30" VPOS="2984" HPOS="1760"/><String WC="0.7655555606" CONTENT="vermißten" HEIGHT="41" WIDTH="169" VPOS="2974" HPOS="1791"/><SP WIDTH="22" VPOS="2974" HPOS="1961"/><String WC="0.7549999952" CONTENT="Le" HEIGHT="34" WIDTH="40" VPOS="2974" HPOS="1984"/><HYP CONTENT="­"/></TextLine>
<TextLine HEIGHT="45" WIDTH="908" VPOS="3018" HPOS="1126"><String WC="0.7622222304" CONTENT="bensgenuß" HEIGHT="43" WIDTH="181" VPOS="3018" HPOS="1126"/><SP WIDTH="24" VPOS="3019" HPOS="1308"/><String WC="0.8483333588" CONTENT="entschädige;" HEIGHT="44" WIDTH="197" VPOS="3019" HPOS="1333"/><SP WIDTH="40" VPOS="3030" HPOS="1531"/><String WC="0.3799999952" CONTENT="o" HEIGHT="23" WIDTH="17" VPOS="3030" HPOS="1572"/><SP WIDTH="24" VPOS="3029" HPOS="1590"/><String WC="0.9275000095" CONTENT="geht" HEIGHT="43" WIDTH="69" VPOS="3019" HPOS="1615"/><SP WIDTH="30" VPOS="3024" HPOS="1685"/><String WC="0.9100000262" CONTENT="nur" HEIGHT="24" WIDTH="61" VPOS="3029" HPOS="1716"/><SP WIDTH="22" VPOS="3029" HPOS="1778"/><String WC="0.8883333206" CONTENT="einmal" HEIGHT="33" WIDTH="113" VPOS="3019" HPOS="1801"/><SP WIDTH="23" VPOS="3019" HPOS="1915"/><String WC="0.8799999952" CONTENT="hinab" HEIGHT="43" WIDTH="95" VPOS="3018" HPOS="1939"/></TextLine>
<TextLine HEIGHT="45" WIDTH="912" VPOS="3062" HPOS="1125"><String WC="0.9399999976" CONTENT="in" HEIGHT="34" WIDTH="33" VPOS="3062" HPOS="1125"/><SP WIDTH="22" VPOS="3072" HPOS="1159"/><String WC="0.8619999886" CONTENT="unser" HEIGHT="41" WIDTH="90" VPOS="3064" HPOS="1182"/><SP WIDTH="22" VPOS="3065" HPOS="1273"/><String WC="0.7957142591" CONTENT="Cahors," HEIGHT="43" WIDTH="137" VPOS="3064" HPOS="1296"/><SP WIDTH="23" VPOS="3069" HPOS="1434"/><String WC="0.9616666436" CONTENT="tretet" HEIGHT="30" WIDTH="87" VPOS="3069" HPOS="1458"/><SP WIDTH="21" VPOS="3065" HPOS="1546"/><String WC="0.8249999881" CONTENT="in" HEIGHT="33" WIDTH="33" VPOS="3065" HPOS="1568"/><SP WIDTH="22" VPOS="3074" HPOS="1602"/><String WC="0.7566666603" CONTENT="unsere" HEIGHT="39" WIDTH="106" VPOS="3065" HPOS="1625"/><SP WIDTH="23" VPOS="3074" HPOS="1732"/><String WC="0.8333333135" CONTENT="vom" HEIGHT="24" WIDTH="71" VPOS="3073" HPOS="1756"/><SP WIDTH="22" VPOS="3064" HPOS="1828"/><String WC="0.7319999933" CONTENT="Papst" HEIGHT="42" WIDTH="99" VPOS="3064" HPOS="1851"/><SP WIDTH="22" VPOS="3064" HPOS="1951"/><String WC="0.7049999833" CONTENT="Jo" HEIGHT="42" WIDTH="49" VPOS="3064" HPOS="1974"/><HYP CONTENT="­"/></TextLine>
<TextLine HEIGHT="45" WIDTH="912" VPOS="3107" HPOS="1125"><String WC="0.9283333421" CONTENT="hannes" HEIGHT="42" WIDTH="121" VPOS="3107" HPOS="1125"/><SP WIDTH="23" VPOS="3109" HPOS="1247"/><String WC="0.7400000095" CONTENT="XXI" HEIGHT="33" WIDTH="73" VPOS="3109" HPOS="1271"/><SP WIDTH="6" VPOS="3109" HPOS="1345"/><String WC="0.6449999809" CONTENT="l." HEIGHT="34" WIDTH="21" VPOS="3109" HPOS="1352"/><SP WIDTH="28" VPOS="3110" HPOS="1374"/><String WC="0.9559999704" CONTENT="schon" HEIGHT="43" WIDTH="85" VPOS="3109" HPOS="1403"/><SP WIDTH="23" VPOS="3120" HPOS="1489"/><String WC="0.2049999982" CONTENT="iwao" HEIGHT="22" WIDTH="83" VPOS="3120" HPOS="1513"/><SP WIDTH="26" VPOS="3112" HPOS="1597"/><String WC="0.8050000072" CONTENT="1331" HEIGHT="32" WIDTH="83" VPOS="3111" HPOS="1624"/><SP WIDTH="28" VPOS="3111" HPOS="1708"/><String WC="0.7490000129" CONTENT="gestiftete" HEIGHT="43" WIDTH="148" VPOS="3108" HPOS="1737"/><SP WIDTH="22" VPOS="3109" HPOS="1886"/><String WC="0.6349999905" CONTENT="Univer" HEIGHT="35" WIDTH="116" VPOS="3108" HPOS="1909"/><HYP CONTENT="­"/></TextLine>
<TextLine HEIGHT="46" WIDTH="911" VPOS="3151" HPOS="1125"><String WC="0.75" CONTENT="sitätshalle," HEIGHT="44" WIDTH="182" VPOS="3151" HPOS="1125"/><SP WIDTH="23" VPOS="3153" HPOS="1308"/><String WC="0.9225000143" CONTENT="seht" HEIGHT="44" WIDTH="62" VPOS="3153" HPOS="1332"/><SP WIDTH="22" VPOS="3159" HPOS="1395"/><String WC="0.9350000024" CONTENT="unsere" HEIGHT="43" WIDTH="105" VPOS="3154" HPOS="1418"/><SP WIDTH="23" VPOS="3164" HPOS="1524"/><String WC="0.7200000286" CONTENT="alte," HEIGHT="41" WIDTH="72" VPOS="3155" HPOS="1548"/><SP WIDTH="24" VPOS="3164" HPOS="1621"/><String WC="0.7266666889" CONTENT="auf" HEIGHT="43" WIDTH="55" VPOS="3154" HPOS="1646"/><SP WIDTH="22" VPOS="3153" HPOS="1702"/><String WC="0.9599999785" CONTENT="den" HEIGHT="34" WIDTH="57" VPOS="3153" HPOS="1725"/><SP WIDTH="24" VPOS="3154" HPOS="1783"/><String WC="0.8083333373" CONTENT="Ruinen" HEIGHT="34" WIDTH="126" VPOS="3153" HPOS="1808"/><SP WIDTH="15" VPOS="3163" HPOS="1935"/><String WC="0.9200000167" CONTENT="eines" HEIGHT="34" WIDTH="85" VPOS="3153" HPOS="1951"/></TextLine>
<TextLine HEIGHT="44" WIDTH="907" VPOS="3197" HPOS="1125"><String WC="0.8555555344" CONTENT="römischen" HEIGHT="44" WIDTH="162" VPOS="3197" HPOS="1125"/><SP WIDTH="22" VPOS="3198" HPOS="1288"/><String WC="0.8685714006" CONTENT="Tempels" HEIGHT="43" WIDTH="149" VPOS="3198" HPOS="1311"/><SP WIDTH="40" VPOS="3204" HPOS="1461"/><String WC="0.917142868" CONTENT="erbaute" HEIGHT="35" WIDTH="124" VPOS="3198" HPOS="1502"/><SP WIDTH="38" VPOS="3198" HPOS="1627"/><String WC="0.8470000029" CONTENT="Kathedrale" HEIGHT="44" WIDTH="185" VPOS="3197" HPOS="1666"/><SP WIDTH="37" VPOS="3207" HPOS="1852"/><String WC="0.9133333564" CONTENT="und" HEIGHT="34" WIDTH="62" VPOS="3197" HPOS="1890"/><SP WIDTH="32" VPOS="3197" HPOS="1953"/><String WC="0.9166666865" CONTENT="die" HEIGHT="35" WIDTH="46" VPOS="3197" HPOS="1986"/></TextLine>
<TextLine HEIGHT="47" WIDTH="912" VPOS="3240" HPOS="1125"><String WC="0.8700000048" CONTENT="nebenan" HEIGHT="36" WIDTH="138" VPOS="3240" HPOS="1125"/><SP WIDTH="38" VPOS="3242" HPOS="1264"/><String WC="0.7866666913" CONTENT="befindlichen" HEIGHT="45" WIDTH="197" VPOS="3242" HPOS="1303"/><SP WIDTH="35" VPOS="3244" HPOS="1501"/><String WC="0.7340000272" CONTENT="Reste" HEIGHT="41" WIDTH="89" VPOS="3244" HPOS="1537"/><SP WIDTH="37" VPOS="3243" HPOS="1627"/><String WC="0.9433333278" CONTENT="des" HEIGHT="34" WIDTH="55" VPOS="3243" HPOS="1665"/><SP WIDTH="28" VPOS="3248" HPOS="1721"/><String WC="0.8471428752" CONTENT="uralten" HEIGHT="35" WIDTH="123" VPOS="3241" HPOS="1750"/><SP WIDTH="34" VPOS="3244" HPOS="1874"/><String WC="0.9120000005" CONTENT="Amphi" HEIGHT="44" WIDTH="114" VPOS="3242" HPOS="1909"/><HYP CONTENT="­"/></TextLine>
<TextLine HEIGHT="46" WIDTH="911" VPOS="3285" HPOS="1124"><String WC="0.8725000024" CONTENT="theaters" HEIGHT="42" WIDTH="135" VPOS="3285" HPOS="1124"/><SP WIDTH="24" VPOS="3292" HPOS="1260"/><String WC="0.8500000238" CONTENT="an," HEIGHT="31" WIDTH="50" VPOS="3297" HPOS="1285"/><SP WIDTH="38" VPOS="3288" HPOS="1336"/><String WC="0.7950000167" CONTENT="da" HEIGHT="34" WIDTH="39" VPOS="3288" HPOS="1375"/><SP WIDTH="21" VPOS="3298" HPOS="1415"/><String WC="0.8916666508" CONTENT="werdet" HEIGHT="33" WIDTH="113" VPOS="3289" HPOS="1437"/><SP WIDTH="36" VPOS="3289" HPOS="1551"/><String WC="0.7950000167" CONTENT="Ihr," HEIGHT="44" WIDTH="79" VPOS="3287" HPOS="1588"/><SP WIDTH="29" VPOS="3298" HPOS="1668"/><String WC="0.6924999952" CONTENT="wenn" HEIGHT="24" WIDTH="91" VPOS="3297" HPOS="1698"/><SP WIDTH="32" VPOS="3287" HPOS="1790"/><String WC="0.7533333302" CONTENT="Ihr" HEIGHT="43" WIDTH="70" VPOS="3287" HPOS="1823"/><SP WIDTH="26" VPOS="3297" HPOS="1894"/><String WC="0.8316666484" CONTENT="anders" HEIGHT="34" WIDTH="114" VPOS="3287" HPOS="1921"/></TextLine>
<TextLine HEIGHT="45" WIDTH="910" VPOS="3330" HPOS="1126"><String WC="0.875" CONTENT="Sinn" HEIGHT="35" WIDTH="90" VPOS="3330" HPOS="1126"/><SP WIDTH="22" VPOS="3332" HPOS="1217"/><String WC="0.6000000238" CONTENT="für" HEIGHT="42" WIDTH="53" VPOS="3332" HPOS="1240"/><SP WIDTH="21" VPOS="3332" HPOS="1294"/><String WC="0.9100000262" CONTENT="Kunst" HEIGHT="43" WIDTH="95" VPOS="3332" HPOS="1316"/><SP WIDTH="22" VPOS="3337" HPOS="1412"/><String WC="1." CONTENT="und" HEIGHT="35" WIDTH="62" VPOS="3332" HPOS="1435"/><SP WIDTH="15" VPOS="3332" HPOS="1498"/><String WC="0.8358333111" CONTENT="Wissenschaft" HEIGHT="43" WIDTH="209" VPOS="3332" HPOS="1514"/><SP WIDTH="22" VPOS="3332" HPOS="1724"/><String WC="0.7699999809" CONTENT="habt," HEIGHT="43" WIDTH="84" VPOS="3331" HPOS="1747"/><SP WIDTH="23" VPOS="3332" HPOS="1832"/><String WC="0.80400002" CONTENT="hohen" HEIGHT="44" WIDTH="101" VPOS="3331" HPOS="1856"/><SP WIDTH="15" VPOS="3331" HPOS="1958"/><String WC="1." CONTENT="Ge" HEIGHT="35" WIDTH="49" VPOS="3331" HPOS="1974"/><HYP CONTENT="­"/></TextLine>
<TextLine HEIGHT="46" WIDTH="907" VPOS="3374" HPOS="1124"><String WC="0.7850000262" CONTENT="nuß," HEIGHT="43" WIDTH="75" VPOS="3374" HPOS="1124"/><SP WIDTH="23" VPOS="3374" HPOS="1200"/><String WC="0.6775000095" CONTENT="hohe" HEIGHT="45" WIDTH="77" VPOS="3374" HPOS="1224"/><SP WIDTH="22" VPOS="3377" HPOS="1302"/><String WC="0.6800000072" CONTENT="Befriedigung" HEIGHT="43" WIDTH="223" VPOS="3377" HPOS="1325"/><SP WIDTH="24" VPOS="3378" HPOS="1549"/><String WC="0.5799999833" CONTENT="finden-," HEIGHT="43" WIDTH="122" VPOS="3377" HPOS="1574"/><SP WIDTH="30" VPOS="3377" HPOS="1697"/><String WC="0.8500000238" CONTENT="Ihr" HEIGHT="42" WIDTH="68" VPOS="3377" HPOS="1728"/><SP WIDTH="22" VPOS="3387" HPOS="1797"/><String WC="0.8142856956" CONTENT="werdet." HEIGHT="34" WIDTH="137" VPOS="3376" HPOS="1820"/><SP WIDTH="18" VPOS="3404" HPOS="1958"/><String WC="1." CONTENT="." HEIGHT="6" WIDTH="5" VPOS="3404" HPOS="1977"/><SP WIDTH="19" VPOS="3404" HPOS="1983"/><String WC="1." CONTENT=".&quot;" HEIGHT="32" WIDTH="28" VPOS="3378" HPOS="2003"/></TextLine>
<TextLine HEIGHT="48" WIDTH="806" VPOS="3420" HPOS="1228"><String WC="0.8019999862" CONTENT="„Eure" HEIGHT="42" WIDTH="105" VPOS="3420" HPOS="1228"/><SP WIDTH="32" VPOS="3422" HPOS="1334"/><String WC="0.8220000267" CONTENT="Zartheit,&quot;" HEIGHT="43" WIDTH="175" VPOS="3422" HPOS="1367"/><SP WIDTH="34" VPOS="3422" HPOS="1543"/><String WC="0.5575000048" CONTENT="fiel" HEIGHT="42" WIDTH="53" VPOS="3422" HPOS="1578"/><SP WIDTH="33" VPOS="3421" HPOS="1632"/><String WC="0.5933333039" CONTENT="der" HEIGHT="34" WIDTH="52" VPOS="3421" HPOS="1666"/><SP WIDTH="23" VPOS="3422" HPOS="1719"/><String WC="0.7300000191" CONTENT="Jäger" HEIGHT="42" WIDTH="105" VPOS="3422" HPOS="1743"/><SP WIDTH="30" VPOS="3422" HPOS="1849"/><String WC="0.8299999833" CONTENT="hier" HEIGHT="43" WIDTH="66" VPOS="3421" HPOS="1880"/><SP WIDTH="22" VPOS="3431" HPOS="1947"/><String WC="0.7225000262" CONTENT="ein," HEIGHT="47" WIDTH="64" VPOS="3421" HPOS="1970"/></TextLine>
<TextLine HEIGHT="45" WIDTH="910" VPOS="3464" HPOS="1124"><String WC="0.9800000191" CONTENT="„sucht" HEIGHT="42" WIDTH="98" VPOS="3464" HPOS="1124"/><SP WIDTH="33" VPOS="3469" HPOS="1223"/><String WC="0.5966666937" CONTENT="von" HEIGHT="24" WIDTH="62" VPOS="3474" HPOS="1257"/><SP WIDTH="33" VPOS="3475" HPOS="1320"/><String WC="0.9571428299" CONTENT="unserem" HEIGHT="41" WIDTH="137" VPOS="3467" HPOS="1354"/><SP WIDTH="34" VPOS="3466" HPOS="1492"/><String WC="0.8000000119" CONTENT="Gespräche" HEIGHT="43" WIDTH="171" VPOS="3466" HPOS="1527"/><SP WIDTH="34" VPOS="3476" HPOS="1699"/><String WC="0.6510000229" CONTENT="abzulenken" HEIGHT="42" WIDTH="183" VPOS="3465" HPOS="1734"/><SP WIDTH="36" VPOS="3476" HPOS="1918"/><String WC="1." CONTENT="." HEIGHT="6" WIDTH="6" VPOS="3494" HPOS="1955"/><SP WIDTH="26" VPOS="3494" HPOS="1962"/><String WC="1." CONTENT="." HEIGHT="5" WIDTH="6" VPOS="3494" HPOS="1989"/><SP WIDTH="31" VPOS="3494" HPOS="1996"/><String WC="1." CONTENT="." HEIGHT="6" WIDTH="6" VPOS="3498" HPOS="2028"/></TextLine>
<TextLine HEIGHT="46" WIDTH="902" VPOS="3508" HPOS="1123"><String WC="0.8100000024" CONTENT="nun," HEIGHT="31" WIDTH="75" VPOS="3519" HPOS="1123"/><SP WIDTH="22" VPOS="3508" HPOS="1199"/><String WC="0.9100000262" CONTENT="ich" HEIGHT="44" WIDTH="41" VPOS="3508" HPOS="1222"/><SP WIDTH="22" VPOS="3509" HPOS="1264"/><String WC="0.8274999857" CONTENT="will" HEIGHT="35" WIDTH="66" VPOS="3508" HPOS="1287"/><SP WIDTH="20" VPOS="3510" HPOS="1354"/><String WC="0.8849999905" CONTENT="mich" HEIGHT="43" WIDTH="72" VPOS="3511" HPOS="1375"/><SP WIDTH="22" VPOS="3511" HPOS="1448"/><String WC="0.9399999976" CONTENT="in" HEIGHT="34" WIDTH="33" VPOS="3511" HPOS="1471"/><SP WIDTH="16" VPOS="3512" HPOS="1505"/><String WC="0.8374999762" CONTENT="Eure" HEIGHT="33" WIDTH="83" VPOS="3512" HPOS="1522"/><SP WIDTH="14" VPOS="3511" HPOS="1606"/><String WC="0.8000000119" CONTENT="Verhältnisse" HEIGHT="43" WIDTH="207" VPOS="3510" HPOS="1621"/><SP WIDTH="22" VPOS="3520" HPOS="1829"/><String WC="1." CONTENT="auch" HEIGHT="43" WIDTH="71" VPOS="3509" HPOS="1852"/><SP WIDTH="23" VPOS="3509" HPOS="1924"/><String WC="0.9399999976" CONTENT="nicht" HEIGHT="43" WIDTH="77" VPOS="3510" HPOS="1948"/></TextLine>
<TextLine HEIGHT="45" WIDTH="903" VPOS="3553" HPOS="1123"><String WC="0.7416666746" CONTENT="weiter" HEIGHT="34" WIDTH="105" VPOS="3554" HPOS="1123"/><SP WIDTH="22" VPOS="3563" HPOS="1229"/><String WC="0.676363647" CONTENT="eindrängen," HEIGHT="45" WIDTH="196" VPOS="3553" HPOS="1252"/><SP WIDTH="24" VPOS="3566" HPOS="1449"/><String WC="0.5375000238" CONTENT="aber" HEIGHT="35" WIDTH="74" VPOS="3555" HPOS="1474"/><SP WIDTH="23" VPOS="3557" HPOS="1549"/><String WC="0.6899999976" CONTENT="Euren" HEIGHT="33" WIDTH="106" VPOS="3557" HPOS="1573"/><SP WIDTH="22" VPOS="3556" HPOS="1680"/><String WC="0.8220000267" CONTENT="Namen" HEIGHT="33" WIDTH="123" VPOS="3556" HPOS="1703"/><SP WIDTH="22" VPOS="3564" HPOS="1827"/><String WC="0.8666666746" CONTENT="möchte" HEIGHT="43" WIDTH="112" VPOS="3554" HPOS="1850"/><SP WIDTH="22" VPOS="3555" HPOS="1963"/><String WC="0.7699999809" CONTENT="ich" HEIGHT="41" WIDTH="40" VPOS="3555" HPOS="1986"/></TextLine>
<TextLine HEIGHT="48" WIDTH="912" VPOS="3597" HPOS="1124"><String WC="0.7599999905" CONTENT="denn" HEIGHT="33" WIDTH="79" VPOS="3599" HPOS="1124"/><SP WIDTH="38" VPOS="3597" HPOS="1204"/><String WC="0.8299999833" CONTENT="doch" HEIGHT="44" WIDTH="68" VPOS="3597" HPOS="1243"/><SP WIDTH="39" VPOS="3598" HPOS="1312"/><String WC="0.8633333445" CONTENT="gar" HEIGHT="33" WIDTH="56" VPOS="3609" HPOS="1352"/><SP WIDTH="39" VPOS="3609" HPOS="1409"/><String WC="0.3950000107" CONTENT="zu" HEIGHT="35" WIDTH="37" VPOS="3610" HPOS="1449"/><SP WIDTH="33" VPOS="3610" HPOS="1487"/><String WC="0.8539999723" CONTENT="gerne" HEIGHT="33" WIDTH="91" VPOS="3610" HPOS="1521"/><SP WIDTH="30" VPOS="3601" HPOS="1613"/><String WC="1." CONTENT="in" HEIGHT="33" WIDTH="33" VPOS="3601" HPOS="1644"/><SP WIDTH="22" VPOS="3610" HPOS="1678"/><String WC="0.8640000224" CONTENT="meine" HEIGHT="33" WIDTH="97" VPOS="3600" HPOS="1701"/><SP WIDTH="25" VPOS="3600" HPOS="1799"/><String WC="0.7583333254" CONTENT="Schreibtafel" HEIGHT="44" WIDTH="211" VPOS="3599" HPOS="1825"/></TextLine>
<TextLine HEIGHT="46" WIDTH="907" VPOS="3642" HPOS="1125"><String WC="0.8025000095" CONTENT="zeichnen" HEIGHT="44" WIDTH="134" VPOS="3642" HPOS="1125"/><SP WIDTH="23" VPOS="3652" HPOS="1260"/><String WC="0.9100000262" CONTENT="und" HEIGHT="34" WIDTH="61" VPOS="3642" HPOS="1284"/><SP WIDTH="24" VPOS="3642" HPOS="1346"/><String WC="0.9375" CONTENT="Euch" HEIGHT="44" WIDTH="79" VPOS="3644" HPOS="1371"/><SP WIDTH="24" VPOS="3644" HPOS="1451"/><String WC="0.8025000095" CONTENT="dann" HEIGHT="34" WIDTH="83" VPOS="3645" HPOS="1476"/><SP WIDTH="22" VPOS="3644" HPOS="1560"/><String WC="0.6899999976" CONTENT="bitten," HEIGHT="41" WIDTH="107" VPOS="3644" HPOS="1583"/><SP WIDTH="33" VPOS="3654" HPOS="1691"/><String WC="0.9966666698" CONTENT="mir" HEIGHT="34" WIDTH="60" VPOS="3644" HPOS="1725"/><SP WIDTH="28" VPOS="3644" HPOS="1786"/><String WC="0.7099999785" CONTENT="den" HEIGHT="34" WIDTH="56" VPOS="3644" HPOS="1815"/><SP WIDTH="23" VPOS="3654" HPOS="1872"/><String WC="0.8450000286" CONTENT="nächsten" HEIGHT="41" WIDTH="136" VPOS="3645" HPOS="1896"/></TextLine>
<TextLine HEIGHT="50" WIDTH="907" VPOS="3687" HPOS="1125"><String WC="0.5" CONTENT="Weg" HEIGHT="43" WIDTH="76" VPOS="3688" HPOS="1125"/><SP WIDTH="38" VPOS="3697" HPOS="1202"/><String WC="0.3574999869" CONTENT="nach" HEIGHT="50" WIDTH="71" VPOS="3687" HPOS="1241"/><SP WIDTH="38" VPOS="3687" HPOS="1313"/><String WC="0.75" CONTENT="Cahors" HEIGHT="44" WIDTH="127" VPOS="3688" HPOS="1352"/><SP WIDTH="30" VPOS="3695" HPOS="1480"/><String WC="0.8374999762" CONTENT="oder" HEIGHT="34" WIDTH="72" VPOS="3689" HPOS="1511"/><SP WIDTH="32" VPOS="3690" HPOS="1584"/><String WC="0.5342857242" CONTENT="Bastide" HEIGHT="42" WIDTH="127" VPOS="3689" HPOS="1617"/><SP WIDTH="31" VPOS="3689" HPOS="1745"/><String WC="0.7228571177" CONTENT="hinabznzeigen," HEIGHT="45" WIDTH="255" VPOS="3687" HPOS="1777"/></TextLine>
<TextLine HEIGHT="46" WIDTH="904" VPOS="3731" HPOS="1124"><String WC="0.3249999881" CONTENT="wo" HEIGHT="24" WIDTH="49" VPOS="3742" HPOS="1124"/><SP WIDTH="23" VPOS="3732" HPOS="1174"/><String WC="1." CONTENT="ich" HEIGHT="42" WIDTH="41" VPOS="3731" HPOS="1198"/><SP WIDTH="23" VPOS="3731" HPOS="1240"/><String WC="0.7166666389" CONTENT="mit" HEIGHT="29" WIDTH="56" VPOS="3736" HPOS="1264"/><SP WIDTH="22" VPOS="3736" HPOS="1321"/><String WC="0.9342857003" CONTENT="anderen" HEIGHT="35" WIDTH="132" VPOS="3732" HPOS="1344"/><SP WIDTH="22" VPOS="3735" HPOS="1477"/><String WC="0.9138461351" CONTENT="Gebirgsjägern" HEIGHT="44" WIDTH="252" VPOS="3733" HPOS="1500"/><SP WIDTH="23" VPOS="3743" HPOS="1753"/><String WC="1." CONTENT="und" HEIGHT="33" WIDTH="61" VPOS="3733" HPOS="1777"/><SP WIDTH="21" VPOS="3733" HPOS="1839"/><String WC="0.8844444156" CONTENT="Reisenden" HEIGHT="44" WIDTH="167" VPOS="3733" HPOS="1861"/></TextLine>
<TextLine HEIGHT="46" WIDTH="733" VPOS="3776" HPOS="1124"><String WC="0.9850000143" CONTENT="meiner" HEIGHT="34" WIDTH="115" VPOS="3777" HPOS="1124"/><SP WIDTH="22" VPOS="3776" HPOS="1240"/><String WC="0.8237500191" CONTENT="Karavane" HEIGHT="35" WIDTH="164" VPOS="3776" HPOS="1263"/><SP WIDTH="23" VPOS="3787" HPOS="1428"/><String WC="0.7546666861" CONTENT="zusammentreffen" HEIGHT="43" WIDTH="282" VPOS="3779" HPOS="1452"/><SP WIDTH="23" VPOS="3788" HPOS="1735"/><String WC="0.9049999714" CONTENT="will.&quot;" HEIGHT="34" WIDTH="98" VPOS="3778" HPOS="1759"/></TextLine>
<TextLine HEIGHT="46" WIDTH="798" VPOS="3820" HPOS="1234"><String WC="1." CONTENT="„Ich" HEIGHT="44" WIDTH="79" VPOS="3820" HPOS="1234"/><SP WIDTH="24" VPOS="3820" HPOS="1314"/><String WC="0.8500000238" CONTENT="heiße" HEIGHT="44" WIDTH="86" VPOS="3820" HPOS="1339"/><SP WIDTH="23" VPOS="3824" HPOS="1426"/><String WC="0.8679999709" CONTENT="Roger" HEIGHT="42" WIDTH="106" VPOS="3824" HPOS="1450"/><SP WIDTH="21" VPOS="3833" HPOS="1557"/><String WC="0.7900000215" CONTENT="von" HEIGHT="24" WIDTH="62" VPOS="3833" HPOS="1579"/><SP WIDTH="16" VPOS="3824" HPOS="1642"/><String WC="0.6750000119" CONTENT="Cice,&quot;" HEIGHT="40" WIDTH="103" VPOS="3824" HPOS="1659"/><SP WIDTH="25" VPOS="3825" HPOS="1763"/><String WC="0.7919999957" CONTENT="entgegnete" HEIGHT="38" WIDTH="173" VPOS="3827" HPOS="1789"/><SP WIDTH="16" VPOS="3822" HPOS="1963"/><String WC="0.9366666675" CONTENT="der" HEIGHT="35" WIDTH="52" VPOS="3822" HPOS="1980"/></TextLine>
<TextLine HEIGHT="45" WIDTH="905" VPOS="3865" HPOS="1125"><String WC="0.8945454359" CONTENT="Geistliche," HEIGHT="44" WIDTH="172" VPOS="3865" HPOS="1125"/><SP WIDTH="25" VPOS="3892" HPOS="1298"/><String WC="0.7774999738" CONTENT="„bin" HEIGHT="41" WIDTH="73" VPOS="3865" HPOS="1324"/><SP WIDTH="23" VPOS="3867" HPOS="1398"/><String WC="0.6999999881" CONTENT="Abbe" HEIGHT="35" WIDTH="86" VPOS="3866" HPOS="1422"/><SP WIDTH="23" VPOS="3877" HPOS="1509"/><String WC="0.7099999785" CONTENT="uyd" HEIGHT="39" WIDTH="61" VPOS="3867" HPOS="1533"/><SP WIDTH="24" VPOS="3867" HPOS="1595"/><String WC="0.8970000148" CONTENT="Seelsorger" HEIGHT="42" WIDTH="185" VPOS="3868" HPOS="1620"/><SP WIDTH="34" VPOS="3867" HPOS="1806"/><String WC="0.9733333588" CONTENT="der" HEIGHT="33" WIDTH="51" VPOS="3867" HPOS="1841"/><SP WIDTH="23" VPOS="3867" HPOS="1893"/><String WC="0.5685714483" CONTENT="kleinen" HEIGHT="34" WIDTH="113" VPOS="3867" HPOS="1917"/></TextLine>
<TextLine HEIGHT="45" WIDTH="904" VPOS="3910" HPOS="1126"><String WC="0.8866666555" CONTENT="Gemeinde," HEIGHT="40" WIDTH="179" VPOS="3910" HPOS="1126"/><SP WIDTH="36" VPOS="3919" HPOS="1306"/><String WC="0.7799999714" CONTENT="welche" HEIGHT="43" WIDTH="106" VPOS="3910" HPOS="1343"/><SP WIDTH="37" VPOS="3921" HPOS="1450"/><String WC="0.6650000215" CONTENT="zu" HEIGHT="32" WIDTH="37" VPOS="3921" HPOS="1488"/><SP WIDTH="37" VPOS="3912" HPOS="1526"/><String WC="0.8766666651" CONTENT="dem" HEIGHT="34" WIDTH="66" VPOS="3912" HPOS="1564"/><SP WIDTH="37" VPOS="3912" HPOS="1631"/><String WC="0.8333333135" CONTENT="Jagdschlosse" HEIGHT="44" WIDTH="209" VPOS="3911" HPOS="1669"/><SP WIDTH="33" VPOS="3921" HPOS="1879"/><String WC="0.9533333182" CONTENT="meines" HEIGHT="34" WIDTH="117" VPOS="3911" HPOS="1913"/></TextLine>
<TextLine HEIGHT="44" WIDTH="903" VPOS="3954" HPOS="1124"><String WC="0.8166666627" CONTENT="Oheims" HEIGHT="41" WIDTH="137" VPOS="3955" HPOS="1124"/><SP WIDTH="24" VPOS="3954" HPOS="1262"/><String WC="1." CONTENT="des" HEIGHT="34" WIDTH="55" VPOS="3954" HPOS="1287"/><SP WIDTH="23" VPOS="3954" HPOS="1343"/><String WC="0.9100000262" CONTENT="Marquis" HEIGHT="43" WIDTH="157" VPOS="3954" HPOS="1367"/><SP WIDTH="23" VPOS="3957" HPOS="1525"/><String WC="0.8271428347" CONTENT="Bernard" HEIGHT="35" WIDTH="148" VPOS="3957" HPOS="1549"/><SP WIDTH="21" VPOS="3957" HPOS="1698"/><String WC="0.5066666603" CONTENT="von" HEIGHT="23" WIDTH="63" VPOS="3966" HPOS="1720"/><SP WIDTH="31" VPOS="3957" HPOS="1784"/><String WC="0.8274999857" CONTENT="Cice" HEIGHT="33" WIDTH="70" VPOS="3956" HPOS="1816"/><SP WIDTH="31" VPOS="3965" HPOS="1887"/><String WC="0.6600000262" CONTENT="gehört" HEIGHT="42" WIDTH="108" VPOS="3956" HPOS="1919"/></TextLine>
<TextLine HEIGHT="46" WIDTH="906" VPOS="3998" HPOS="1125"><String WC="0.7383333445" CONTENT="dessen" HEIGHT="44" WIDTH="97" VPOS="3999" HPOS="1125"/><SP WIDTH="38" VPOS="3999" HPOS="1223"/><String WC="0.7149999738" CONTENT="kleine" HEIGHT="34" WIDTH="91" VPOS="3998" HPOS="1262"/><SP WIDTH="22" VPOS="3999" HPOS="1354"/><String WC="0.823333323" CONTENT="Thürmchen" HEIGHT="45" WIDTH="191" VPOS="3999" HPOS="1377"/><SP WIDTH="38" VPOS="4002" HPOS="1569"/><String WC="0.9066666961" CONTENT="Ihr" HEIGHT="43" WIDTH="68" VPOS="4001" HPOS="1608"/><SP WIDTH="38" VPOS="4000" HPOS="1677"/><String WC="0.6600000262" CONTENT="dort" HEIGHT="35" WIDTH="70" VPOS="4000" HPOS="1716"/><SP WIDTH="33" VPOS="4000" HPOS="1787"/><String WC="0.8441666961" CONTENT="heraufschim-" HEIGHT="44" WIDTH="210" VPOS="4000" HPOS="1821"/></TextLine>
<TextLine HEIGHT="44" WIDTH="202" VPOS="4043" HPOS="1124"><String WC="0.8399999738" CONTENT="mern" HEIGHT="25" WIDTH="86" VPOS="4054" HPOS="1124"/><SP WIDTH="22" VPOS="4044" HPOS="1211"/><String WC="0.9383333325" CONTENT="seht.&quot;" HEIGHT="44" WIDTH="92" VPOS="4043" HPOS="1234"/></TextLine>
<TextLine HEIGHT="45" WIDTH="797" VPOS="4087" HPOS="1234"><String WC="0.9574999809" CONTENT="„Des" HEIGHT="42" WIDTH="91" VPOS="4089" HPOS="1234"/><SP WIDTH="23" VPOS="4087" HPOS="1326"/><String WC="1." CONTENT="Marquis" HEIGHT="44" WIDTH="157" VPOS="4087" HPOS="1350"/><SP WIDTH="22" VPOS="4095" HPOS="1508"/><String WC="0.6333333254" CONTENT="von" HEIGHT="24" WIDTH="63" VPOS="4100" HPOS="1531"/><SP WIDTH="23" VPOS="4091" HPOS="1595"/><String WC="0.8633333445" CONTENT="Cice?&quot;" HEIGHT="34" WIDTH="112" VPOS="4090" HPOS="1619"/><SP WIDTH="26" VPOS="4090" HPOS="1732"/><String WC="0.6916666627" CONTENT="fragte" HEIGHT="42" WIDTH="98" VPOS="4090" HPOS="1759"/><SP WIDTH="32" VPOS="4089" HPOS="1858"/><String WC="0.8700000048" CONTENT="der" HEIGHT="34" WIDTH="52" VPOS="4089" HPOS="1891"/><SP WIDTH="22" VPOS="4089" HPOS="1944"/><String WC="0.7599999905" CONTENT="Jä" HEIGHT="43" WIDTH="51" VPOS="4089" HPOS="1967"/><HYP CONTENT="­"/></TextLine>
<TextLine HEIGHT="45" WIDTH="729" VPOS="4132" HPOS="1124"><String WC="0.7524999976" CONTENT="ger;" HEIGHT="34" WIDTH="68" VPOS="4143" HPOS="1124"/><SP WIDTH="25" VPOS="4147" HPOS="1193"/><String WC="1." CONTENT="„der" HEIGHT="42" WIDTH="72" VPOS="4133" HPOS="1219"/><SP WIDTH="24" VPOS="4132" HPOS="1292"/><String WC="0.7375000119" CONTENT="Mann" HEIGHT="34" WIDTH="108" VPOS="4132" HPOS="1317"/><SP WIDTH="21" VPOS="4133" HPOS="1426"/><String WC="0.8333333135" CONTENT="ist" HEIGHT="42" WIDTH="35" VPOS="4133" HPOS="1448"/><SP WIDTH="26" VPOS="4138" HPOS="1484"/><String WC="0.823333323" CONTENT="mir" HEIGHT="34" WIDTH="59" VPOS="4134" HPOS="1511"/><SP WIDTH="22" VPOS="4145" HPOS="1571"/><String WC="0.8659999967" CONTENT="nicht" HEIGHT="43" WIDTH="76" VPOS="4134" HPOS="1594"/><SP WIDTH="23" VPOS="4133" HPOS="1671"/><String WC="0.7122222185" CONTENT="bekannt.&quot;" HEIGHT="34" WIDTH="158" VPOS="4133" HPOS="1695"/></TextLine>
<TextLine HEIGHT="46" WIDTH="797" VPOS="4176" HPOS="1233"><String WC="0.8924999833" CONTENT="„Glaub&apos;s" HEIGHT="44" WIDTH="160" VPOS="4176" HPOS="1233"/><SP WIDTH="21" VPOS="4181" HPOS="1394"/><String WC="0.6483333111" CONTENT="wohl,&quot;" HEIGHT="44" WIDTH="113" VPOS="4178" HPOS="1416"/><SP WIDTH="24" VPOS="4179" HPOS="1530"/><String WC="0.6859999895" CONTENT="sagte" HEIGHT="42" WIDTH="83" VPOS="4179" HPOS="1555"/><SP WIDTH="22" VPOS="4179" HPOS="1639"/><String WC="1." CONTENT="der" HEIGHT="34" WIDTH="52" VPOS="4179" HPOS="1662"/><SP WIDTH="16" VPOS="4179" HPOS="1715"/><String WC="0.8436363339" CONTENT="Geistliche;" HEIGHT="44" WIDTH="172" VPOS="4177" HPOS="1732"/><SP WIDTH="25" VPOS="4191" HPOS="1905"/><String WC="0.7220000029" CONTENT="„mein" HEIGHT="42" WIDTH="99" VPOS="4177" HPOS="1931"/></TextLine>
<TextLine HEIGHT="45" WIDTH="904" VPOS="4220" HPOS="1124"><String WC="0.8659999967" CONTENT="guter" HEIGHT="38" WIDTH="88" VPOS="4227" HPOS="1124"/><SP WIDTH="23" VPOS="4233" HPOS="1213"/><String WC="1." CONTENT="alter" HEIGHT="33" WIDTH="77" VPOS="4222" HPOS="1237"/><SP WIDTH="21" VPOS="4221" HPOS="1315"/><String WC="0.8339999914" CONTENT="Oheim" HEIGHT="43" WIDTH="117" VPOS="4220" HPOS="1337"/><SP WIDTH="22" VPOS="4223" HPOS="1455"/><String WC="1." CONTENT="lebt" HEIGHT="35" WIDTH="63" VPOS="4222" HPOS="1478"/><SP WIDTH="37" VPOS="4224" HPOS="1542"/><String WC="0.8025000095" CONTENT="seit" HEIGHT="42" WIDTH="52" VPOS="4223" HPOS="1580"/><SP WIDTH="22" VPOS="4223" HPOS="1633"/><String WC="1." CONTENT="dem" HEIGHT="34" WIDTH="66" VPOS="4223" HPOS="1656"/><SP WIDTH="23" VPOS="4223" HPOS="1723"/><String WC="0.6800000072" CONTENT="Tode" HEIGHT="34" WIDTH="85" VPOS="4223" HPOS="1747"/><SP WIDTH="34" VPOS="4222" HPOS="1833"/><String WC="1." CONTENT="des" HEIGHT="33" WIDTH="54" VPOS="4222" HPOS="1868"/><SP WIDTH="22" VPOS="4227" HPOS="1923"/><String WC="0.6800000072" CONTENT="vori" HEIGHT="34" WIDTH="70" VPOS="4222" HPOS="1946"/><HYP CONTENT="­"/></TextLine>
<TextLine HEIGHT="44" WIDTH="905" VPOS="4265" HPOS="1123"><String WC="1." CONTENT="gen" HEIGHT="32" WIDTH="57" VPOS="4276" HPOS="1123"/><SP WIDTH="22" VPOS="4267" HPOS="1181"/><String WC="0.7442857027" CONTENT="Königs," HEIGHT="42" WIDTH="132" VPOS="4265" HPOS="1204"/><SP WIDTH="37" VPOS="4274" HPOS="1337"/><String WC="1." CONTENT="unter" HEIGHT="29" WIDTH="89" VPOS="4270" HPOS="1375"/><SP WIDTH="37" VPOS="4267" HPOS="1465"/><String WC="0.7583333254" CONTENT="dessen" HEIGHT="42" WIDTH="97" VPOS="4267" HPOS="1503"/><SP WIDTH="23" VPOS="4268" HPOS="1601"/><String WC="0.9200000167" CONTENT="Flaggen" HEIGHT="41" WIDTH="140" VPOS="4268" HPOS="1625"/><SP WIDTH="35" VPOS="4276" HPOS="1766"/><String WC="1." CONTENT="er" HEIGHT="24" WIDTH="32" VPOS="4276" HPOS="1802"/><SP WIDTH="39" VPOS="4276" HPOS="1835"/><String WC="0.7366666794" CONTENT="auf" HEIGHT="43" WIDTH="54" VPOS="4266" HPOS="1875"/><SP WIDTH="30" VPOS="4266" HPOS="1930"/><String WC="0.9966666698" CONTENT="dem" HEIGHT="34" WIDTH="67" VPOS="4266" HPOS="1961"/></TextLine>
<TextLine HEIGHT="44" WIDTH="902" VPOS="4309" HPOS="1124"><String WC="0.9454545379" CONTENT="Mittelmeere" HEIGHT="34" WIDTH="209" VPOS="4311" HPOS="1124"/><SP WIDTH="37" VPOS="4319" HPOS="1334"/><String WC="0.8050000072" CONTENT="zwischen" HEIGHT="44" WIDTH="138" VPOS="4309" HPOS="1372"/><SP WIDTH="37" VPOS="4318" HPOS="1511"/><String WC="0.5400000215" CONTENT="den" HEIGHT="27" WIDTH="56" VPOS="4318" HPOS="1549"/><SP WIDTH="23" VPOS="4312" HPOS="1606"/><String WC="0.6733333468" CONTENT="Säulen" HEIGHT="34" WIDTH="126" VPOS="4311" HPOS="1630"/><SP WIDTH="38" VPOS="4311" HPOS="1757"/><String WC="0.75" CONTENT="des" HEIGHT="33" WIDTH="53" VPOS="4311" HPOS="1796"/><SP WIDTH="24" VPOS="4310" HPOS="1850"/><String WC="0.8924999833" CONTENT="Herkules" HEIGHT="43" WIDTH="151" VPOS="4310" HPOS="1875"/></TextLine>
<TextLine HEIGHT="41" WIDTH="904" VPOS="4354" HPOS="1123"><String WC="0.9566666484" CONTENT="und" HEIGHT="33" WIDTH="62" VPOS="4355" HPOS="1123"/><SP WIDTH="23" VPOS="4355" HPOS="1186"/><String WC="0.8866666555" CONTENT="den" HEIGHT="35" WIDTH="56" VPOS="4355" HPOS="1210"/><SP WIDTH="22" VPOS="4354" HPOS="1267"/><String WC="0.7450000048" CONTENT="Küsten" HEIGHT="41" WIDTH="111" VPOS="4354" HPOS="1290"/><SP WIDTH="36" VPOS="4363" HPOS="1402"/><String WC="0.7766666412" CONTENT="von" HEIGHT="24" WIDTH="61" VPOS="4364" HPOS="1439"/><SP WIDTH="23" VPOS="4356" HPOS="1501"/><String WC="0.7888888717" CONTENT="Anatolien" HEIGHT="34" WIDTH="166" VPOS="4355" HPOS="1525"/><SP WIDTH="39" VPOS="4365" HPOS="1692"/><String WC="0.8066666722" CONTENT="als" HEIGHT="33" WIDTH="49" VPOS="4355" HPOS="1732"/><SP WIDTH="29" VPOS="4355" HPOS="1782"/><String WC="0.6357142925" CONTENT="Kapitän" HEIGHT="40" WIDTH="136" VPOS="4355" HPOS="1812"/><SP WIDTH="23" VPOS="4355" HPOS="1949"/><String WC="1." CONTENT="des" HEIGHT="33" WIDTH="54" VPOS="4355" HPOS="1973"/></TextLine>
<TextLine HEIGHT="44" WIDTH="902" VPOS="4397" HPOS="1124"><String WC="0.875" CONTENT="Erebus" HEIGHT="35" WIDTH="123" VPOS="4398" HPOS="1124"/><SP WIDTH="22" VPOS="4404" HPOS="1248"/><String WC="0.8633333445" CONTENT="und" HEIGHT="34" WIDTH="61" VPOS="4397" HPOS="1271"/><SP WIDTH="23" VPOS="4397" HPOS="1333"/><String WC="0.9433333278" CONTENT="der" HEIGHT="34" WIDTH="52" VPOS="4397" HPOS="1357"/><SP WIDTH="22" VPOS="4397" HPOS="1410"/><String WC="0.6812499762" CONTENT="Hortense" HEIGHT="44" WIDTH="149" VPOS="4397" HPOS="1433"/><SP WIDTH="22" VPOS="4409" HPOS="1583"/><String WC="0.8014285564" CONTENT="manchem" HEIGHT="42" WIDTH="152" VPOS="4399" HPOS="1606"/><SP WIDTH="22" VPOS="4399" HPOS="1759"/><String WC="0.8224999905" CONTENT="Korsaren" HEIGHT="40" WIDTH="155" VPOS="4399" HPOS="1782"/><SP WIDTH="28" VPOS="4409" HPOS="1938"/><String WC="0.5433333516" CONTENT="vor" HEIGHT="23" WIDTH="59" VPOS="4409" HPOS="1967"/></TextLine>
<TextLine HEIGHT="45" WIDTH="902" VPOS="4441" HPOS="1123"><String WC="0.9933333397" CONTENT="die" HEIGHT="34" WIDTH="46" VPOS="4443" HPOS="1123"/><SP WIDTH="38" VPOS="4444" HPOS="1170"/><String WC="0.976000011" CONTENT="Segel" HEIGHT="43" WIDTH="100" VPOS="4442" HPOS="1209"/><SP WIDTH="21" VPOS="4442" HPOS="1310"/><String WC="0.6985714436" CONTENT="strich," HEIGHT="44" WIDTH="93" VPOS="4441" HPOS="1332"/><SP WIDTH="38" VPOS="4453" HPOS="1426"/><String WC="0.6933333278" CONTENT="auf" HEIGHT="42" WIDTH="54" VPOS="4444" HPOS="1465"/><SP WIDTH="21" VPOS="4444" HPOS="1520"/><String WC="0.8916666508" CONTENT="seinem" HEIGHT="42" WIDTH="110" VPOS="4444" HPOS="1542"/><SP WIDTH="22" VPOS="4445" HPOS="1653"/><String WC="0.7128571272" CONTENT="Ruheplätzchen," HEIGHT="44" WIDTH="247" VPOS="4442" HPOS="1676"/><SP WIDTH="35" VPOS="4442" HPOS="1924"/><String WC="0.8733333349" CONTENT="dem" HEIGHT="33" WIDTH="65" VPOS="4442" HPOS="1960"/></TextLine>
<TextLine HEIGHT="47" WIDTH="900" VPOS="4485" HPOS="1123"><String WC="0.7524999976" CONTENT="dort" HEIGHT="36" WIDTH="70" VPOS="4487" HPOS="1123"/><SP WIDTH="38" VPOS="4492" HPOS="1194"/><String WC="0.7866666913" CONTENT="aus" HEIGHT="31" WIDTH="60" VPOS="4491" HPOS="1233"/><SP WIDTH="38" VPOS="4485" HPOS="1294"/><String WC="0.8999999762" CONTENT="dem" HEIGHT="34" WIDTH="65" VPOS="4485" HPOS="1333"/><SP WIDTH="36" VPOS="4487" HPOS="1399"/><String WC="0.7827273011" CONTENT="Olivenhaine" HEIGHT="45" WIDTH="209" VPOS="4487" HPOS="1436"/><SP WIDTH="33" VPOS="4489" HPOS="1646"/><String WC="0.7633333206" CONTENT="heraufschimmernden" HEIGHT="46" WIDTH="343" VPOS="4485" HPOS="1680"/></TextLine>
</TextBlock>
<TextBlock ID="Page1_Block8" HEIGHT="3624" WIDTH="932" VPOS="910" HPOS="2093" STYLEREFS="font2" language="de">
<TextLine HEIGHT="45" WIDTH="909" VPOS="919" HPOS="2113"><String WC="0.8307692409" CONTENT="Jagdschlosse," HEIGHT="44" WIDTH="219" VPOS="919" HPOS="2113"/><SP WIDTH="34" VPOS="930" HPOS="2333"/><String WC="0.7099999785" CONTENT="mit" HEIGHT="34" WIDTH="55" VPOS="920" HPOS="2368"/><SP WIDTH="22" VPOS="921" HPOS="2424"/><String WC="0.6866666675" CONTENT="seinem" HEIGHT="41" WIDTH="103" VPOS="921" HPOS="2447"/><SP WIDTH="23" VPOS="920" HPOS="2551"/><String WC="0.7300000191" CONTENT="beiden" HEIGHT="34" WIDTH="106" VPOS="920" HPOS="2575"/><SP WIDTH="23" VPOS="920" HPOS="2682"/><String WC="0.8012499809" CONTENT="Töchtern" HEIGHT="42" WIDTH="149" VPOS="919" HPOS="2706"/><SP WIDTH="33" VPOS="921" HPOS="2856"/><String WC="0.6899999976" CONTENT="Blanche" HEIGHT="43" WIDTH="132" VPOS="921" HPOS="2890"/></TextLine>
<TextLine HEIGHT="44" WIDTH="909" VPOS="964" HPOS="2113"><String WC="0.8799999952" CONTENT="und" HEIGHT="33" WIDTH="61" VPOS="965" HPOS="2113"/><SP WIDTH="23" VPOS="964" HPOS="2175"/><String WC="0.9566666484" CONTENT="Louise" HEIGHT="43" WIDTH="108" VPOS="964" HPOS="2199"/><SP WIDTH="24" VPOS="974" HPOS="2308"/><String WC="0.7766666412" CONTENT="und" HEIGHT="34" WIDTH="60" VPOS="965" HPOS="2333"/><SP WIDTH="25" VPOS="965" HPOS="2394"/><String WC="0.7266666889" CONTENT="seinem" HEIGHT="41" WIDTH="112" VPOS="965" HPOS="2420"/><SP WIDTH="23" VPOS="966" HPOS="2533"/><String WC="0.5500000119" CONTENT="Neffen" HEIGHT="42" WIDTH="113" VPOS="965" HPOS="2557"/><SP WIDTH="14" VPOS="964" HPOS="2671"/><String WC="0.7666666508" CONTENT="Ludwig" HEIGHT="43" WIDTH="129" VPOS="964" HPOS="2686"/><SP WIDTH="23" VPOS="965" HPOS="2816"/><String WC="0.7649999857" CONTENT="in" HEIGHT="33" WIDTH="31" VPOS="965" HPOS="2840"/><SP WIDTH="24" VPOS="975" HPOS="2872"/><String WC="0.6228571534" CONTENT="größter" HEIGHT="43" WIDTH="125" VPOS="965" HPOS="2897"/></TextLine>
<TextLine HEIGHT="43" WIDTH="912" VPOS="1009" HPOS="2111"><String WC="0.6811110973" CONTENT="Zurückgezogenheit;" HEIGHT="43" WIDTH="331" VPOS="1009" HPOS="2111"/><SP WIDTH="37" VPOS="1019" HPOS="2443"/><String WC="0.5637500286" CONTENT="wächrend" HEIGHT="42" WIDTH="152" VPOS="1009" HPOS="2481"/><SP WIDTH="39" VPOS="1009" HPOS="2634"/><String WC="0.8666666746" CONTENT="ich" HEIGHT="43" WIDTH="40" VPOS="1009" HPOS="2674"/><SP WIDTH="39" VPOS="1010" HPOS="2715"/><String WC="0.3833333254" CONTENT="für" HEIGHT="42" WIDTH="51" VPOS="1010" HPOS="2755"/><SP WIDTH="29" VPOS="1010" HPOS="2807"/><String WC="0.646666646" CONTENT="die" HEIGHT="33" WIDTH="44" VPOS="1010" HPOS="2837"/><SP WIDTH="25" VPOS="1011" HPOS="2882"/><String WC="0.5283333063" CONTENT="Seelen" HEIGHT="33" WIDTH="115" VPOS="1011" HPOS="2908"/></TextLine>
<TextLine HEIGHT="44" WIDTH="908" VPOS="1053" HPOS="2112"><String WC="0.801666677" CONTENT="seiner" HEIGHT="42" WIDTH="94" VPOS="1053" HPOS="2112"/><SP WIDTH="13" VPOS="1054" HPOS="2207"/><String WC="0.6068421006" CONTENT="Gemeindeangehöuigen" HEIGHT="43" WIDTH="385" VPOS="1054" HPOS="2221"/><SP WIDTH="21" VPOS="1055" HPOS="2607"/><String WC="0.6416666508" CONTENT="sorge," HEIGHT="41" WIDTH="97" VPOS="1055" HPOS="2629"/><SP WIDTH="12" VPOS="1054" HPOS="2727"/><String WC="0.6439999938" CONTENT="sorgt" HEIGHT="42" WIDTH="84" VPOS="1054" HPOS="2740"/><SP WIDTH="24" VPOS="1059" HPOS="2825"/><String WC="0.5199999809" CONTENT="er," HEIGHT="31" WIDTH="41" VPOS="1064" HPOS="2850"/><SP WIDTH="23" VPOS="1055" HPOS="2892"/><String WC="0.6433333158" CONTENT="soweit" HEIGHT="41" WIDTH="104" VPOS="1055" HPOS="2916"/></TextLine>
<TextLine HEIGHT="43" WIDTH="909" VPOS="1098" HPOS="2112"><String WC="1." CONTENT="es" HEIGHT="29" WIDTH="34" VPOS="1103" HPOS="2112"/><SP WIDTH="23" VPOS="1098" HPOS="2147"/><String WC="0.9333333373" CONTENT="die" HEIGHT="34" WIDTH="46" VPOS="1098" HPOS="2171"/><SP WIDTH="22" VPOS="1099" HPOS="2218"/><String WC="0.7166666389" CONTENT="Zinsen" HEIGHT="42" WIDTH="112" VPOS="1099" HPOS="2241"/><SP WIDTH="23" VPOS="1099" HPOS="2354"/><String WC="0.8133333325" CONTENT="seiner" HEIGHT="42" WIDTH="96" VPOS="1099" HPOS="2378"/><SP WIDTH="23" VPOS="1109" HPOS="2475"/><String WC="0.7277777791" CONTENT="ersparten" HEIGHT="42" WIDTH="160" VPOS="1099" HPOS="2499"/><SP WIDTH="20" VPOS="1099" HPOS="2660"/><String WC="0.7024999857" CONTENT="Prisengelder" HEIGHT="43" WIDTH="215" VPOS="1098" HPOS="2681"/><SP WIDTH="24" VPOS="1109" HPOS="2897"/><String WC="0.7760000229" CONTENT="erlau" HEIGHT="33" WIDTH="85" VPOS="1100" HPOS="2922"/><HYP CONTENT="­"/></TextLine>
<TextLine HEIGHT="44" WIDTH="910" VPOS="1142" HPOS="2111"><String WC="0.5525000095" CONTENT="ben," HEIGHT="40" WIDTH="68" VPOS="1143" HPOS="2111"/><SP WIDTH="38" VPOS="1143" HPOS="2180"/><String WC="0.5799999833" CONTENT="sitr" HEIGHT="42" WIDTH="52" VPOS="1143" HPOS="2219"/><SP WIDTH="38" VPOS="1143" HPOS="2272"/><String WC="0.823333323" CONTENT="die" HEIGHT="34" WIDTH="46" VPOS="1143" HPOS="2311"/><SP WIDTH="37" VPOS="1142" HPOS="2358"/><String WC="0.6833333373" CONTENT="Leiber" HEIGHT="35" WIDTH="109" VPOS="1142" HPOS="2396"/><SP WIDTH="37" VPOS="1142" HPOS="2506"/><String WC="0.7566666603" CONTENT="der" HEIGHT="34" WIDTH="56" VPOS="1142" HPOS="2544"/><SP WIDTH="23" VPOS="1144" HPOS="2601"/><String WC="0.7855555415" CONTENT="Seinigen;" HEIGHT="44" WIDTH="175" VPOS="1142" HPOS="2625"/><SP WIDTH="38" VPOS="1153" HPOS="2801"/><String WC="1." CONTENT="er" HEIGHT="23" WIDTH="32" VPOS="1153" HPOS="2840"/><SP WIDTH="37" VPOS="1143" HPOS="2873"/><String WC="1." CONTENT="ist" HEIGHT="42" WIDTH="34" VPOS="1143" HPOS="2911"/><SP WIDTH="23" VPOS="1144" HPOS="2946"/><String WC="0.7066666484" CONTENT="der" HEIGHT="34" WIDTH="51" VPOS="1144" HPOS="2970"/></TextLine>
<TextLine HEIGHT="44" WIDTH="911" VPOS="1187" HPOS="2112"><String WC="0.6840000153" CONTENT="Wohlthäter" HEIGHT="42" WIDTH="196" VPOS="1187" HPOS="2112"/><SP WIDTH="23" VPOS="1188" HPOS="2309"/><String WC="0.8466666937" CONTENT="der" HEIGHT="33" WIDTH="52" VPOS="1188" HPOS="2333"/><SP WIDTH="24" VPOS="1198" HPOS="2386"/><String WC="0.625" CONTENT="ganzen" HEIGHT="32" WIDTH="115" VPOS="1198" HPOS="2411"/><SP WIDTH="16" VPOS="1187" HPOS="2527"/><String WC="0.7333333492" CONTENT="Gegend" HEIGHT="43" WIDTH="133" VPOS="1187" HPOS="2544"/><SP WIDTH="23" VPOS="1187" HPOS="2678"/><String WC="0.9066666961" CONTENT="und" HEIGHT="34" WIDTH="61" VPOS="1187" HPOS="2702"/><SP WIDTH="24" VPOS="1187" HPOS="2764"/><String WC="0.8766666651" CONTENT="hat" HEIGHT="41" WIDTH="52" VPOS="1189" HPOS="2789"/><SP WIDTH="22" VPOS="1192" HPOS="2842"/><String WC="0.9366666675" CONTENT="nur" HEIGHT="25" WIDTH="60" VPOS="1197" HPOS="2865"/><SP WIDTH="22" VPOS="1199" HPOS="2926"/><String WC="0.7724999785" CONTENT="zwei" HEIGHT="42" WIDTH="74" VPOS="1189" HPOS="2949"/></TextLine>
<TextLine HEIGHT="43" WIDTH="234" VPOS="1232" HPOS="2113"><String WC="0.6600000262" CONTENT="Fehler" HEIGHT="43" WIDTH="112" VPOS="1232" HPOS="2113"/><SP WIDTH="25" VPOS="1242" HPOS="2226"/><String WC="1." CONTENT="...&quot;" HEIGHT="32" WIDTH="95" VPOS="1234" HPOS="2252"/></TextLine>
<TextLine HEIGHT="44" WIDTH="799" VPOS="1276" HPOS="2223"><String WC="1." CONTENT="„Ei" HEIGHT="41" WIDTH="59" VPOS="1277" HPOS="2223"/><SP WIDTH="26" VPOS="1277" HPOS="2283"/><String WC="1." CONTENT="." HEIGHT="6" WIDTH="5" VPOS="1305" HPOS="2310"/><SP WIDTH="26" VPOS="1304" HPOS="2316"/><String WC="1." CONTENT="." HEIGHT="6" WIDTH="6" VPOS="1304" HPOS="2343"/><SP WIDTH="26" VPOS="1304" HPOS="2350"/><String WC="1." CONTENT="." HEIGHT="6" WIDTH="6" VPOS="1305" HPOS="2377"/><SP WIDTH="24" VPOS="1286" HPOS="2384"/><String WC="0.603333354" CONTENT="und" HEIGHT="34" WIDTH="61" VPOS="1276" HPOS="2409"/><SP WIDTH="24" VPOS="1276" HPOS="2471"/><String WC="0.8519999981" CONTENT="diese" HEIGHT="41" WIDTH="76" VPOS="1276" HPOS="2496"/><SP WIDTH="17" VPOS="1276" HPOS="2573"/><String WC="0.8183333278" CONTENT="sind?&quot;" HEIGHT="42" WIDTH="112" VPOS="1276" HPOS="2591"/><SP WIDTH="15" VPOS="1277" HPOS="2704"/><String WC="0.728333354" CONTENT="sragte" HEIGHT="43" WIDTH="101" VPOS="1277" HPOS="2720"/><SP WIDTH="16" VPOS="1276" HPOS="2822"/><String WC="1." CONTENT="der" HEIGHT="34" WIDTH="52" VPOS="1276" HPOS="2839"/><SP WIDTH="16" VPOS="1278" HPOS="2892"/><String WC="0.6683333516" CONTENT="Jäger." HEIGHT="42" WIDTH="113" VPOS="1278" HPOS="2909"/></TextLine>
<TextLine HEIGHT="43" WIDTH="788" VPOS="1321" HPOS="2222"><String WC="0.7574999928" CONTENT="„Daß" HEIGHT="42" WIDTH="96" VPOS="1321" HPOS="2222"/><SP WIDTH="36" VPOS="1321" HPOS="2319"/><String WC="0.8600000143" CONTENT="er" HEIGHT="23" WIDTH="30" VPOS="1332" HPOS="2356"/><SP WIDTH="35" VPOS="1322" HPOS="2387"/><String WC="0.7879999876" CONTENT="seine" HEIGHT="42" WIDTH="79" VPOS="1321" HPOS="2423"/><SP WIDTH="27" VPOS="1322" HPOS="2503"/><String WC="0.8259999752" CONTENT="Anhänglichkeit," HEIGHT="43" WIDTH="260" VPOS="1321" HPOS="2531"/><SP WIDTH="31" VPOS="1322" HPOS="2792"/><String WC="0.8379999995" CONTENT="seine" HEIGHT="41" WIDTH="76" VPOS="1321" HPOS="2824"/><SP WIDTH="30" VPOS="1332" HPOS="2901"/><String WC="0.6524999738" CONTENT="nnbe" HEIGHT="34" WIDTH="78" VPOS="1322" HPOS="2932"/></TextLine>
<TextLine HEIGHT="44" WIDTH="909" VPOS="1365" HPOS="2111"><String WC="0.7785714269" CONTENT="grenzte" HEIGHT="38" WIDTH="121" VPOS="1371" HPOS="2111"/><SP WIDTH="23" VPOS="1366" HPOS="2233"/><String WC="0.7544444203" CONTENT="Verehrung" HEIGHT="41" WIDTH="187" VPOS="1366" HPOS="2257"/><SP WIDTH="38" VPOS="1367" HPOS="2445"/><String WC="0.6566666961" CONTENT="für" HEIGHT="42" WIDTH="51" VPOS="1367" HPOS="2484"/><SP WIDTH="41" VPOS="1366" HPOS="2536"/><String WC="0.7225000262" CONTENT="sein" HEIGHT="42" WIDTH="64" VPOS="1365" HPOS="2578"/><SP WIDTH="28" VPOS="1366" HPOS="2643"/><String WC="0.8590909243" CONTENT="königliches" HEIGHT="43" WIDTH="179" VPOS="1365" HPOS="2672"/><SP WIDTH="25" VPOS="1366" HPOS="2852"/><String WC="0.5600000024" CONTENT="Stamm" HEIGHT="33" WIDTH="128" VPOS="1366" HPOS="2878"/><HYP CONTENT="­"/></TextLine>
<TextLine HEIGHT="43" WIDTH="912" VPOS="1410" HPOS="2111"><String WC="0.8475000262" CONTENT="haus" HEIGHT="42" WIDTH="82" VPOS="1411" HPOS="2111"/><SP WIDTH="25" VPOS="1416" HPOS="2194"/><String WC="0.5699999928" CONTENT="zu" HEIGHT="33" WIDTH="36" VPOS="1420" HPOS="2220"/><SP WIDTH="22" VPOS="1420" HPOS="2257"/><String WC="0.6974999905" CONTENT="weit" HEIGHT="34" WIDTH="71" VPOS="1411" HPOS="2280"/><SP WIDTH="22" VPOS="1416" HPOS="2352"/><String WC="0.7414285541" CONTENT="treibt," HEIGHT="42" WIDTH="101" VPOS="1410" HPOS="2375"/><SP WIDTH="39" VPOS="1411" HPOS="2477"/><String WC="1." CONTENT="ja" HEIGHT="41" WIDTH="31" VPOS="1411" HPOS="2517"/><SP WIDTH="24" VPOS="1411" HPOS="2549"/><String WC="0.4350000024" CONTENT="so" HEIGHT="42" WIDTH="33" VPOS="1411" HPOS="2574"/><SP WIDTH="22" VPOS="1420" HPOS="2608"/><String WC="0.8849999905" CONTENT="weit" HEIGHT="34" WIDTH="72" VPOS="1410" HPOS="2631"/><SP WIDTH="34" VPOS="1415" HPOS="2704"/><String WC="0.7114285827" CONTENT="treibt," HEIGHT="41" WIDTH="102" VPOS="1410" HPOS="2739"/><SP WIDTH="38" VPOS="1410" HPOS="2842"/><String WC="0.6933333278" CONTENT="daß" HEIGHT="41" WIDTH="60" VPOS="1410" HPOS="2881"/><SP WIDTH="39" VPOS="1410" HPOS="2942"/><String WC="0.3866666555" CONTENT="er," HEIGHT="31" WIDTH="41" VPOS="1421" HPOS="2982"/></TextLine>
<TextLine HEIGHT="44" WIDTH="908" VPOS="1454" HPOS="2113"><String WC="0.6862499714" CONTENT="obgleich" HEIGHT="43" WIDTH="128" VPOS="1455" HPOS="2113"/><SP WIDTH="36" VPOS="1455" HPOS="2242"/><String WC="1." CONTENT="er" HEIGHT="23" WIDTH="31" VPOS="1466" HPOS="2279"/><SP WIDTH="34" VPOS="1456" HPOS="2311"/><String WC="0.8625000119" CONTENT="seit" HEIGHT="42" WIDTH="51" VPOS="1456" HPOS="2346"/><SP WIDTH="34" VPOS="1461" HPOS="2398"/><String WC="0.4900000095" CONTENT="zwanzig" HEIGHT="42" WIDTH="141" VPOS="1455" HPOS="2433"/><SP WIDTH="23" VPOS="1455" HPOS="2575"/><String WC="0.7216666937" CONTENT="Jahren" HEIGHT="43" WIDTH="129" VPOS="1455" HPOS="2599"/><SP WIDTH="30" VPOS="1465" HPOS="2729"/><String WC="0.7340000272" CONTENT="nicht" HEIGHT="42" WIDTH="77" VPOS="1455" HPOS="2760"/><SP WIDTH="30" VPOS="1454" HPOS="2838"/><String WC="0.6366666555" CONTENT="bei" HEIGHT="34" WIDTH="46" VPOS="1454" HPOS="2869"/><SP WIDTH="23" VPOS="1455" HPOS="2916"/><String WC="0.7174999714" CONTENT="Hose" HEIGHT="43" WIDTH="81" VPOS="1455" HPOS="2940"/></TextLine>
<TextLine HEIGHT="44" WIDTH="908" VPOS="1499" HPOS="2111"><String WC="0.6750000119" CONTENT="war," HEIGHT="31" WIDTH="78" VPOS="1509" HPOS="2111"/><SP WIDTH="23" VPOS="1510" HPOS="2190"/><String WC="0.7699999809" CONTENT="nichts" HEIGHT="43" WIDTH="95" VPOS="1500" HPOS="2214"/><SP WIDTH="24" VPOS="1500" HPOS="2310"/><String WC="0.7699999809" CONTENT="in" HEIGHT="33" WIDTH="32" VPOS="1500" HPOS="2335"/><SP WIDTH="23" VPOS="1501" HPOS="2368"/><String WC="0.6349999905" CONTENT="seiner" HEIGHT="42" WIDTH="95" VPOS="1499" HPOS="2392"/><SP WIDTH="22" VPOS="1501" HPOS="2488"/><String WC="0.6225000024" CONTENT="Nahe" HEIGHT="43" WIDTH="95" VPOS="1499" HPOS="2511"/><SP WIDTH="24" VPOS="1499" HPOS="2607"/><String WC="0.6914285421" CONTENT="duldet," HEIGHT="43" WIDTH="111" VPOS="1499" HPOS="2632"/><SP WIDTH="24" VPOS="1510" HPOS="2744"/><String WC="0.6800000072" CONTENT="was" HEIGHT="28" WIDTH="70" VPOS="1504" HPOS="2769"/><SP WIDTH="23" VPOS="1504" HPOS="2840"/><String WC="0.75" CONTENT="nicht" HEIGHT="43" WIDTH="76" VPOS="1499" HPOS="2864"/><SP WIDTH="24" VPOS="1506" HPOS="2941"/><String WC="0.5633333325" CONTENT="gut" HEIGHT="35" WIDTH="53" VPOS="1507" HPOS="2966"/></TextLine>
<TextLine HEIGHT="43" WIDTH="376" VPOS="1544" HPOS="2112"><String WC="0.7666666508" CONTENT="königlich" HEIGHT="43" WIDTH="143" VPOS="1544" HPOS="2112"/><SP WIDTH="24" VPOS="1544" HPOS="2256"/><String WC="0.7314285636" CONTENT="gesinnt" HEIGHT="42" WIDTH="117" VPOS="1545" HPOS="2281"/><SP WIDTH="22" VPOS="1544" HPOS="2399"/><String WC="0.9559999704" CONTENT="ist.&quot;" HEIGHT="43" WIDTH="66" VPOS="1544" HPOS="2422"/></TextLine>
<TextLine HEIGHT="44" WIDTH="798" VPOS="1588" HPOS="2222"><String WC="0.6866666675" CONTENT="„Nun,&quot;" HEIGHT="39" WIDTH="126" VPOS="1590" HPOS="2222"/><SP WIDTH="26" VPOS="1592" HPOS="2349"/><String WC="0.8566666842" CONTENT="meinte" HEIGHT="34" WIDTH="109" VPOS="1589" HPOS="2376"/><SP WIDTH="24" VPOS="1589" HPOS="2486"/><String WC="0.7533333302" CONTENT="der" HEIGHT="34" WIDTH="52" VPOS="1589" HPOS="2511"/><SP WIDTH="23" VPOS="1589" HPOS="2564"/><String WC="0.7383333445" CONTENT="Jäger," HEIGHT="43" WIDTH="119" VPOS="1589" HPOS="2588"/><SP WIDTH="34" VPOS="1589" HPOS="2708"/><String WC="0.6460000277" CONTENT="indem" HEIGHT="34" WIDTH="101" VPOS="1588" HPOS="2743"/><SP WIDTH="24" VPOS="1599" HPOS="2845"/><String WC="0.8399999738" CONTENT="er" HEIGHT="23" WIDTH="31" VPOS="1600" HPOS="2870"/><SP WIDTH="23" VPOS="1599" HPOS="2902"/><String WC="0.6899999976" CONTENT="neben" HEIGHT="33" WIDTH="94" VPOS="1590" HPOS="2926"/></TextLine>
<TextLine HEIGHT="44" WIDTH="909" VPOS="1633" HPOS="2112"><String WC="0.9599999785" CONTENT="dem" HEIGHT="34" WIDTH="66" VPOS="1633" HPOS="2112"/><SP WIDTH="23" VPOS="1635" HPOS="2179"/><String WC="0.5950000286" CONTENT="Abbe" HEIGHT="35" WIDTH="88" VPOS="1633" HPOS="2203"/><SP WIDTH="24" VPOS="1634" HPOS="2292"/><String WC="0.8071428537" CONTENT="langsam" HEIGHT="42" WIDTH="138" VPOS="1634" HPOS="2317"/><SP WIDTH="23" VPOS="1634" HPOS="2456"/><String WC="0.7766666412" CONTENT="den" HEIGHT="34" WIDTH="57" VPOS="1634" HPOS="2480"/><SP WIDTH="23" VPOS="1633" HPOS="2538"/><String WC="0.6439999938" CONTENT="Hügel" HEIGHT="44" WIDTH="107" VPOS="1633" HPOS="2562"/><SP WIDTH="34" VPOS="1634" HPOS="2670"/><String WC="0.5914285779" CONTENT="hinabzusteigen" HEIGHT="43" WIDTH="245" VPOS="1633" HPOS="2705"/><SP WIDTH="23" VPOS="1634" HPOS="2951"/><String WC="0.3000000119" CONTENT="be" HEIGHT="34" WIDTH="34" VPOS="1634" HPOS="2975"/><HYP CONTENT="­"/></TextLine>
<TextLine HEIGHT="43" WIDTH="912" VPOS="1678" HPOS="2112"><String WC="0.8280000091" CONTENT="gann," HEIGHT="33" WIDTH="99" VPOS="1687" HPOS="2112"/><SP WIDTH="46" VPOS="1706" HPOS="2212"/><String WC="0.6859999895" CONTENT="„uun," HEIGHT="34" WIDTH="93" VPOS="1687" HPOS="2259"/><SP WIDTH="39" VPOS="1679" HPOS="2353"/><String WC="0.7699999809" CONTENT="das" HEIGHT="33" WIDTH="58" VPOS="1679" HPOS="2393"/><SP WIDTH="38" VPOS="1679" HPOS="2452"/><String WC="0.8733333349" CONTENT="ist" HEIGHT="42" WIDTH="34" VPOS="1679" HPOS="2491"/><SP WIDTH="40" VPOS="1680" HPOS="2526"/><String WC="0.7300000191" CONTENT="eben" HEIGHT="34" WIDTH="74" VPOS="1678" HPOS="2567"/><SP WIDTH="38" VPOS="1680" HPOS="2642"/><String WC="0.7760000229" CONTENT="keine" HEIGHT="33" WIDTH="80" VPOS="1679" HPOS="2681"/><SP WIDTH="23" VPOS="1684" HPOS="2762"/><String WC="0.6646153927" CONTENT="tadelnSwevthe" HEIGHT="43" WIDTH="238" VPOS="1678" HPOS="2786"/></TextLine>
<TextLine HEIGHT="43" WIDTH="217" VPOS="1722" HPOS="2112"><String WC="0.8427272439" CONTENT="Gesinnung.&quot;" HEIGHT="43" WIDTH="217" VPOS="1722" HPOS="2112"/></TextLine>
<TextLine HEIGHT="44" WIDTH="802" VPOS="1767" HPOS="2221"><String WC="0.9236363769" CONTENT="„Allerdings" HEIGHT="43" WIDTH="201" VPOS="1768" HPOS="2221"/><SP WIDTH="49" VPOS="1773" HPOS="2423"/><String WC="0.9139999747" CONTENT="nicht" HEIGHT="43" WIDTH="77" VPOS="1767" HPOS="2473"/><SP WIDTH="39" VPOS="1772" HPOS="2551"/><String WC="0.7855555415" CONTENT="tadelns-," HEIGHT="43" WIDTH="158" VPOS="1767" HPOS="2591"/><SP WIDTH="38" VPOS="1768" HPOS="2750"/><String WC="0.6728571653" CONTENT="sondern" HEIGHT="43" WIDTH="129" VPOS="1767" HPOS="2789"/><SP WIDTH="37" VPOS="1769" HPOS="2919"/><String WC="0.7524999976" CONTENT="sehr" HEIGHT="41" WIDTH="66" VPOS="1769" HPOS="2957"/></TextLine>
<TextLine HEIGHT="44" WIDTH="911" VPOS="1811" HPOS="2112"><String WC="0.7369230986" CONTENT="lobenswerth,&quot;" HEIGHT="43" WIDTH="241" VPOS="1811" HPOS="2112"/><SP WIDTH="41" VPOS="1814" HPOS="2354"/><String WC="0.9380000234" CONTENT="sagte" HEIGHT="41" WIDTH="82" VPOS="1814" HPOS="2396"/><SP WIDTH="23" VPOS="1812" HPOS="2479"/><String WC="0.6800000072" CONTENT="der" HEIGHT="34" WIDTH="52" VPOS="1812" HPOS="2503"/><SP WIDTH="36" VPOS="1812" HPOS="2556"/><String WC="0.9227272868" CONTENT="Geistliche:" HEIGHT="43" WIDTH="179" VPOS="1812" HPOS="2593"/><SP WIDTH="41" VPOS="1825" HPOS="2773"/><String WC="0.7485714555" CONTENT="„allein" HEIGHT="39" WIDTH="112" VPOS="1813" HPOS="2815"/><SP WIDTH="24" VPOS="1823" HPOS="2928"/><String WC="0.4275000095" CONTENT="auch" HEIGHT="39" WIDTH="70" VPOS="1816" HPOS="2953"/></TextLine>
<TextLine HEIGHT="45" WIDTH="911" VPOS="1856" HPOS="2111"><String WC="1." CONTENT="das" HEIGHT="33" WIDTH="60" VPOS="1857" HPOS="2111"/><SP WIDTH="24" VPOS="1857" HPOS="2172"/><String WC="0.7825000286" CONTENT="Gute" HEIGHT="35" WIDTH="84" VPOS="1857" HPOS="2197"/><SP WIDTH="22" VPOS="1868" HPOS="2282"/><String WC="0.8000000119" CONTENT="muß" HEIGHT="41" WIDTH="75" VPOS="1857" HPOS="2305"/><SP WIDTH="23" VPOS="1857" HPOS="2381"/><String WC="0.8333333135" CONTENT="man" HEIGHT="23" WIDTH="74" VPOS="1868" HPOS="2405"/><SP WIDTH="22" VPOS="1867" HPOS="2480"/><String WC="0.8960000277" CONTENT="nicht" HEIGHT="44" WIDTH="78" VPOS="1856" HPOS="2503"/><SP WIDTH="24" VPOS="1862" HPOS="2582"/><String WC="0.5400000215" CONTENT="auf" HEIGHT="43" WIDTH="55" VPOS="1858" HPOS="2607"/><SP WIDTH="37" VPOS="1858" HPOS="2663"/><String WC="0.9966666698" CONTENT="die" HEIGHT="33" WIDTH="46" VPOS="1858" HPOS="2701"/><SP WIDTH="22" VPOS="1857" HPOS="2748"/><String WC="0.521666646" CONTENT="Spitze" HEIGHT="43" WIDTH="109" VPOS="1857" HPOS="2771"/><SP WIDTH="28" VPOS="1858" HPOS="2881"/><String WC="0.8000000119" CONTENT="schrau" HEIGHT="42" WIDTH="100" VPOS="1857" HPOS="2910"/><HYP CONTENT="­"/></TextLine>
<TextLine HEIGHT="43" WIDTH="912" VPOS="1902" HPOS="2111"><String WC="0.6999999881" CONTENT="ben," HEIGHT="40" WIDTH="67" VPOS="1903" HPOS="2111"/><SP WIDTH="24" VPOS="1902" HPOS="2179"/><String WC="0.8519999981" CONTENT="sonst" HEIGHT="42" WIDTH="77" VPOS="1902" HPOS="2204"/><SP WIDTH="22" VPOS="1906" HPOS="2282"/><String WC="0.8025000095" CONTENT="wird" HEIGHT="34" WIDTH="79" VPOS="1902" HPOS="2305"/><SP WIDTH="24" VPOS="1902" HPOS="2385"/><String WC="1." CONTENT="es" HEIGHT="29" WIDTH="33" VPOS="1907" HPOS="2410"/><SP WIDTH="30" VPOS="1907" HPOS="2444"/><String WC="0.4550000131" CONTENT="zu" HEIGHT="31" WIDTH="36" VPOS="1912" HPOS="2475"/><SP WIDTH="24" VPOS="1912" HPOS="2512"/><String WC="0.7379999757" CONTENT="einem" HEIGHT="33" WIDTH="97" VPOS="1902" HPOS="2537"/><SP WIDTH="26" VPOS="1912" HPOS="2635"/><String WC="0.7749999762" CONTENT="andern" HEIGHT="34" WIDTH="117" VPOS="1902" HPOS="2662"/><SP WIDTH="42" VPOS="1912" HPOS="2780"/><String WC="0.7833333611" CONTENT="oft" HEIGHT="43" WIDTH="43" VPOS="1902" HPOS="2823"/><SP WIDTH="30" VPOS="1902" HPOS="2867"/><String WC="0.6137499809" CONTENT="lästigen" HEIGHT="42" WIDTH="125" VPOS="1902" HPOS="2898"/></TextLine>
<TextLine HEIGHT="43" WIDTH="912" VPOS="1946" HPOS="2111"><String WC="0.6433333158" CONTENT="und" HEIGHT="34" WIDTH="63" VPOS="1946" HPOS="2111"/><SP WIDTH="24" VPOS="1946" HPOS="2175"/><String WC="0.9300000072" CONTENT="beirrenden" HEIGHT="35" WIDTH="180" VPOS="1946" HPOS="2200"/><SP WIDTH="23" VPOS="1948" HPOS="2381"/><String WC="0.7071428299" CONTENT="Fehler," HEIGHT="41" WIDTH="123" VPOS="1947" HPOS="2405"/><SP WIDTH="23" VPOS="1957" HPOS="2529"/><String WC="0.6633333564" CONTENT="nnd" HEIGHT="34" WIDTH="63" VPOS="1946" HPOS="2553"/><SP WIDTH="23" VPOS="1946" HPOS="2617"/><String WC="0.7300000191" CONTENT="wenn" HEIGHT="23" WIDTH="91" VPOS="1957" HPOS="2641"/><SP WIDTH="23" VPOS="1957" HPOS="2733"/><String WC="0.8824999928" CONTENT="mein" HEIGHT="34" WIDTH="81" VPOS="1946" HPOS="2757"/><SP WIDTH="23" VPOS="1952" HPOS="2839"/><String WC="0.6290909052" CONTENT="trefflicher" HEIGHT="42" WIDTH="160" VPOS="1947" HPOS="2863"/></TextLine>
<TextLine HEIGHT="44" WIDTH="913" VPOS="1990" HPOS="2109"><String WC="0.9800000191" CONTENT="Oheim" HEIGHT="43" WIDTH="119" VPOS="1991" HPOS="2109"/><SP WIDTH="23" VPOS="2001" HPOS="2229"/><String WC="1." CONTENT="mir" HEIGHT="34" WIDTH="60" VPOS="1991" HPOS="2253"/><SP WIDTH="31" VPOS="2002" HPOS="2314"/><String WC="0.7099999785" CONTENT="zur" HEIGHT="33" WIDTH="55" VPOS="2001" HPOS="2346"/><SP WIDTH="15" VPOS="1992" HPOS="2402"/><String WC="0.7685714364" CONTENT="Pflicht" HEIGHT="43" WIDTH="113" VPOS="1991" HPOS="2418"/><SP WIDTH="24" VPOS="1996" HPOS="2532"/><String WC="0.8066666722" CONTENT="machen" HEIGHT="43" WIDTH="121" VPOS="1991" HPOS="2557"/><SP WIDTH="22" VPOS="2001" HPOS="2679"/><String WC="0.6919999719" CONTENT="will," HEIGHT="40" WIDTH="77" VPOS="1991" HPOS="2702"/><SP WIDTH="17" VPOS="1991" HPOS="2780"/><String WC="0.6066666842" CONTENT="daß" HEIGHT="39" WIDTH="60" VPOS="1990" HPOS="2798"/><SP WIDTH="24" VPOS="1990" HPOS="2859"/><String WC="0.8666666746" CONTENT="ich" HEIGHT="43" WIDTH="40" VPOS="1991" HPOS="2884"/><SP WIDTH="17" VPOS="1991" HPOS="2925"/><String WC="0.6679999828" CONTENT="allen" HEIGHT="32" WIDTH="79" VPOS="1993" HPOS="2943"/></TextLine>
<TextLine HEIGHT="43" WIDTH="912" VPOS="2036" HPOS="2110"><String WC="0.7827273011" CONTENT="neugeboruen" HEIGHT="43" WIDTH="216" VPOS="2036" HPOS="2110"/><SP WIDTH="37" VPOS="2036" HPOS="2327"/><String WC="0.7871428728" CONTENT="Kindern" HEIGHT="34" WIDTH="138" VPOS="2036" HPOS="2365"/><SP WIDTH="38" VPOS="2036" HPOS="2504"/><String WC="0.8100000024" CONTENT="seines" HEIGHT="42" WIDTH="99" VPOS="2036" HPOS="2543"/><SP WIDTH="39" VPOS="2041" HPOS="2643"/><String WC="0.8071428537" CONTENT="oberherrlichen" HEIGHT="43" WIDTH="241" VPOS="2036" HPOS="2683"/><SP WIDTH="35" VPOS="2037" HPOS="2925"/><String WC="0.7966666818" CONTENT="Ge-" HEIGHT="33" WIDTH="61" VPOS="2037" HPOS="2961"/></TextLine>
<TextLine HEIGHT="44" WIDTH="910" VPOS="2080" HPOS="2111"><String WC="0.8000000119" CONTENT="meindesprengels" HEIGHT="43" WIDTH="277" VPOS="2081" HPOS="2111"/><SP WIDTH="25" VPOS="2081" HPOS="2389"/><String WC="0.9233333468" CONTENT="den" HEIGHT="34" WIDTH="56" VPOS="2081" HPOS="2415"/><SP WIDTH="23" VPOS="2081" HPOS="2472"/><String WC="0.7799999714" CONTENT="Namen" HEIGHT="33" WIDTH="125" VPOS="2081" HPOS="2496"/><SP WIDTH="21" VPOS="2080" HPOS="2622"/><String WC="0.7850000262" CONTENT="Ludwig" HEIGHT="43" WIDTH="131" VPOS="2080" HPOS="2644"/><SP WIDTH="24" VPOS="2080" HPOS="2776"/><String WC="0.8100000024" CONTENT="in" HEIGHT="33" WIDTH="32" VPOS="2080" HPOS="2801"/><SP WIDTH="17" VPOS="2080" HPOS="2834"/><String WC="0.6966666579" CONTENT="der" HEIGHT="34" WIDTH="51" VPOS="2080" HPOS="2852"/><SP WIDTH="15" VPOS="2081" HPOS="2904"/><String WC="0.6299999952" CONTENT="Taufe" HEIGHT="42" WIDTH="101" VPOS="2081" HPOS="2920"/></TextLine>
<TextLine HEIGHT="43" WIDTH="909" VPOS="2126" HPOS="2111"><String WC="0.6560000181" CONTENT="aufdringe," HEIGHT="43" WIDTH="173" VPOS="2126" HPOS="2111"/><SP WIDTH="23" VPOS="2137" HPOS="2285"/><String WC="0.7425000072" CONTENT="weil" HEIGHT="34" WIDTH="72" VPOS="2126" HPOS="2309"/><SP WIDTH="22" VPOS="2126" HPOS="2382"/><String WC="0.5266666412" CONTENT="uusere" HEIGHT="41" WIDTH="106" VPOS="2126" HPOS="2405"/><SP WIDTH="23" VPOS="2126" HPOS="2512"/><String WC="0.7983333468" CONTENT="Könige" HEIGHT="42" WIDTH="118" VPOS="2126" HPOS="2536"/><SP WIDTH="25" VPOS="2126" HPOS="2655"/><String WC="0.6499999762" CONTENT="diesen" HEIGHT="41" WIDTH="96" VPOS="2126" HPOS="2681"/><SP WIDTH="26" VPOS="2126" HPOS="2778"/><String WC="0.5799999833" CONTENT="Namen" HEIGHT="33" WIDTH="124" VPOS="2126" HPOS="2805"/><SP WIDTH="23" VPOS="2126" HPOS="2930"/><String WC="0.6266666651" CONTENT="füh" HEIGHT="41" WIDTH="53" VPOS="2126" HPOS="2954"/><HYP CONTENT="­"/></TextLine>
<TextLine HEIGHT="44" WIDTH="909" VPOS="2170" HPOS="2110"><String WC="0.7475000024" CONTENT="ren," HEIGHT="32" WIDTH="64" VPOS="2180" HPOS="2110"/><SP WIDTH="24" VPOS="2171" HPOS="2175"/><String WC="0.5600000024" CONTENT="so" HEIGHT="41" WIDTH="30" VPOS="2171" HPOS="2200"/><SP WIDTH="24" VPOS="2171" HPOS="2231"/><String WC="0.7160000205" CONTENT="heißt" HEIGHT="44" WIDTH="83" VPOS="2170" HPOS="2256"/><SP WIDTH="23" VPOS="2170" HPOS="2340"/><String WC="0.8224999905" CONTENT="dies" HEIGHT="34" WIDTH="67" VPOS="2170" HPOS="2364"/><SP WIDTH="25" VPOS="2176" HPOS="2432"/><String WC="0.7549999952" CONTENT="allerdings" HEIGHT="43" WIDTH="171" VPOS="2170" HPOS="2458"/><SP WIDTH="24" VPOS="2171" HPOS="2630"/><String WC="0.5083333254" CONTENT="seinen" HEIGHT="42" WIDTH="99" VPOS="2170" HPOS="2655"/><SP WIDTH="19" VPOS="2171" HPOS="2755"/><String WC="0.6008333564" CONTENT="Enthusiasmus" HEIGHT="42" WIDTH="244" VPOS="2170" HPOS="2775"/></TextLine>
<TextLine HEIGHT="43" WIDTH="908" VPOS="2215" HPOS="2110"><String WC="0.5933333039" CONTENT="für" HEIGHT="42" WIDTH="51" VPOS="2215" HPOS="2110"/><SP WIDTH="24" VPOS="2215" HPOS="2162"/><String WC="0.8500000238" CONTENT="das" HEIGHT="34" WIDTH="58" VPOS="2215" HPOS="2187"/><SP WIDTH="39" VPOS="2215" HPOS="2246"/><String WC="0.6880000234" CONTENT="Königshaus" HEIGHT="43" WIDTH="206" VPOS="2215" HPOS="2286"/><SP WIDTH="40" VPOS="2220" HPOS="2493"/><String WC="0.4600000083" CONTENT="auf" HEIGHT="42" WIDTH="54" VPOS="2216" HPOS="2534"/><SP WIDTH="22" VPOS="2215" HPOS="2589"/><String WC="0.3733333349" CONTENT="Kosten" HEIGHT="42" WIDTH="109" VPOS="2215" HPOS="2612"/><SP WIDTH="39" VPOS="2215" HPOS="2722"/><String WC="0.603333354" CONTENT="des" HEIGHT="33" WIDTH="53" VPOS="2215" HPOS="2762"/><SP WIDTH="38" VPOS="2216" HPOS="2816"/><String WC="0.5390909314" CONTENT="kirchlichen" HEIGHT="42" WIDTH="163" VPOS="2215" HPOS="2855"/></TextLine>
<TextLine HEIGHT="44" WIDTH="908" VPOS="2259" HPOS="2110"><String WC="0.7411110997" CONTENT="Ansehens," HEIGHT="43" WIDTH="169" VPOS="2260" HPOS="2110"/><SP WIDTH="24" VPOS="2260" HPOS="2280"/><String WC="1." CONTENT="das" HEIGHT="33" WIDTH="59" VPOS="2260" HPOS="2305"/><SP WIDTH="24" VPOS="2260" HPOS="2365"/><String WC="0.8849999905" CONTENT="hiedurch" HEIGHT="42" WIDTH="137" VPOS="2260" HPOS="2390"/><SP WIDTH="24" VPOS="2259" HPOS="2528"/><String WC="0.625" CONTENT="in" HEIGHT="34" WIDTH="32" VPOS="2259" HPOS="2553"/><SP WIDTH="23" VPOS="2260" HPOS="2586"/><String WC="0.8700000048" CONTENT="der" HEIGHT="33" WIDTH="52" VPOS="2260" HPOS="2610"/><SP WIDTH="22" VPOS="2259" HPOS="2663"/><String WC="0.6687499881" CONTENT="Handlung" HEIGHT="43" WIDTH="171" VPOS="2259" HPOS="2686"/><SP WIDTH="25" VPOS="2260" HPOS="2858"/><String WC="0.896666646" CONTENT="der" HEIGHT="33" WIDTH="51" VPOS="2260" HPOS="2884"/><SP WIDTH="22" VPOS="2261" HPOS="2936"/><String WC="0.7275000215" CONTENT="hei&apos;" HEIGHT="42" WIDTH="59" VPOS="2260" HPOS="2959"/></TextLine>
<TextLine HEIGHT="43" WIDTH="905" VPOS="2304" HPOS="2113"><String WC="0.5780000091" CONTENT="ligen" HEIGHT="42" WIDTH="82" VPOS="2304" HPOS="2113"/><SP WIDTH="23" VPOS="2305" HPOS="2196"/><String WC="0.4779999852" CONTENT="Taufe" HEIGHT="42" WIDTH="105" VPOS="2305" HPOS="2220"/><SP WIDTH="20" VPOS="2304" HPOS="2326"/><String WC="0.7464285493" CONTENT="herabgewürdigt" HEIGHT="43" WIDTH="271" VPOS="2304" HPOS="2347"/><SP WIDTH="23" VPOS="2310" HPOS="2619"/><String WC="0.7160000205" CONTENT="wird," HEIGHT="42" WIDTH="89" VPOS="2304" HPOS="2643"/><SP WIDTH="25" VPOS="2315" HPOS="2733"/><String WC="0.5" CONTENT="auf" HEIGHT="42" WIDTH="54" VPOS="2305" HPOS="2759"/><SP WIDTH="22" VPOS="2304" HPOS="2814"/><String WC="0.9066666961" CONTENT="die" HEIGHT="34" WIDTH="46" VPOS="2304" HPOS="2837"/><SP WIDTH="22" VPOS="2305" HPOS="2884"/><String WC="0.6985714436" CONTENT="höchste" HEIGHT="43" WIDTH="111" VPOS="2304" HPOS="2907"/></TextLine>
<TextLine HEIGHT="44" WIDTH="908" VPOS="2348" HPOS="2110"><String WC="0.8149999976" CONTENT="Spitze" HEIGHT="43" WIDTH="108" VPOS="2349" HPOS="2110"/><SP WIDTH="23" VPOS="2349" HPOS="2219"/><String WC="0.8299999833" CONTENT="schrauben," HEIGHT="43" WIDTH="173" VPOS="2348" HPOS="2243"/><SP WIDTH="24" VPOS="2359" HPOS="2417"/><String WC="0.8600000143" CONTENT="zumal" HEIGHT="42" WIDTH="103" VPOS="2349" HPOS="2442"/><SP WIDTH="22" VPOS="2349" HPOS="2546"/><String WC="1." CONTENT="es" HEIGHT="28" WIDTH="32" VPOS="2354" HPOS="2569"/><SP WIDTH="24" VPOS="2349" HPOS="2602"/><String WC="0.6200000048" CONTENT="iu" HEIGHT="33" WIDTH="31" VPOS="2349" HPOS="2627"/><SP WIDTH="29" VPOS="2349" HPOS="2659"/><String WC="0.8766666651" CONTENT="der" HEIGHT="33" WIDTH="52" VPOS="2349" HPOS="2689"/><SP WIDTH="24" VPOS="2350" HPOS="2742"/><String WC="0.7400000095" CONTENT="That" HEIGHT="43" WIDTH="85" VPOS="2349" HPOS="2767"/><SP WIDTH="38" VPOS="2349" HPOS="2853"/><String WC="0.3650000095" CONTENT="in" HEIGHT="33" WIDTH="31" VPOS="2349" HPOS="2892"/><SP WIDTH="40" VPOS="2359" HPOS="2924"/><String WC="0.4850000143" CONTENT="un" HEIGHT="23" WIDTH="40" VPOS="2359" HPOS="2965"/><HYP CONTENT="­"/></TextLine>
<TextLine HEIGHT="43" WIDTH="907" VPOS="2393" HPOS="2109"><String WC="0.7760000229" CONTENT="serem" HEIGHT="42" WIDTH="92" VPOS="2393" HPOS="2109"/><SP WIDTH="50" VPOS="2394" HPOS="2202"/><String WC="0.8106250167" CONTENT="Gemeindesprengel" HEIGHT="43" WIDTH="312" VPOS="2393" HPOS="2253"/><SP WIDTH="39" VPOS="2393" HPOS="2566"/><String WC="0.6781818271" CONTENT="gegenwärtig" HEIGHT="42" WIDTH="210" VPOS="2394" HPOS="2606"/><SP WIDTH="44" VPOS="2394" HPOS="2817"/><String WC="0.5159999728" CONTENT="schon" HEIGHT="42" WIDTH="83" VPOS="2394" HPOS="2862"/><SP WIDTH="39" VPOS="2395" HPOS="2946"/><String WC="0.4550000131" CONTENT="so" HEIGHT="40" WIDTH="30" VPOS="2395" HPOS="2986"/></TextLine>
<TextLine HEIGHT="43" WIDTH="908" VPOS="2437" HPOS="2108"><String WC="0.7620000243" CONTENT="viele" HEIGHT="34" WIDTH="76" VPOS="2437" HPOS="2108"/><SP WIDTH="27" VPOS="2437" HPOS="2185"/><String WC="0.7214285731" CONTENT="Ludwigs" HEIGHT="43" WIDTH="151" VPOS="2437" HPOS="2213"/><SP WIDTH="25" VPOS="2443" HPOS="2365"/><String WC="0.7160000205" CONTENT="gibt," HEIGHT="43" WIDTH="73" VPOS="2437" HPOS="2391"/><SP WIDTH="24" VPOS="2438" HPOS="2465"/><String WC="0.6833333373" CONTENT="daß" HEIGHT="42" WIDTH="60" VPOS="2437" HPOS="2490"/><SP WIDTH="24" VPOS="2437" HPOS="2551"/><String WC="0.5333333611" CONTENT="wir" HEIGHT="33" WIDTH="59" VPOS="2438" HPOS="2576"/><SP WIDTH="24" VPOS="2438" HPOS="2636"/><String WC="0.7200000286" CONTENT="sie" HEIGHT="39" WIDTH="37" VPOS="2438" HPOS="2661"/><SP WIDTH="24" VPOS="2438" HPOS="2699"/><String WC="1." CONTENT="in" HEIGHT="33" WIDTH="31" VPOS="2438" HPOS="2724"/><SP WIDTH="25" VPOS="2438" HPOS="2756"/><String WC="0.896666646" CONTENT="den" HEIGHT="33" WIDTH="56" VPOS="2438" HPOS="2782"/><SP WIDTH="24" VPOS="2449" HPOS="2839"/><String WC="0.4766666591" CONTENT="einzelneu" HEIGHT="42" WIDTH="152" VPOS="2438" HPOS="2864"/></TextLine>
<TextLine HEIGHT="43" WIDTH="906" VPOS="2482" HPOS="2110"><String WC="0.8287500143" CONTENT="Familien" HEIGHT="41" WIDTH="155" VPOS="2482" HPOS="2110"/><SP WIDTH="24" VPOS="2483" HPOS="2266"/><String WC="1." CONTENT="der" HEIGHT="33" WIDTH="52" VPOS="2483" HPOS="2291"/><SP WIDTH="22" VPOS="2483" HPOS="2344"/><String WC="0.6957142949" CONTENT="Ordnung" HEIGHT="42" WIDTH="160" VPOS="2482" HPOS="2367"/><SP WIDTH="23" VPOS="2492" HPOS="2528"/><String WC="0.423999995" CONTENT="wegen" HEIGHT="33" WIDTH="104" VPOS="2492" HPOS="2552"/><SP WIDTH="24" VPOS="2484" HPOS="2657"/><String WC="0.6579999924" CONTENT="schon" HEIGHT="43" WIDTH="84" VPOS="2482" HPOS="2682"/><SP WIDTH="35" VPOS="2493" HPOS="2767"/><String WC="0.7466666698" CONTENT="mit" HEIGHT="34" WIDTH="56" VPOS="2483" HPOS="2803"/><SP WIDTH="24" VPOS="2488" HPOS="2860"/><String WC="0.6100000143" CONTENT="anderen" HEIGHT="33" WIDTH="131" VPOS="2484" HPOS="2885"/></TextLine>
<TextLine HEIGHT="42" WIDTH="893" VPOS="2527" HPOS="2107"><String WC="0.7237499952" CONTENT="Beinamen" HEIGHT="34" WIDTH="174" VPOS="2527" HPOS="2107"/><SP WIDTH="24" VPOS="2537" HPOS="2282"/><String WC="0.8174999952" CONTENT="oder" HEIGHT="33" WIDTH="71" VPOS="2527" HPOS="2307"/><SP WIDTH="23" VPOS="2537" HPOS="2379"/><String WC="0.6333333254" CONTENT="nnt" HEIGHT="28" WIDTH="56" VPOS="2532" HPOS="2403"/><SP WIDTH="22" VPOS="2527" HPOS="2460"/><String WC="0.5299999714" CONTENT="Zahlen," HEIGHT="42" WIDTH="132" VPOS="2527" HPOS="2483"/><SP WIDTH="22" VPOS="2537" HPOS="2616"/><String WC="0.8000000119" CONTENT="wie" HEIGHT="33" WIDTH="58" VPOS="2527" HPOS="2639"/><SP WIDTH="24" VPOS="2537" HPOS="2698"/><String WC="0.5350000262" CONTENT="eben" HEIGHT="33" WIDTH="72" VPOS="2527" HPOS="2723"/><SP WIDTH="35" VPOS="2528" HPOS="2796"/><String WC="0.7699999809" CONTENT="in" HEIGHT="33" WIDTH="32" VPOS="2528" HPOS="2832"/><SP WIDTH="23" VPOS="2527" HPOS="2865"/><String WC="0.7233333588" CONTENT="den" HEIGHT="34" WIDTH="55" VPOS="2527" HPOS="2889"/><SP WIDTH="23" VPOS="2529" HPOS="2945"/><String WC="0.3449999988" CONTENT="kv" HEIGHT="31" WIDTH="31" VPOS="2529" HPOS="2969"/></TextLine>
<TextLine HEIGHT="44" WIDTH="904" VPOS="2571" HPOS="2107"><String WC="0.8122222424" CONTENT="niglichen" HEIGHT="44" WIDTH="147" VPOS="2571" HPOS="2107"/><SP WIDTH="23" VPOS="2571" HPOS="2255"/><String WC="0.6890476346" CONTENT="Geschlechtsregistern," HEIGHT="43" WIDTH="344" VPOS="2571" HPOS="2279"/><SP WIDTH="29" VPOS="2571" HPOS="2624"/><String WC="0.6100000143" CONTENT="bezeichnen" HEIGHT="43" WIDTH="170" VPOS="2571" HPOS="2654"/><SP WIDTH="39" VPOS="2582" HPOS="2825"/><String WC="0.7233333588" CONTENT="müssen,,." HEIGHT="42" WIDTH="146" VPOS="2572" HPOS="2865"/></TextLine>
<TextLine HEIGHT="44" WIDTH="788" VPOS="2615" HPOS="2215"><String WC="1." CONTENT="Der" HEIGHT="33" WIDTH="67" VPOS="2617" HPOS="2215"/><SP WIDTH="23" VPOS="2616" HPOS="2283"/><String WC="0.6880000234" CONTENT="Jäger" HEIGHT="43" WIDTH="105" VPOS="2616" HPOS="2307"/><SP WIDTH="24" VPOS="2615" HPOS="2413"/><String WC="0.603333354" CONTENT="begann" HEIGHT="43" WIDTH="119" VPOS="2615" HPOS="2438"/><SP WIDTH="24" VPOS="2615" HPOS="2558"/><String WC="0.8280000091" CONTENT="jetzt" HEIGHT="44" WIDTH="61" VPOS="2615" HPOS="2583"/><SP WIDTH="23" VPOS="2616" HPOS="2645"/><String WC="0.7774999738" CONTENT="herzlich" HEIGHT="42" WIDTH="124" VPOS="2616" HPOS="2669"/><SP WIDTH="40" VPOS="2616" HPOS="2794"/><String WC="0.4149999917" CONTENT="zn" HEIGHT="32" WIDTH="36" VPOS="2626" HPOS="2835"/><SP WIDTH="30" VPOS="2618" HPOS="2872"/><String WC="0.7833333611" CONTENT="lachen" HEIGHT="42" WIDTH="100" VPOS="2617" HPOS="2903"/></TextLine>
<TextLine HEIGHT="43" WIDTH="798" VPOS="2660" HPOS="2217"><String WC="0.8374999762" CONTENT="„Und" HEIGHT="42" WIDTH="89" VPOS="2660" HPOS="2217"/><SP WIDTH="25" VPOS="2660" HPOS="2307"/><String WC="0.5266666412" CONTENT="lassen" HEIGHT="43" WIDTH="93" VPOS="2660" HPOS="2333"/><SP WIDTH="22" VPOS="2661" HPOS="2427"/><String WC="0.9116666913" CONTENT="sich,&quot;" HEIGHT="42" WIDTH="83" VPOS="2661" HPOS="2450"/><SP WIDTH="26" VPOS="2661" HPOS="2534"/><String WC="0.6783333421" CONTENT="sragte" HEIGHT="42" WIDTH="100" VPOS="2661" HPOS="2561"/><SP WIDTH="23" VPOS="2671" HPOS="2662"/><String WC="0.6899999976" CONTENT="er," HEIGHT="31" WIDTH="41" VPOS="2671" HPOS="2686"/><SP WIDTH="25" VPOS="2689" HPOS="2728"/><String WC="0.9599999785" CONTENT="„die" HEIGHT="41" WIDTH="66" VPOS="2661" HPOS="2754"/><SP WIDTH="17" VPOS="2662" HPOS="2821"/><String WC="0.5483333468" CONTENT="Eltern" HEIGHT="34" WIDTH="106" VPOS="2661" HPOS="2839"/><SP WIDTH="16" VPOS="2664" HPOS="2946"/><String WC="0.6133333445" CONTENT="der" HEIGHT="31" WIDTH="52" VPOS="2664" HPOS="2963"/></TextLine>
<TextLine HEIGHT="44" WIDTH="903" VPOS="2705" HPOS="2109"><String WC="0.621111095" CONTENT="Täuflinge" HEIGHT="43" WIDTH="171" VPOS="2705" HPOS="2109"/><SP WIDTH="37" VPOS="2705" HPOS="2281"/><String WC="0.7416666746" CONTENT="diesen" HEIGHT="42" WIDTH="97" VPOS="2705" HPOS="2319"/><SP WIDTH="23" VPOS="2706" HPOS="2417"/><String WC="0.7099999785" CONTENT="Zwang" HEIGHT="42" WIDTH="121" VPOS="2706" HPOS="2441"/><SP WIDTH="38" VPOS="2715" HPOS="2563"/><String WC="1." CONTENT="mit" HEIGHT="33" WIDTH="56" VPOS="2706" HPOS="2602"/><SP WIDTH="22" VPOS="2705" HPOS="2659"/><String WC="0.9900000095" CONTENT="dem" HEIGHT="34" WIDTH="65" VPOS="2705" HPOS="2682"/><SP WIDTH="24" VPOS="2706" HPOS="2748"/><String WC="0.6899999976" CONTENT="Namen" HEIGHT="34" WIDTH="123" VPOS="2706" HPOS="2773"/><SP WIDTH="32" VPOS="2706" HPOS="2897"/><String WC="0.6380000114" CONTENT="ihrer" HEIGHT="43" WIDTH="82" VPOS="2706" HPOS="2930"/></TextLine>
<TextLine HEIGHT="43" WIDTH="412" VPOS="2750" HPOS="2106"><String WC="0.7766666412" CONTENT="Kinder" HEIGHT="35" WIDTH="115" VPOS="2750" HPOS="2106"/><SP WIDTH="26" VPOS="2760" HPOS="2222"/><String WC="0.8625000119" CONTENT="auch" HEIGHT="43" WIDTH="70" VPOS="2750" HPOS="2249"/><SP WIDTH="25" VPOS="2750" HPOS="2320"/><String WC="0.6769999862" CONTENT="gefallen?&quot;" HEIGHT="43" WIDTH="172" VPOS="2750" HPOS="2346"/></TextLine>
<TextLine HEIGHT="44" WIDTH="795" VPOS="2794" HPOS="2215"><String WC="0.8159999847" CONTENT="„Ei,&quot;" HEIGHT="41" WIDTH="91" VPOS="2795" HPOS="2215"/><SP WIDTH="41" VPOS="2798" HPOS="2307"/><String WC="0.6480000019" CONTENT="entgegnete" HEIGHT="39" WIDTH="173" VPOS="2799" HPOS="2349"/><SP WIDTH="37" VPOS="2794" HPOS="2523"/><String WC="0.7266666889" CONTENT="der" HEIGHT="35" WIDTH="52" VPOS="2794" HPOS="2561"/><SP WIDTH="23" VPOS="2796" HPOS="2614"/><String WC="0.7179999948" CONTENT="Abb^," HEIGHT="43" WIDTH="99" VPOS="2794" HPOS="2638"/><SP WIDTH="41" VPOS="2823" HPOS="2738"/><String WC="0.6549999714" CONTENT="„wer" HEIGHT="29" WIDTH="83" VPOS="2806" HPOS="2780"/><SP WIDTH="37" VPOS="2796" HPOS="2864"/><String WC="0.349999994" CONTENT="so" HEIGHT="41" WIDTH="30" VPOS="2796" HPOS="2902"/><SP WIDTH="30" VPOS="2806" HPOS="2933"/><String WC="0.7533333302" CONTENT="ein" HEIGHT="33" WIDTH="46" VPOS="2796" HPOS="2964"/></TextLine>
<TextLine HEIGHT="44" WIDTH="906" VPOS="2839" HPOS="2106"><String WC="0.5724999905" CONTENT="Kind" HEIGHT="35" WIDTH="80" VPOS="2839" HPOS="2106"/><SP WIDTH="22" VPOS="2839" HPOS="2187"/><String WC="0.9499999881" CONTENT="Louis" HEIGHT="34" WIDTH="99" VPOS="2839" HPOS="2210"/><SP WIDTH="23" VPOS="2844" HPOS="2310"/><String WC="0.7783333063" CONTENT="taufen" HEIGHT="42" WIDTH="107" VPOS="2841" HPOS="2334"/><SP WIDTH="25" VPOS="2840" HPOS="2442"/><String WC="0.7799999714" CONTENT="läßt," HEIGHT="42" WIDTH="77" VPOS="2839" HPOS="2468"/><SP WIDTH="30" VPOS="2840" HPOS="2546"/><String WC="0.5166666508" CONTENT="ist" HEIGHT="41" WIDTH="34" VPOS="2840" HPOS="2577"/><SP WIDTH="28" VPOS="2841" HPOS="2612"/><String WC="0.8119999766" CONTENT="eines" HEIGHT="33" WIDTH="84" VPOS="2840" HPOS="2641"/><SP WIDTH="23" VPOS="2846" HPOS="2726"/><String WC="0.7681818008" CONTENT="reichlichen" HEIGHT="43" WIDTH="169" VPOS="2840" HPOS="2750"/><SP WIDTH="28" VPOS="2840" HPOS="2920"/><String WC="1." CONTENT="Pa-" HEIGHT="43" WIDTH="63" VPOS="2840" HPOS="2949"/></TextLine>
<TextLine HEIGHT="44" WIDTH="894" VPOS="2884" HPOS="2105"><String WC="0.8935714364" CONTENT="thengeschenkes" HEIGHT="44" WIDTH="240" VPOS="2884" HPOS="2105"/><SP WIDTH="24" VPOS="2884" HPOS="2346"/><String WC="0.7566666603" CONTENT="des" HEIGHT="34" WIDTH="53" VPOS="2884" HPOS="2371"/><SP WIDTH="24" VPOS="2884" HPOS="2425"/><String WC="0.7720000148" CONTENT="Herrn" HEIGHT="43" WIDTH="105" VPOS="2884" HPOS="2450"/><SP WIDTH="21" VPOS="2894" HPOS="2556"/><String WC="0.4333333373" CONTENT="von" HEIGHT="23" WIDTH="61" VPOS="2895" HPOS="2578"/><SP WIDTH="24" VPOS="2886" HPOS="2640"/><String WC="0.3680000007" CONTENT="Cice," HEIGHT="39" WIDTH="81" VPOS="2885" HPOS="2665"/><SP WIDTH="23" VPOS="2896" HPOS="2747"/><String WC="0.6166666746" CONTENT="von" HEIGHT="23" WIDTH="61" VPOS="2895" HPOS="2771"/><SP WIDTH="24" VPOS="2895" HPOS="2833"/><String WC="0.5124999881" CONTENT="zehn" HEIGHT="41" WIDTH="72" VPOS="2886" HPOS="2858"/><SP WIDTH="16" VPOS="2895" HPOS="2931"/><String WC="0.3300000131" CONTENT="gol" HEIGHT="41" WIDTH="51" VPOS="2886" HPOS="2948"/></TextLine>
<TextLine HEIGHT="44" WIDTH="907" VPOS="2928" HPOS="2106"><String WC="0.9060000181" CONTENT="denen" HEIGHT="34" WIDTH="95" VPOS="2929" HPOS="2106"/><SP WIDTH="22" VPOS="2928" HPOS="2202"/><String WC="0.9219999909" CONTENT="Louis" HEIGHT="35" WIDTH="99" VPOS="2928" HPOS="2225"/><SP WIDTH="24" VPOS="2935" HPOS="2325"/><String WC="0.773999989" CONTENT="gewiß" HEIGHT="43" WIDTH="100" VPOS="2929" HPOS="2350"/><SP WIDTH="37" VPOS="2929" HPOS="2451"/><String WC="1." CONTENT="—" HEIGHT="5" WIDTH="42" VPOS="2948" HPOS="2489"/><SP WIDTH="39" VPOS="2939" HPOS="2532"/><String WC="0.7666666508" CONTENT="und" HEIGHT="34" WIDTH="62" VPOS="2929" HPOS="2572"/><SP WIDTH="22" VPOS="2929" HPOS="2635"/><String WC="0.8962500095" CONTENT="versteht" HEIGHT="41" WIDTH="128" VPOS="2930" HPOS="2658"/><SP WIDTH="27" VPOS="2930" HPOS="2787"/><String WC="0.646666646" CONTENT="Ihr" HEIGHT="42" WIDTH="68" VPOS="2930" HPOS="2815"/><SP WIDTH="34" VPOS="2940" HPOS="2884"/><String WC="0.5960000157" CONTENT="wohl," HEIGHT="41" WIDTH="94" VPOS="2930" HPOS="2919"/></TextLine>
<TextLine HEIGHT="44" WIDTH="906" VPOS="2973" HPOS="2105"><String WC="0.6374999881" CONTENT="wenn" HEIGHT="24" WIDTH="91" VPOS="2984" HPOS="2105"/><SP WIDTH="33" VPOS="2973" HPOS="2197"/><String WC="0.8339999914" CONTENT="jeder" HEIGHT="43" WIDTH="82" VPOS="2973" HPOS="2231"/><SP WIDTH="33" VPOS="2974" HPOS="2314"/><String WC="0.8399999738" CONTENT="Ludwig" HEIGHT="43" WIDTH="130" VPOS="2974" HPOS="2348"/><SP WIDTH="35" VPOS="2983" HPOS="2479"/><String WC="0.8650000095" CONTENT="zehn" HEIGHT="44" WIDTH="73" VPOS="2973" HPOS="2515"/><SP WIDTH="35" VPOS="2973" HPOS="2589"/><String WC="0.8666666746" CONTENT="bis" HEIGHT="34" WIDTH="50" VPOS="2973" HPOS="2625"/><SP WIDTH="35" VPOS="2979" HPOS="2676"/><String WC="0.5728571415" CONTENT="zwanzig" HEIGHT="43" WIDTH="136" VPOS="2973" HPOS="2712"/><SP WIDTH="35" VPOS="2984" HPOS="2849"/><String WC="0.4914285839" CONTENT="goldene" HEIGHT="42" WIDTH="126" VPOS="2974" HPOS="2885"/></TextLine>
<TextLine HEIGHT="43" WIDTH="446" VPOS="3018" HPOS="2105"><String WC="0.7860000134" CONTENT="Louis" HEIGHT="35" WIDTH="99" VPOS="3018" HPOS="2105"/><SP WIDTH="24" VPOS="3024" HPOS="2205"/><String WC="0.823333323" CONTENT="einträgt," HEIGHT="42" WIDTH="144" VPOS="3019" HPOS="2230"/><SP WIDTH="23" VPOS="3019" HPOS="2375"/><String WC="0.7049999833" CONTENT="so" HEIGHT="41" WIDTH="30" VPOS="3019" HPOS="2399"/><SP WIDTH="26" VPOS="3029" HPOS="2430"/><String WC="1." CONTENT="." HEIGHT="6" WIDTH="5" VPOS="3047" HPOS="2457"/><SP WIDTH="26" VPOS="3047" HPOS="2463"/><String WC="1." CONTENT="." HEIGHT="6" WIDTH="6" VPOS="3047" HPOS="2490"/><SP WIDTH="25" VPOS="3046" HPOS="2497"/><String WC="1." CONTENT=".&quot;" HEIGHT="30" WIDTH="28" VPOS="3022" HPOS="2523"/></TextLine>
<TextLine HEIGHT="45" WIDTH="797" VPOS="3062" HPOS="2213"><String WC="0.8333333135" CONTENT="Der" HEIGHT="34" WIDTH="67" VPOS="3064" HPOS="2213"/><SP WIDTH="12" VPOS="3064" HPOS="2281"/><String WC="0.9039999843" CONTENT="Jäger" HEIGHT="42" WIDTH="104" VPOS="3064" HPOS="2294"/><SP WIDTH="13" VPOS="3064" HPOS="2399"/><String WC="0.7300000191" CONTENT="lachte" HEIGHT="43" WIDTH="89" VPOS="3063" HPOS="2413"/><SP WIDTH="12" VPOS="3073" HPOS="2503"/><String WC="0.7549999952" CONTENT="noch" HEIGHT="44" WIDTH="70" VPOS="3062" HPOS="2516"/><SP WIDTH="6" VPOS="3062" HPOS="2587"/><String WC="0.8470000029" CONTENT="herzlicher" HEIGHT="44" WIDTH="158" VPOS="3063" HPOS="2594"/><SP WIDTH="13" VPOS="3074" HPOS="2753"/><String WC="1." CONTENT="als" HEIGHT="34" WIDTH="50" VPOS="3063" HPOS="2767"/><SP WIDTH="13" VPOS="3068" HPOS="2818"/><String WC="0.5939999819" CONTENT="zuvor" HEIGHT="33" WIDTH="95" VPOS="3073" HPOS="2832"/><SP WIDTH="7" VPOS="3073" HPOS="2928"/><String WC="1." CONTENT="-" HEIGHT="5" WIDTH="5" VPOS="3078" HPOS="2936"/><SP WIDTH="14" VPOS="3063" HPOS="2942"/><String WC="0.5533333421" CONTENT="der" HEIGHT="33" WIDTH="53" VPOS="3063" HPOS="2957"/></TextLine>
<TextLine HEIGHT="44" WIDTH="904" VPOS="3107" HPOS="2105"><String WC="0.4225000143" CONTENT="Abbe" HEIGHT="35" WIDTH="89" VPOS="3107" HPOS="2105"/><SP WIDTH="16" VPOS="3118" HPOS="2195"/><String WC="0.8874999881" CONTENT="aber" HEIGHT="34" WIDTH="73" VPOS="3107" HPOS="2212"/><SP WIDTH="16" VPOS="3118" HPOS="2286"/><String WC="0.6722221971" CONTENT="erzählte," HEIGHT="43" WIDTH="141" VPOS="3108" HPOS="2303"/><SP WIDTH="18" VPOS="3118" HPOS="2445"/><String WC="0.7950000167" CONTENT="zutraulicher" HEIGHT="43" WIDTH="200" VPOS="3108" HPOS="2464"/><SP WIDTH="23" VPOS="3118" HPOS="2665"/><String WC="0.6777777672" CONTENT="geworden," HEIGHT="41" WIDTH="172" VPOS="3109" HPOS="2689"/><SP WIDTH="22" VPOS="3118" HPOS="2862"/><String WC="0.6142857075" CONTENT="weiter:" HEIGHT="34" WIDTH="124" VPOS="3108" HPOS="2885"/></TextLine>
<TextLine HEIGHT="43" WIDTH="790" VPOS="3152" HPOS="2215"><String WC="0.9250000119" CONTENT="„Der" HEIGHT="41" WIDTH="87" VPOS="3153" HPOS="2215"/><SP WIDTH="23" VPOS="3163" HPOS="2303"/><String WC="0.9549999833" CONTENT="andere" HEIGHT="33" WIDTH="111" VPOS="3153" HPOS="2327"/><SP WIDTH="23" VPOS="3153" HPOS="2439"/><String WC="0.6616666913" CONTENT="Fehler" HEIGHT="43" WIDTH="112" VPOS="3152" HPOS="2463"/><SP WIDTH="24" VPOS="3153" HPOS="2576"/><String WC="1." CONTENT="des" HEIGHT="34" WIDTH="54" VPOS="3153" HPOS="2601"/><SP WIDTH="18" VPOS="3153" HPOS="2656"/><String WC="0.8914285898" CONTENT="Marquis" HEIGHT="42" WIDTH="155" VPOS="3153" HPOS="2675"/><SP WIDTH="24" VPOS="3158" HPOS="2831"/><String WC="0.473333329" CONTENT="von" HEIGHT="24" WIDTH="60" VPOS="3163" HPOS="2856"/><SP WIDTH="17" VPOS="3155" HPOS="2917"/><String WC="0.6600000262" CONTENT="Cic»&apos;" HEIGHT="34" WIDTH="70" VPOS="3153" HPOS="2935"/></TextLine>
<TextLine HEIGHT="44" WIDTH="900" VPOS="3197" HPOS="2104"><String WC="1." CONTENT="ist" HEIGHT="43" WIDTH="35" VPOS="3197" HPOS="2104"/><SP WIDTH="24" VPOS="3201" HPOS="2140"/><String WC="0.6549999714" CONTENT="aber" HEIGHT="33" WIDTH="73" VPOS="3198" HPOS="2165"/><SP WIDTH="21" VPOS="3198" HPOS="2239"/><String WC="0.7950000167" CONTENT="sein" HEIGHT="43" WIDTH="62" VPOS="3198" HPOS="2261"/><SP WIDTH="22" VPOS="3208" HPOS="2324"/><String WC="0.7074999809" CONTENT="mitunter" HEIGHT="34" WIDTH="146" VPOS="3197" HPOS="2347"/><SP WIDTH="23" VPOS="3198" HPOS="2494"/><String WC="0.7549999952" CONTENT="sehr" HEIGHT="41" WIDTH="65" VPOS="3198" HPOS="2518"/><SP WIDTH="26" VPOS="3197" HPOS="2584"/><String WC="0.7900000215" CONTENT="lächerlicher" HEIGHT="43" WIDTH="186" VPOS="3197" HPOS="2611"/><SP WIDTH="23" VPOS="3198" HPOS="2798"/><String WC="0.4300000072" CONTENT="Ahnenstolz" HEIGHT="41" WIDTH="182" VPOS="3198" HPOS="2822"/></TextLine>
<TextLine HEIGHT="44" WIDTH="905" VPOS="3241" HPOS="2104"><String WC="1." CONTENT="und" HEIGHT="34" WIDTH="61" VPOS="3242" HPOS="2104"/><SP WIDTH="24" VPOS="3242" HPOS="2166"/><String WC="0.8424999714" CONTENT="wenn" HEIGHT="24" WIDTH="90" VPOS="3252" HPOS="2191"/><SP WIDTH="20" VPOS="3242" HPOS="2282"/><String WC="0.9166666865" CONTENT="ich" HEIGHT="44" WIDTH="41" VPOS="3241" HPOS="2303"/><SP WIDTH="28" VPOS="3241" HPOS="2345"/><String WC="0.8579999804" CONTENT="seine" HEIGHT="40" WIDTH="77" VPOS="3242" HPOS="2374"/><SP WIDTH="24" VPOS="3252" HPOS="2452"/><String WC="0.7049999833" CONTENT="zwei" HEIGHT="42" WIDTH="73" VPOS="3242" HPOS="2477"/><SP WIDTH="15" VPOS="3241" HPOS="2551"/><String WC="0.853333354" CONTENT="blühenden" HEIGHT="44" WIDTH="170" VPOS="3241" HPOS="2567"/><SP WIDTH="12" VPOS="3243" HPOS="2738"/><String WC="0.7337499857" CONTENT="Töchter," HEIGHT="42" WIDTH="136" VPOS="3242" HPOS="2751"/><SP WIDTH="13" VPOS="3242" HPOS="2888"/><String WC="0.5716666579" CONTENT="Louise" HEIGHT="40" WIDTH="107" VPOS="3242" HPOS="2902"/></TextLine>
<TextLine HEIGHT="44" WIDTH="904" VPOS="3286" HPOS="2104"><String WC="0.926666677" CONTENT="und" HEIGHT="34" WIDTH="61" VPOS="3286" HPOS="2104"/><SP WIDTH="22" VPOS="3286" HPOS="2166"/><String WC="0.7537500262" CONTENT="Blanche," HEIGHT="44" WIDTH="146" VPOS="3286" HPOS="2189"/><SP WIDTH="37" VPOS="3286" HPOS="2336"/><String WC="0.8700000048" CONTENT="betrachte" HEIGHT="43" WIDTH="147" VPOS="3286" HPOS="2374"/><SP WIDTH="23" VPOS="3297" HPOS="2522"/><String WC="0.6966666579" CONTENT="und" HEIGHT="34" WIDTH="61" VPOS="3286" HPOS="2546"/><SP WIDTH="23" VPOS="3286" HPOS="2608"/><String WC="1." CONTENT="mir" HEIGHT="33" WIDTH="59" VPOS="3287" HPOS="2632"/><SP WIDTH="23" VPOS="3287" HPOS="2692"/><String WC="0.698333323" CONTENT="denke," HEIGHT="40" WIDTH="95" VPOS="3287" HPOS="2716"/><SP WIDTH="35" VPOS="3287" HPOS="2812"/><String WC="0.7033333182" CONTENT="daß" HEIGHT="43" WIDTH="60" VPOS="3286" HPOS="2848"/><SP WIDTH="24" VPOS="3286" HPOS="2909"/><String WC="0.6140000224" CONTENT="diese" HEIGHT="41" WIDTH="74" VPOS="3287" HPOS="2934"/></TextLine>
<TextLine HEIGHT="44" WIDTH="900" VPOS="3331" HPOS="2104"><String WC="0.7900000215" CONTENT="frischen" HEIGHT="44" WIDTH="123" VPOS="3331" HPOS="2104"/><SP WIDTH="23" VPOS="3332" HPOS="2228"/><String WC="0.8183333278" CONTENT="Kinder" HEIGHT="34" WIDTH="114" VPOS="3332" HPOS="2252"/><SP WIDTH="15" VPOS="3331" HPOS="2367"/><String WC="0.5633333325" CONTENT="der" HEIGHT="34" WIDTH="52" VPOS="3331" HPOS="2383"/><SP WIDTH="24" VPOS="3332" HPOS="2436"/><String WC="0.8399999738" CONTENT="Natur," HEIGHT="40" WIDTH="116" VPOS="3332" HPOS="2461"/><SP WIDTH="38" VPOS="3341" HPOS="2578"/><String WC="0.7233333588" CONTENT="nur" HEIGHT="24" WIDTH="59" VPOS="3341" HPOS="2617"/><SP WIDTH="39" VPOS="3341" HPOS="2677"/><String WC="0.7599999905" CONTENT="au" HEIGHT="23" WIDTH="39" VPOS="3341" HPOS="2717"/><SP WIDTH="22" VPOS="3331" HPOS="2757"/><String WC="0.6999999881" CONTENT="irgend" HEIGHT="42" WIDTH="106" VPOS="3331" HPOS="2780"/><SP WIDTH="30" VPOS="3331" HPOS="2887"/><String WC="0.5799999833" CONTENT="einen" HEIGHT="33" WIDTH="86" VPOS="3332" HPOS="2918"/></TextLine>
<TextLine HEIGHT="43" WIDTH="904" VPOS="3376" HPOS="2103"><String WC="0.8159999847" CONTENT="verdorrten" HEIGHT="33" WIDTH="181" VPOS="3377" HPOS="2103"/><SP WIDTH="23" VPOS="3377" HPOS="2285"/><String WC="0.6420000196" CONTENT="Zweig" HEIGHT="43" WIDTH="107" VPOS="3376" HPOS="2309"/><SP WIDTH="25" VPOS="3386" HPOS="2417"/><String WC="0.7139999866" CONTENT="eines" HEIGHT="34" WIDTH="83" VPOS="3376" HPOS="2443"/><SP WIDTH="24" VPOS="3381" HPOS="2527"/><String WC="0.5379999876" CONTENT="alten" HEIGHT="33" WIDTH="81" VPOS="3376" HPOS="2552"/><SP WIDTH="36" VPOS="3377" HPOS="2634"/><String WC="0.6175000072" CONTENT="Stammbaumes," HEIGHT="40" WIDTH="272" VPOS="3377" HPOS="2671"/><SP WIDTH="22" VPOS="3376" HPOS="2944"/><String WC="1." CONTENT="ir-" HEIGHT="33" WIDTH="40" VPOS="3376" HPOS="2967"/></TextLine>
<TextLine HEIGHT="44" WIDTH="900" VPOS="3420" HPOS="2105"><String WC="0.8650000095" CONTENT="gend" HEIGHT="44" WIDTH="76" VPOS="3420" HPOS="2105"/><SP WIDTH="24" VPOS="3420" HPOS="2182"/><String WC="0.7340000272" CONTENT="eines" HEIGHT="33" WIDTH="83" VPOS="3421" HPOS="2207"/><SP WIDTH="23" VPOS="3423" HPOS="2291"/><String WC="0.6549999714" CONTENT="halblahmen" HEIGHT="44" WIDTH="198" VPOS="3420" HPOS="2315"/><SP WIDTH="22" VPOS="3420" HPOS="2514"/><String WC="0.7835714221" CONTENT="Land-Edelmanns" HEIGHT="35" WIDTH="295" VPOS="3420" HPOS="2537"/><SP WIDTH="39" VPOS="3428" HPOS="2833"/><String WC="0.612857163" CONTENT="gehängt" HEIGHT="41" WIDTH="132" VPOS="3422" HPOS="2873"/></TextLine>
<TextLine HEIGHT="43" WIDTH="902" VPOS="3465" HPOS="2103"><String WC="0.7416666746" CONTENT="werden" HEIGHT="35" WIDTH="122" VPOS="3465" HPOS="2103"/><SP WIDTH="24" VPOS="3466" HPOS="2226"/><String WC="0.7557142973" CONTENT="sollen," HEIGHT="42" WIDTH="104" VPOS="3466" HPOS="2251"/><SP WIDTH="22" VPOS="3476" HPOS="2356"/><String WC="0.8025000095" CONTENT="weil" HEIGHT="33" WIDTH="71" VPOS="3466" HPOS="2379"/><SP WIDTH="24" VPOS="3465" HPOS="2451"/><String WC="0.8066666722" CONTENT="das" HEIGHT="34" WIDTH="58" VPOS="3465" HPOS="2476"/><SP WIDTH="23" VPOS="3465" HPOS="2535"/><String WC="0.7425000072" CONTENT="Vermögen" HEIGHT="42" WIDTH="175" VPOS="3465" HPOS="2559"/><SP WIDTH="37" VPOS="3465" HPOS="2735"/><String WC="0.8659999967" CONTENT="ihres" HEIGHT="43" WIDTH="85" VPOS="3465" HPOS="2773"/><SP WIDTH="27" VPOS="3466" HPOS="2859"/><String WC="0.521666646" CONTENT="Vaters" HEIGHT="33" WIDTH="118" VPOS="3466" HPOS="2887"/></TextLine>
<TextLine HEIGHT="44" WIDTH="890" VPOS="3509" HPOS="2103"><String WC="1." CONTENT="sie" HEIGHT="41" WIDTH="39" VPOS="3510" HPOS="2103"/><SP WIDTH="24" VPOS="3521" HPOS="2143"/><String WC="0.6899999976" CONTENT="zu" HEIGHT="33" WIDTH="35" VPOS="3520" HPOS="2168"/><SP WIDTH="24" VPOS="3520" HPOS="2204"/><String WC="0.726000011" CONTENT="einem" HEIGHT="34" WIDTH="96" VPOS="3510" HPOS="2229"/><SP WIDTH="23" VPOS="3520" HPOS="2326"/><String WC="0.800999999" CONTENT="glänzenden" HEIGHT="43" WIDTH="186" VPOS="3510" HPOS="2350"/><SP WIDTH="35" VPOS="3510" HPOS="2537"/><String WC="0.7144444585" CONTENT="Auftreten" HEIGHT="42" WIDTH="160" VPOS="3510" HPOS="2573"/><SP WIDTH="31" VPOS="3510" HPOS="2734"/><String WC="0.7699999809" CONTENT="in" HEIGHT="33" WIDTH="32" VPOS="3510" HPOS="2766"/><SP WIDTH="38" VPOS="3509" HPOS="2799"/><String WC="0.6966666579" CONTENT="der" HEIGHT="34" WIDTH="51" VPOS="3509" HPOS="2838"/><SP WIDTH="24" VPOS="3510" HPOS="2890"/><String WC="0.3149999976" CONTENT="Welt" HEIGHT="33" WIDTH="78" VPOS="3510" HPOS="2915"/></TextLine>
<TextLine HEIGHT="43" WIDTH="901" VPOS="3554" HPOS="2103"><String WC="0.8960000277" CONTENT="stadt" HEIGHT="42" WIDTH="77" VPOS="3555" HPOS="2103"/><SP WIDTH="22" VPOS="3555" HPOS="2181"/><String WC="0.9079999924" CONTENT="Paris" HEIGHT="42" WIDTH="102" VPOS="3555" HPOS="2204"/><SP WIDTH="24" VPOS="3560" HPOS="2307"/><String WC="0.8920000196" CONTENT="nicht" HEIGHT="42" WIDTH="76" VPOS="3555" HPOS="2332"/><SP WIDTH="21" VPOS="3555" HPOS="2409"/><String WC="0.7411110997" CONTENT="befähigt," HEIGHT="43" WIDTH="148" VPOS="3554" HPOS="2431"/><SP WIDTH="39" VPOS="3555" HPOS="2580"/><String WC="0.6650000215" CONTENT="so" HEIGHT="41" WIDTH="31" VPOS="3555" HPOS="2620"/><SP WIDTH="24" VPOS="3554" HPOS="2652"/><String WC="0.7362499833" CONTENT="schmerzt" HEIGHT="42" WIDTH="137" VPOS="3554" HPOS="2677"/><SP WIDTH="38" VPOS="3559" HPOS="2815"/><String WC="0.9250000119" CONTENT="es" HEIGHT="27" WIDTH="32" VPOS="3560" HPOS="2854"/><SP WIDTH="34" VPOS="3560" HPOS="2887"/><String WC="0.6999999881" CONTENT="mich," HEIGHT="38" WIDTH="82" VPOS="3554" HPOS="2922"/></TextLine>
<TextLine HEIGHT="43" WIDTH="902" VPOS="3599" HPOS="2103"><String WC="0.7599999905" CONTENT="daß" HEIGHT="42" WIDTH="59" VPOS="3599" HPOS="2103"/><SP WIDTH="24" VPOS="3599" HPOS="2163"/><String WC="0.9200000167" CONTENT="ich" HEIGHT="43" WIDTH="40" VPOS="3599" HPOS="2188"/><SP WIDTH="22" VPOS="3599" HPOS="2229"/><String WC="0.6966666579" CONTENT="von" HEIGHT="24" WIDTH="62" VPOS="3609" HPOS="2252"/><SP WIDTH="22" VPOS="3610" HPOS="2315"/><String WC="0.8716666698" CONTENT="meinem" HEIGHT="34" WIDTH="129" VPOS="3600" HPOS="2338"/><SP WIDTH="23" VPOS="3599" HPOS="2468"/><String WC="0.7390909195" CONTENT="Standpunkte" HEIGHT="41" WIDTH="218" VPOS="3599" HPOS="2492"/><SP WIDTH="23" VPOS="3609" HPOS="2711"/><String WC="0.8075000048" CONTENT="aus," HEIGHT="35" WIDTH="70" VPOS="3604" HPOS="2735"/><SP WIDTH="24" VPOS="3609" HPOS="2806"/><String WC="0.8166666627" CONTENT="als" HEIGHT="32" WIDTH="49" VPOS="3599" HPOS="2831"/><SP WIDTH="22" VPOS="3604" HPOS="2881"/><String WC="0.6779999733" CONTENT="armer" HEIGHT="23" WIDTH="101" VPOS="3608" HPOS="2904"/></TextLine>
<TextLine HEIGHT="44" WIDTH="899" VPOS="3643" HPOS="2101"><String WC="0.7674999833" CONTENT="Landgeistlicher," HEIGHT="43" WIDTH="261" VPOS="3644" HPOS="2101"/><SP WIDTH="22" VPOS="3655" HPOS="2363"/><String WC="0.9399999976" CONTENT="nicht" HEIGHT="43" WIDTH="77" VPOS="3644" HPOS="2386"/><SP WIDTH="22" VPOS="3643" HPOS="2464"/><String WC="0.7533333302" CONTENT="besser" HEIGHT="43" WIDTH="94" VPOS="3643" HPOS="2487"/><SP WIDTH="22" VPOS="3644" HPOS="2582"/><String WC="0.6066666842" CONTENT="für" HEIGHT="42" WIDTH="53" VPOS="3644" HPOS="2605"/><SP WIDTH="21" VPOS="3643" HPOS="2659"/><String WC="0.7933333516" CONTENT="sie" HEIGHT="38" WIDTH="38" VPOS="3643" HPOS="2681"/><SP WIDTH="27" VPOS="3644" HPOS="2720"/><String WC="0.6833333373" CONTENT="sorgen" HEIGHT="41" WIDTH="107" VPOS="3644" HPOS="2748"/><SP WIDTH="37" VPOS="3643" HPOS="2856"/><String WC="0.6000000238" CONTENT="kann.&quot;" HEIGHT="33" WIDTH="106" VPOS="3643" HPOS="2894"/></TextLine>
<TextLine HEIGHT="45" WIDTH="796" VPOS="3687" HPOS="2208"><String WC="0.8159999847" CONTENT="Jetzt" HEIGHT="43" WIDTH="82" VPOS="3689" HPOS="2208"/><SP WIDTH="23" VPOS="3689" HPOS="2291"/><String WC="0.8714285493" CONTENT="lenkten" HEIGHT="33" WIDTH="113" VPOS="3689" HPOS="2315"/><SP WIDTH="37" VPOS="3688" HPOS="2429"/><String WC="0.8333333135" CONTENT="die" HEIGHT="34" WIDTH="46" VPOS="3688" HPOS="2467"/><SP WIDTH="23" VPOS="3688" HPOS="2514"/><String WC="0.7183333039" CONTENT="beiden" HEIGHT="34" WIDTH="104" VPOS="3688" HPOS="2538"/><SP WIDTH="24" VPOS="3688" HPOS="2643"/><String WC="0.7883333564" CONTENT="Männer" HEIGHT="33" WIDTH="142" VPOS="3688" HPOS="2668"/><SP WIDTH="35" VPOS="3687" HPOS="2811"/><String WC="0.5849999785" CONTENT="in" HEIGHT="33" WIDTH="32" VPOS="3687" HPOS="2847"/><SP WIDTH="38" VPOS="3697" HPOS="2880"/><String WC="0.7620000243" CONTENT="einen" HEIGHT="33" WIDTH="85" VPOS="3687" HPOS="2919"/></TextLine>
<TextLine HEIGHT="45" WIDTH="902" VPOS="3731" HPOS="2101"><String WC="0.7928571701" CONTENT="Hohlweg" HEIGHT="44" WIDTH="153" VPOS="3732" HPOS="2101"/><SP WIDTH="24" VPOS="3733" HPOS="2255"/><String WC="1." CONTENT="des" HEIGHT="34" WIDTH="53" VPOS="3733" HPOS="2280"/><SP WIDTH="24" VPOS="3733" HPOS="2334"/><String WC="0.8949999809" CONTENT="Waldes" HEIGHT="34" WIDTH="128" VPOS="3733" HPOS="2359"/><SP WIDTH="29" VPOS="3738" HPOS="2488"/><String WC="0.8224999905" CONTENT="ein," HEIGHT="39" WIDTH="58" VPOS="3733" HPOS="2518"/><SP WIDTH="38" VPOS="3741" HPOS="2577"/><String WC="0.8271428347" CONTENT="welcher" HEIGHT="43" WIDTH="123" VPOS="3732" HPOS="2616"/><SP WIDTH="36" VPOS="3742" HPOS="2740"/><String WC="0.7620000243" CONTENT="neben" HEIGHT="34" WIDTH="96" VPOS="3731" HPOS="2777"/><SP WIDTH="34" VPOS="3742" HPOS="2874"/><String WC="0.925999999" CONTENT="einem" HEIGHT="33" WIDTH="94" VPOS="3732" HPOS="2909"/></TextLine>
<TextLine HEIGHT="44" WIDTH="544" VPOS="3777" HPOS="2100"><String WC="0.7900000215" CONTENT="kegelförmigen" HEIGHT="43" WIDTH="233" VPOS="3778" HPOS="2100"/><SP WIDTH="22" VPOS="3777" HPOS="2334"/><String WC="0.7519999743" CONTENT="Hügel" HEIGHT="44" WIDTH="104" VPOS="3777" HPOS="2357"/><SP WIDTH="23" VPOS="3777" HPOS="2462"/><String WC="0.7459999919" CONTENT="hinablief." HEIGHT="43" WIDTH="158" VPOS="3777" HPOS="2486"/></TextLine>
<TextLine HEIGHT="47" WIDTH="792" VPOS="3821" HPOS="2208"><String WC="0.4233333468" CONTENT="Auf" HEIGHT="45" WIDTH="64" VPOS="3823" HPOS="2208"/><SP WIDTH="23" VPOS="3823" HPOS="2273"/><String WC="0.9111111164" CONTENT="letzterem" HEIGHT="42" WIDTH="144" VPOS="3823" HPOS="2297"/><SP WIDTH="23" VPOS="3823" HPOS="2442"/><String WC="0.6257143021" CONTENT="standen" HEIGHT="40" WIDTH="123" VPOS="3822" HPOS="2466"/><SP WIDTH="22" VPOS="3832" HPOS="2590"/><String WC="0.8142856956" CONTENT="mehrere" HEIGHT="42" WIDTH="135" VPOS="3821" HPOS="2613"/><SP WIDTH="11" VPOS="3822" HPOS="2749"/><String WC="0.6408333182" CONTENT="Olivenbäume," HEIGHT="38" WIDTH="239" VPOS="3821" HPOS="2761"/></TextLine>
<TextLine HEIGHT="43" WIDTH="896" VPOS="3866" HPOS="2100"><String WC="0.7933333516" CONTENT="und" HEIGHT="34" WIDTH="61" VPOS="3867" HPOS="2100"/><SP WIDTH="23" VPOS="3866" HPOS="2162"/><String WC="0.8666666746" CONTENT="die" HEIGHT="34" WIDTH="46" VPOS="3866" HPOS="2186"/><SP WIDTH="24" VPOS="3868" HPOS="2233"/><String WC="0.6150000095" CONTENT="beiden" HEIGHT="33" WIDTH="105" VPOS="3867" HPOS="2258"/><SP WIDTH="22" VPOS="3867" HPOS="2364"/><String WC="0.7837499976" CONTENT="Wanderer" HEIGHT="35" WIDTH="170" VPOS="3866" HPOS="2387"/><SP WIDTH="23" VPOS="3867" HPOS="2558"/><String WC="0.8028571606" CONTENT="hielten" HEIGHT="43" WIDTH="111" VPOS="3866" HPOS="2582"/><SP WIDTH="24" VPOS="3866" HPOS="2694"/><String WC="0.7419999838" CONTENT="ihren" HEIGHT="43" WIDTH="86" VPOS="3866" HPOS="2719"/><SP WIDTH="16" VPOS="3867" HPOS="2806"/><String WC="0.5159999728" CONTENT="Athem" HEIGHT="40" WIDTH="109" VPOS="3867" HPOS="2823"/><SP WIDTH="24" VPOS="3875" HPOS="2933"/><String WC="0.7699999809" CONTENT="an" HEIGHT="21" WIDTH="38" VPOS="3875" HPOS="2958"/></TextLine>
<TextLine HEIGHT="42" WIDTH="337" VPOS="3911" HPOS="2100"><String WC="0.7233333588" CONTENT="und" HEIGHT="34" WIDTH="61" VPOS="3911" HPOS="2100"/><SP WIDTH="23" VPOS="3911" HPOS="2162"/><String WC="0.6842857003" CONTENT="blieben" HEIGHT="34" WIDTH="119" VPOS="3911" HPOS="2186"/><SP WIDTH="23" VPOS="3912" HPOS="2306"/><String WC="0.6728571653" CONTENT="stehen." HEIGHT="42" WIDTH="107" VPOS="3911" HPOS="2330"/></TextLine>
<TextLine HEIGHT="39" WIDTH="790" VPOS="3951" HPOS="2211"><String WC="1." CONTENT="An" HEIGHT="32" WIDTH="49" VPOS="3957" HPOS="2211"/><SP WIDTH="24" VPOS="3966" HPOS="2261"/><String WC="0.8899999857" CONTENT="einem" HEIGHT="34" WIDTH="96" VPOS="3955" HPOS="2286"/><SP WIDTH="39" VPOS="3956" HPOS="2383"/><String WC="0.6000000238" CONTENT="der" HEIGHT="33" WIDTH="51" VPOS="3956" HPOS="2423"/><SP WIDTH="21" VPOS="3956" HPOS="2475"/><String WC="0.699090898" CONTENT="Olivenbäume" HEIGHT="36" WIDTH="229" VPOS="3954" HPOS="2497"/><SP WIDTH="38" VPOS="3964" HPOS="2727"/><String WC="0.8500000238" CONTENT="war" HEIGHT="23" WIDTH="67" VPOS="3964" HPOS="2766"/><SP WIDTH="23" VPOS="3963" HPOS="2834"/><String WC="0.625" CONTENT="eben" HEIGHT="33" WIDTH="71" VPOS="3952" HPOS="2858"/><SP WIDTH="23" VPOS="3961" HPOS="2930"/><String WC="0.75" CONTENT="ein" HEIGHT="33" WIDTH="47" VPOS="3951" HPOS="2954"/></TextLine>
<TextLine HEIGHT="47" WIDTH="899" VPOS="3996" HPOS="2099"><String WC="0.582857132" CONTENT="junger," HEIGHT="44" WIDTH="118" VPOS="3999" HPOS="2099"/><SP WIDTH="23" VPOS="4010" HPOS="2218"/><String WC="0.8249999881" CONTENT="etwa" HEIGHT="29" WIDTH="79" VPOS="4005" HPOS="2242"/><SP WIDTH="11" VPOS="4000" HPOS="2322"/><String WC="0.603333354" CONTENT="sechzehn-" HEIGHT="42" WIDTH="147" VPOS="4000" HPOS="2334"/><SP WIDTH="14" VPOS="4010" HPOS="2482"/><String WC="0.7149999738" CONTENT="oder" HEIGHT="33" WIDTH="71" VPOS="4000" HPOS="2497"/><SP WIDTH="11" VPOS="4000" HPOS="2569"/><String WC="0.5774999857" CONTENT="siebzehnjähriger" HEIGHT="43" WIDTH="270" VPOS="3998" HPOS="2581"/><SP WIDTH="18" VPOS="3996" HPOS="2852"/><String WC="0.6071428657" CONTENT="Bursche" HEIGHT="41" WIDTH="127" VPOS="3996" HPOS="2871"/></TextLine>
<TextLine HEIGHT="47" WIDTH="901" VPOS="4040" HPOS="2099"><String WC="1." CONTENT="mit" HEIGHT="34" WIDTH="55" VPOS="4044" HPOS="2099"/><SP WIDTH="22" VPOS="4045" HPOS="2155"/><String WC="0.7271428704" CONTENT="schönen" HEIGHT="42" WIDTH="122" VPOS="4045" HPOS="2178"/><SP WIDTH="25" VPOS="4045" HPOS="2301"/><String WC="0.6092307568" CONTENT="Gesichtszügen" HEIGHT="43" WIDTH="235" VPOS="4044" HPOS="2327"/><SP WIDTH="24" VPOS="4053" HPOS="2563"/><String WC="0.5500000119" CONTENT="und" HEIGHT="32" WIDTH="60" VPOS="4044" HPOS="2588"/><SP WIDTH="23" VPOS="4044" HPOS="2649"/><String WC="0.4633333385" CONTENT="von" HEIGHT="22" WIDTH="59" VPOS="4052" HPOS="2673"/><SP WIDTH="24" VPOS="4042" HPOS="2733"/><String WC="0.7509999871" CONTENT="schlanker," HEIGHT="41" WIDTH="154" VPOS="4041" HPOS="2758"/><SP WIDTH="35" VPOS="4040" HPOS="2913"/><String WC="0.4933333397" CONTENT="für" HEIGHT="42" WIDTH="51" VPOS="4040" HPOS="2949"/></TextLine>
<TextLine HEIGHT="48" WIDTH="899" VPOS="4084" HPOS="2099"><String WC="0.7839999795" CONTENT="seine" HEIGHT="41" WIDTH="76" VPOS="4089" HPOS="2099"/><SP WIDTH="27" VPOS="4090" HPOS="2176"/><String WC="0.6566666961" CONTENT="Jugend" HEIGHT="44" WIDTH="130" VPOS="4088" HPOS="2204"/><SP WIDTH="37" VPOS="4088" HPOS="2335"/><String WC="0.6200000048" CONTENT="viel" HEIGHT="33" WIDTH="60" VPOS="4089" HPOS="2373"/><SP WIDTH="38" VPOS="4089" HPOS="2434"/><String WC="0.3000000119" CONTENT="zu" HEIGHT="32" WIDTH="36" VPOS="4098" HPOS="2473"/><SP WIDTH="34" VPOS="4089" HPOS="2510"/><String WC="0.6588888764" CONTENT="kräftiger" HEIGHT="41" WIDTH="140" VPOS="4087" HPOS="2545"/><SP WIDTH="23" VPOS="4086" HPOS="2686"/><String WC="0.5928571224" CONTENT="Gestalt" HEIGHT="40" WIDTH="119" VPOS="4085" HPOS="2710"/><SP WIDTH="37" VPOS="4091" HPOS="2830"/><String WC="0.6533333063" CONTENT="wie" HEIGHT="33" WIDTH="56" VPOS="4084" HPOS="2868"/><SP WIDTH="24" VPOS="4094" HPOS="2925"/><String WC="0.5833333135" CONTENT="ein" HEIGHT="33" WIDTH="48" VPOS="4085" HPOS="2950"/></TextLine>
<TextLine HEIGHT="48" WIDTH="900" VPOS="4128" HPOS="2098"><String WC="0.9166666865" CONTENT="Apoll," HEIGHT="42" WIDTH="105" VPOS="4133" HPOS="2098"/><SP WIDTH="24" VPOS="4132" HPOS="2204"/><String WC="0.6181818247" CONTENT="beschäftigt" HEIGHT="44" WIDTH="170" VPOS="4132" HPOS="2229"/><SP WIDTH="37" VPOS="4138" HPOS="2400"/><String WC="0.8700000048" CONTENT="mit" HEIGHT="33" WIDTH="54" VPOS="4132" HPOS="2438"/><SP WIDTH="37" VPOS="4137" HPOS="2493"/><String WC="0.8360000253" CONTENT="einem" HEIGHT="24" WIDTH="94" VPOS="4140" HPOS="2531"/><SP WIDTH="38" VPOS="4129" HPOS="2626"/><String WC="0.4300000072" CONTENT="kleinen" HEIGHT="34" WIDTH="113" VPOS="4128" HPOS="2665"/><SP WIDTH="29" VPOS="4129" HPOS="2779"/><String WC="0.4900000095" CONTENT="Messer" HEIGHT="40" WIDTH="117" VPOS="4129" HPOS="2809"/><SP WIDTH="23" VPOS="4139" HPOS="2927"/><String WC="0.5266666412" CONTENT="ein" HEIGHT="33" WIDTH="47" VPOS="4129" HPOS="2951"/></TextLine>
<TextLine HEIGHT="47" WIDTH="898" VPOS="4173" HPOS="2099"><String WC="0.8349999785" CONTENT="großes" HEIGHT="43" WIDTH="114" VPOS="4177" HPOS="2099"/><SP WIDTH="67" VPOS="4181" HPOS="2214"/><String WC="0.3199999928" CONTENT="und" HEIGHT="33" WIDTH="61" VPOS="4177" HPOS="2282"/><SP WIDTH="78" VPOS="4176" HPOS="2344"/><String WC="0.8550000191" CONTENT="in" HEIGHT="33" WIDTH="31" VPOS="4176" HPOS="2423"/><SP WIDTH="23" VPOS="4176" HPOS="2455"/><String WC="0.6533333063" CONTENT="die" HEIGHT="33" WIDTH="44" VPOS="4175" HPOS="2479"/><SP WIDTH="25" VPOS="4175" HPOS="2524"/><String WC="0.7519999743" CONTENT="Rinde" HEIGHT="34" WIDTH="100" VPOS="4173" HPOS="2550"/><SP WIDTH="34" VPOS="4173" HPOS="2651"/><String WC="0.6533333063" CONTENT="des" HEIGHT="33" WIDTH="53" VPOS="4173" HPOS="2686"/><SP WIDTH="28" VPOS="4173" HPOS="2740"/><String WC="0.574285686" CONTENT="Bannies" HEIGHT="35" WIDTH="143" VPOS="4173" HPOS="2769"/><SP WIDTH="25" VPOS="4179" HPOS="2913"/><String WC="0.3224999905" CONTENT="ein-" HEIGHT="33" WIDTH="58" VPOS="4174" HPOS="2939"/></TextLine>
<TextLine HEIGHT="48" WIDTH="898" VPOS="4216" HPOS="2099"><String WC="0.7649999857" CONTENT="zuschneiden," HEIGHT="43" WIDTH="197" VPOS="4221" HPOS="2099"/><SP WIDTH="23" VPOS="4231" HPOS="2297"/><String WC="0.8085714579" CONTENT="während" HEIGHT="39" WIDTH="144" VPOS="4219" HPOS="2321"/><SP WIDTH="24" VPOS="4219" HPOS="2466"/><String WC="0.5824999809" CONTENT="eine" HEIGHT="33" WIDTH="63" VPOS="4218" HPOS="2491"/><SP WIDTH="23" VPOS="4228" HPOS="2555"/><String WC="0.4675000012" CONTENT="reizende" HEIGHT="43" WIDTH="133" VPOS="4216" HPOS="2579"/><SP WIDTH="23" VPOS="4217" HPOS="2713"/><String WC="0.5500000119" CONTENT="junge" HEIGHT="43" WIDTH="90" VPOS="4217" HPOS="2737"/><SP WIDTH="14" VPOS="4219" HPOS="2828"/><String WC="0.5437499881" CONTENT="Blondine" HEIGHT="34" WIDTH="154" VPOS="4218" HPOS="2843"/></TextLine>
<TextLine HEIGHT="44" WIDTH="901" VPOS="4262" HPOS="2096"><String WC="0.5933333039" CONTENT="von" HEIGHT="23" WIDTH="62" VPOS="4276" HPOS="2096"/><SP WIDTH="23" VPOS="4276" HPOS="2159"/><String WC="0.7149999738" CONTENT="etwa" HEIGHT="28" WIDTH="79" VPOS="4271" HPOS="2183"/><SP WIDTH="21" VPOS="4266" HPOS="2263"/><String WC="0.8949999809" CONTENT="sechzehn" HEIGHT="42" WIDTH="133" VPOS="4264" HPOS="2285"/><SP WIDTH="15" VPOS="4263" HPOS="2419"/><String WC="0.7033333182" CONTENT="Jahren" HEIGHT="42" WIDTH="125" VPOS="4262" HPOS="2435"/><SP WIDTH="16" VPOS="4272" HPOS="2561"/><String WC="0.9166666865" CONTENT="mit" HEIGHT="33" WIDTH="55" VPOS="4262" HPOS="2578"/><SP WIDTH="14" VPOS="4262" HPOS="2634"/><String WC="0.6560000181" CONTENT="ihren" HEIGHT="43" WIDTH="86" VPOS="4262" HPOS="2649"/><SP WIDTH="16" VPOS="4272" HPOS="2736"/><String WC="0.7450000048" CONTENT="großen" HEIGHT="42" WIDTH="114" VPOS="4262" HPOS="2753"/><SP WIDTH="17" VPOS="4262" HPOS="2868"/><String WC="0.6150000095" CONTENT="blauen" HEIGHT="33" WIDTH="111" VPOS="4262" HPOS="2886"/></TextLine>
<TextLine HEIGHT="46" WIDTH="899" VPOS="4306" HPOS="2097"><String WC="0.9800000191" CONTENT="Augen" HEIGHT="41" WIDTH="108" VPOS="4311" HPOS="2097"/><SP WIDTH="23" VPOS="4309" HPOS="2206"/><String WC="0.9433333278" CONTENT="den" HEIGHT="33" WIDTH="55" VPOS="4309" HPOS="2230"/><SP WIDTH="22" VPOS="4308" HPOS="2286"/><String WC="0.6330000162" CONTENT="Veweguugen" HEIGHT="40" WIDTH="217" VPOS="4308" HPOS="2309"/><SP WIDTH="37" VPOS="4306" HPOS="2527"/><String WC="0.8816666603" CONTENT="seiner" HEIGHT="42" WIDTH="95" VPOS="4306" HPOS="2565"/><SP WIDTH="20" VPOS="4307" HPOS="2661"/><String WC="0.6050000191" CONTENT="Hand" HEIGHT="44" WIDTH="93" VPOS="4307" HPOS="2682"/><SP WIDTH="38" VPOS="4308" HPOS="2776"/><String WC="0.4583333433" CONTENT="folgte" HEIGHT="40" WIDTH="95" VPOS="4308" HPOS="2815"/><SP WIDTH="23" VPOS="4316" HPOS="2911"/><String WC="0.3466666639" CONTENT="und" HEIGHT="28" WIDTH="61" VPOS="4311" HPOS="2935"/></TextLine>
<TextLine HEIGHT="45" WIDTH="899" VPOS="4350" HPOS="2096"><String WC="1." CONTENT="sich" HEIGHT="42" WIDTH="52" VPOS="4353" HPOS="2096"/><SP WIDTH="38" VPOS="4353" HPOS="2149"/><String WC="0.9599999785" CONTENT="mit" HEIGHT="33" WIDTH="55" VPOS="4352" HPOS="2188"/><SP WIDTH="36" VPOS="4351" HPOS="2244"/><String WC="0.7860000134" CONTENT="ihrem" HEIGHT="42" WIDTH="95" VPOS="4351" HPOS="2281"/><SP WIDTH="23" VPOS="4360" HPOS="2377"/><String WC="0.6787499785" CONTENT="wogenden" HEIGHT="42" WIDTH="167" VPOS="4350" HPOS="2401"/><SP WIDTH="22" VPOS="4351" HPOS="2569"/><String WC="0.6079999804" CONTENT="Busen" HEIGHT="41" WIDTH="105" VPOS="4351" HPOS="2592"/><SP WIDTH="34" VPOS="4361" HPOS="2698"/><String WC="0.6000000238" CONTENT="an" HEIGHT="23" WIDTH="39" VPOS="4361" HPOS="2733"/><SP WIDTH="22" VPOS="4351" HPOS="2773"/><String WC="0.771666646" CONTENT="seinen" HEIGHT="41" WIDTH="98" VPOS="4351" HPOS="2796"/><SP WIDTH="24" VPOS="4352" HPOS="2895"/><String WC="0.6499999762" CONTENT="Arm" HEIGHT="32" WIDTH="75" VPOS="4352" HPOS="2920"/></TextLine>
<TextLine HEIGHT="44" WIDTH="899" VPOS="4394" HPOS="2095"><String WC="0.8541666865" CONTENT="anschmiegte," HEIGHT="42" WIDTH="203" VPOS="4396" HPOS="2095"/><SP WIDTH="23" VPOS="4405" HPOS="2299"/><String WC="0.8866666555" CONTENT="als" HEIGHT="33" WIDTH="52" VPOS="4395" HPOS="2323"/><SP WIDTH="23" VPOS="4400" HPOS="2376"/><String WC="0.5533333421" CONTENT="wollte" HEIGHT="33" WIDTH="103" VPOS="4396" HPOS="2400"/><SP WIDTH="23" VPOS="4396" HPOS="2504"/><String WC="0.823333323" CONTENT="sie" HEIGHT="37" WIDTH="38" VPOS="4396" HPOS="2528"/><SP WIDTH="23" VPOS="4396" HPOS="2567"/><String WC="0.8162500262" CONTENT="hiedurch" HEIGHT="43" WIDTH="135" VPOS="4394" HPOS="2591"/><SP WIDTH="24" VPOS="4394" HPOS="2727"/><String WC="0.875" CONTENT="ihre" HEIGHT="40" WIDTH="63" VPOS="4395" HPOS="2752"/><SP WIDTH="23" VPOS="4400" HPOS="2816"/><String WC="0.6299999952" CONTENT="tiesinnige" HEIGHT="42" WIDTH="154" VPOS="4394" HPOS="2840"/></TextLine>
<TextLine HEIGHT="45" WIDTH="774" VPOS="4438" HPOS="2094"><String WC="0.4650000036" CONTENT="Empfindung" HEIGHT="43" WIDTH="212" VPOS="4439" HPOS="2094"/><SP WIDTH="23" VPOS="4440" HPOS="2307"/><String WC="0.4550000131" CONTENT="fiir" HEIGHT="42" WIDTH="51" VPOS="4440" HPOS="2331"/><SP WIDTH="23" VPOS="4439" HPOS="2383"/><String WC="0.7966666818" CONTENT="den" HEIGHT="34" WIDTH="55" VPOS="4439" HPOS="2407"/><SP WIDTH="24" VPOS="4441" HPOS="2463"/><String WC="0.4487499893" CONTENT="Jüngling" HEIGHT="42" WIDTH="160" VPOS="4441" HPOS="2488"/><SP WIDTH="25" VPOS="4450" HPOS="2649"/><String WC="0.6399999857" CONTENT="ausdrücken." HEIGHT="40" WIDTH="193" VPOS="4438" HPOS="2675"/></TextLine>
<TextLine HEIGHT="37" WIDTH="271" VPOS="4492" HPOS="2407" STYLEREFS="font0"><String WC="0.5154545307" CONTENT="Fortsetzung" HEIGHT="37" WIDTH="171" VPOS="4492" HPOS="2407"/><SP WIDTH="20" VPOS="4493" HPOS="2579"/><String WC="0.625" CONTENT="folgt." HEIGHT="35" WIDTH="78" VPOS="4493" HPOS="2600"/></TextLine>
</TextBlock><GraphicalElement ID="Page1_Block9" HEIGHT="16" WIDTH="2848" VPOS="571" HPOS="170"/><GraphicalElement ID="Page1_Block10" HEIGHT="8" WIDTH="2839" VPOS="586" HPOS="171"/><GraphicalElement ID="Page1_Block11" HEIGHT="11" WIDTH="2410" VPOS="847" HPOS="173"/><GraphicalElement ID="Page1_Block12" HEIGHT="3" WIDTH="399" VPOS="849" HPOS="2597"/><GraphicalElement ID="Page1_Block13" HEIGHT="18" WIDTH="2828" VPOS="853" HPOS="175"/><GraphicalElement ID="Page1_Block14" HEIGHT="13" WIDTH="2178" VPOS="866" HPOS="616"/><GraphicalElement ID="Page1_Block15" HEIGHT="3" WIDTH="138" VPOS="869" HPOS="2798"/><GraphicalElement ID="Page1_Block16" HEIGHT="4" WIDTH="439" VPOS="874" HPOS="177"/><GraphicalElement ID="Page1_Block17" HEIGHT="8" WIDTH="316" VPOS="1199" HPOS="454"/><GraphicalElement ID="Page1_Block18" HEIGHT="2046" WIDTH="14" VPOS="2486" HPOS="1083"/><GraphicalElement ID="Page1_Block19" HEIGHT="1604" WIDTH="14" VPOS="882" HPOS="1092"/><GraphicalElement ID="Page1_Block20" HEIGHT="119" WIDTH="5" VPOS="275" HPOS="1191"/><GraphicalElement ID="Page1_Block21" HEIGHT="3641" WIDTH="28" VPOS="875" HPOS="2054"/>
</PrintSpace>
</Page>
</Layout>
</alto>