6007 8644
493 495 56 52 A
583 498 61 50 la
664 498 321 52 Chambre

526 614 324 144 L'appel
880 614 87 112 de
967 614 117 112 la
1116 612 260 116 classe
1398 608 94 112 17

546 832 118 45 Tout
683 830 202 47 d'abord,
909 827 109 41 c'est
1037 837 60 31 un
1123 822 326 50 contre-projet
1468 821 56 42 de

495 883 157 42 renVOI
680 884 79 46 qui
785 894 30 28 a
838 884 65 38 les
929 882 237 42 honneurs
1191 878 54 45 de
1273 878 45 38 la
1341 875 178 40 séance.

493 938 54 41 Ni
576 939 62 39 M.
674 937 201 44 Turmol,
916 935 47 40 ni
994 934 62 39 M.
1089 933 155 45 Henry
1275 928 160 43 Auriol
1465 936 57 29 ne

489 991 188 39 veulent
704 1000 89 36 que
822 991 46 39 la
899 987 147 39 classe
1080 986 47 39 17
1157 983 104 42 aille
1293 979 230 51 rejoindre

488 1051 78 37 sHa
578 1042 172 41 ainees.
771 1043 66 40 M.
859 1038 160 43 Auriol
1038 1045 168 41 expose
1225 1034 299 50 longuement

491 1105 84 30 son
596 1093 129 50 point
747 1095 57 40 de
822 1104 91 29 vue
932 1103 60 29 au
1011 1100 111 34 nom
1148 1090 79 38 des
1251 1086 268 45 socialistes.

492 1151 36 39 Il
559 1149 109 40 veut
707 1158 91 36 que.
837 1148 42 37 Je
914 1146 256 45 maximum
1207 1141 47 48 (il
1289 1148 233 42 prononce

490 1204 43 39 le
551 1200 253 44 maximon)
831 1199 138 47 qu'on
991 1198 110 47 peut
1118 1193 110 44 tirer
1248 1194 79 39 des
1349 1192 171 39 classes

490 1256 182 41 adultes
712 1251 106 49 soit
846 1263 61 35 au
946 1250 129 45 front
1116 1246 140 48 avant
1290 1254 93 40 que
1421 1244 94 44 l'on

489 1309 180 50 appelle
689 1309 64 38 les
775 1307 102 38 tout
894 1304 183 50 jeunes.;

544 1361 62 40 M.
633 1359 172 41 Briaud
825 1356 179 51 répond
1034 1364 11 34 :
1096 1369 6 29 :

533 1450 55 35 Le
608 1447 138 43 prwjef.
771 1446 53 36 du
849 1442 333 44 gouvernement
1204 1439 174 37 tendant
1403 1437 25 38 à
1452 1448 70 36 ap-

482 1497 116 39 peler
636 1496 41 35 la
711 1495 142 36 classe
890 1491 94 37 1917
1022 1490 110 36 n'{'ISt
1166 1489 154 42 qu'une
1354 1495 168 29 mesure

482 1546 52 34 de
583 1543 210 40 prudence
840 1538 285 38 éJément8Jire.
1174 1538 84 35 Pas
1301 1535 94 47 plus
1442 1543 79 36 que

484 1602 119 26 vcM!M.
624 1599 113 28 ,}JjG'!].g
753 1597 58 29 me
830 1588 194 40 déferrons
1047 1584 199 45 gaspiller
1264 1583 42 35 la
1328 1582 194 46 jeunesse

484 1639 50 35 de
563 1639 173 35 France.
759 1629 122 42 'Mars
912 1641 111 28 nous
1051 1629 163 41 serions
1246 1629 214 42 criminels-
1485 1628 37 37 si

480 1693 115 32 jkiu;§
620 1693 54 27 ne
703 1692 113 33 uons,
848 1681 250 44 préparions
1136 1687 75 37 pas
1245 1678 74 37 dès
1350 1677 173 40 mainte-

481 1735 104 34 nant
605 1732 28 35 à
655 1729 228 37 rinBtnm'B
903 1738 59 25 en
982 1727 178 46 prenant
1185 1725 136 39 toutes
1347 1727 60 38 les
1433 1723 87 47 pré-

482 1778 194 42 eaplioas
733 1772 225 48 d'hygiène
1009 1773 257 46 n:œessttéee
1320 1780 76 37 par
1444 1780 77 29 son

482 1828 88 40 àge.
607 1826 116 35 Vous
755 1833 106 28 avez
891 1822 189 44 -exprimé
1111 1818 306 47 éloqueinment
1443 1827 78 30 nos

477 1883 176 31 propres
698 1871 358 43 préoccupations.
1128 1866 274 39 L'utlhsation
1447 1868 73 35 des

482 1922 193 35 hommes
707 1918 162 37 vatlMcs
902 1917 78 38 clues
1007 1915 165 39 classes
1201 1913 97 46 déjà
1326 1913 196 46 appelées

478 1978 50 29 &q
565 1969 100 39 ferçu
710 1967 154 40 Certes,
907 1966 39 37 l'a
978 1963 191 43 mipistrie
1203 1962 52 40 de
1292 1963 41 34 la
1369 1970 150 38 guerre

478 2025 50 27 se,
561 2014 200 35 heurtera
795 2014 24 35 à
854 2012 73 35 des
960 2010 233 41 difficultés,
1227 2010 28 35 à
1289 2008 71 38 des
1396 2017 121 27 ruses

480 2050 52 49 de
547 2065 48 36 d:a
614 2061 95 42 part
731 2062 49 33 de
804 2068 103 27 c-eux
929 2068 83 33 que
1030 2067 105 27 vous
1154 2056 169 45 appelez
1345 2056 74 35 des
1436 2064 84 26 em-

480 2110 195 41 buisq'iiés.
712 2108 62 36 Eli
802 2107 94 36 bien
927 2106 9 34 !
968 2113 58 27 ont
1053 2113 110 28 aura
1190 2112 172 32 recours
1388 2103 27 35 à
1445 2102 75 37 dea

478 2157 217 42 M.-nûtiona
737 2153 282 46 appropriées.
1059 2149 459 49 (Applaudissements.)

479 2205 114 38 Mai©
692 2202 134 36 serait
858 2200 246 42 epnimetire
1132 2208 58 26 un
1220 2198 132 36 crime
1376 2198 144 35 contre

479 2252 42 37 la
533 2246 155 47 "patrie
722 2260 82 32 (flID
840 2250 51 35 de
927 2257 54 26 ne
1011 2256 77 36 pas
1120 2246 202 46 préparer
1357 2244 54 49 la
1434 2245 83 44 jeu-

477 2309 128 25 iuasae
626 2299 27 35 à
675 2298 198 43 coopérer
894 2296 27 35 à
945 2296 43 36 la
1012 2295 173 39 défense
1209 2292 222 38 nationale.
1462 2293 55 38 Le

477 2345 334 44 g-rnivemlement
832 2353 111 34 vous'
973 2341 217 42 dcma'nde,
1224 2349 108 27 vous
1357 2339 161 46 supplie

475 2393 54 36 de
553 2392 120 36 voter
701 2401 50 27 ce'
778 2391 135 44 projet
946 2390 107 35 dans
1078 2397 59 28 un
1169 2388 50 39 de
1248 2396 71 29 ces
1350 2395 167 28 mouve-

479 2441 139 38 ments
656 2439 222 37 unanimes
913 2437 74 46 qui
1018 2435 212 37 montrent
1263 2435 25 36 à
1319 2434 200 40 l'ennemi

474 2496 85 34 que
598 2488 43 36 lie
676 2488 87 35 Par
767 2486 165 42 lement,
971 2484 143 44 quand
1154 2483 30 35 il
1224 2482 127 45 s'agit
1392 2482 49 39 de
1478 2482 41 36 la

477 2531 173 47 France,
681 2539 69 37 est
777 2533 192 42 toujours1
998 2541 53 27 en
1073 2530 133 36 union
1228 2539 107 27 avec
1357 2529 39 37 le
1420 2536 97 38 gou-

476 2582 260 39 Memement.
778 2579 442 48 (Appl^udi^semeinte
1260 2576 254 51 prolongés.)

529 2668 64 40 1\1.
617 2666 175 41 Bracl,,e
815 2664 117 40 n'est
950 2673 83 40 pas
1056 2660 270 42 convaincu.
1349 2660 35 39 Il
1406 2660 110 40 veut,

477 2731 99 38 que)
601 2721 42 39 le
680 2719 368 48 gouvernement
1083 2714 100 43 dise
1219 2723 10 32 :
1262 2728 19 24 «
1312 2713 84 41 J'ai
1434 2712 83 41 fait

475 2773 109 49 ceci,
605 2774 81 49 j'aL
701 2772 83 39 fiait
800 2771 98 40 cela
917 2785 34 34 »,
974 2770 46 40 et
1035 2778 59 31 ne
1112 2778 51 30 se
1181 2767 231 41 cantonna
1430 2774 83 47 pas

474 2829 120 39 dans
614 2829 80 41 des
715 2833 280 41 promesses.

525 2882 63 39 La
622 2880 110 41 voix
760 2878 204 48 pâteuse,
1009 2877 40 39 le
1083 2876 79 39 ton
1200 2871 309 53 emphatique,

475 2935 68 42 les
576 2934 197 50 phrases
804 2929 333 51 entrecoupées
1172 2924 344 53 tragiquement

478 2988 56 40 de
560 2988 72 39 cet
661 2985 187 47 orateur
880 2983 321 41 n'obtiennent
1231 2989 153 35 aucun
1414 2988 100 31 suc-

476 3041 77 41 cès
586 3052 8 28 :
621 3040 46 42 le.
691 3037 152 55 projet
868 3038 58 44 de,
954 3036 160 42 renvoi
1141 3037 72 40 est
1241 3031 275 49 blackboulé

475 3105 89 32 par
583 3095 78 42 W5
685 3091 108 42 voix
817 3091 163 45 contre
1009 3090 92 40 115.

530 3148 55 46 Bt
614 3148 91 40 l'on
733 3143 173 44 aborde
932 3143 46 40 la
1009 3140 263 43 discussion
1300 3138 215 52 générale

470 3199 66 44 /du
570 3200 147 52 projet
742 3196 220 53 appelant
991 3197 45 42 La
1062 3192 147 49 classe
1237 3194 63 41 17.

532 3255 108 40 IvtM.
670 3255 224 44 Peyroux,
927 3248 211 41 Pottevin
1173 3247 96 50 (qui
1298 3255 119 31 nous
1449 3245 66 41 ré-

472 3309 108 47 gale
596 3308 110 39 d'un
729 3313 263 33 savoureux
1018 3302 280 48 monologue
1320 3298 188 52 picard),

474 3362 160 42 Jobert
665 3360 42 46 (à
736 3355 265 45 l'élocutioii
1037 3355 200 49 difficile,
1274 3354 117 39 mais
1423 3361 92 31 aux

477 3415 150 43 gestes
652 3410 294 48 énergiques)
974 3408 261 50 invoquent
1255 3407 44 40 la
1324 3407 62 40 loi
1414 3404 100 41 DaI-

472 3456 102 56 liez
595 3467 78 52 qui
693 3466 122 46 n'est
833 3474 83 42 pas
938 3461 248 52 appliquée
1208 3470 129 37 assez
1355 3461 158 49 vigou-

476 3532 81 32 reu
564 3521 195 49 binent.

531 3580 62 41 1\1.
624 3579 191 41 Charles
842 3572 208 45 Bernard
1077 3585 49 29 se
1157 3571 148 53 plaint
1333 3582 88 40 que
1447 3571 67 39 les

472 3633 196 47 députés
705 3631 151 46 soient
890 3631 39 40 si
960 3630 92 40 niai
1080 3627 239 48 informés,
1356 3623 157 55 quand

476 3700 63 28 on
563 3689 101 39 leur
686 3684 231 42 demande
942 3693 64 29 un
1032 3683 117 39 vote.
1179 3679 59 42 1\1.
1261 3681 143 42 Levas
1409 3688 110 31 seur

475 3740 215 42 voudrait
717 3740 106 46 plus
857 3738 55 44 de
945 3734 224 42 bien-être
1198 3745 57 33 au
1284 3733 139 43 front.
1451 3732 67 40 La

474 3795 108 40 voix
605 3794 120 40 forte
741 3793 61 40 de
820 3788 204 43 certains
1052 3788 55 40 de
1134 3798 76 30 ces
1237 3786 191 51 députés
1456 3784 60 41 té-

476 3847 188 47 moigne
692 3847 61 39 da
781 3847 105 39 leiur
916 3842 200 47 vigueur
1145 3839 215 50 générale
1389 3839 45 39 et
1459 3837 59 40 de

474 3903 103 39 lefur
597 3903 215 47 jeunesse
840 3898 274 49 fougueuse.
1144 3894 163 51 Quand
1332 3892 57 41 ils
1415 3900 100 42 par-

475 3956 100 40 lent
609 3951 344 48 d'embusqués,
1012 3958 60 31 on
1111 3948 178 50 évoque
1333 3955 52 32 ce
1415 3953 101 43 pro-

472 4008 141 44 verbe
642 4003 110 50 qu'il
779 4016 59 29 ne
868 4004 100 39 faut
999 4013 82 38 pas
1109 4000 153 51 parler
1294 4000 56 44 de
1377 3997 142 41 corde'

473 4062 121 41 dans
628 4062 46 40 la
703 4059 185 41 maison
924 4056 109 40 d'un
1068 4054 174 50 pendu.
1274 4054 62 47 Ils
1366 4051 149 52 expri-

470 4116 131 42 ment
617 4112 236 43 d'ailleurs
875 4112 81 44 des
975 4109 165 40 choses
1159 4107 160 50 justes,
1340 4106 177 42 notam-

476 4173 131 33 ment
623 4166 156 48 quand
798 4165 57 40 ils
876 4164 104 40 font
996 4164 217 39 observer
1232 4170 89 35 que
1340 4161 65 43 les
1423 4167 93 37 ma-

473 4221 163 48 gasins
665 4217 254 54 regorgent
956 4216 174 46 d'effets
1164 4212 193 53 ç-haud§,
1392 4212 123 45 alors

474 4275 115 53 qu'il
609 4274 77 40 n'y
705 4284 58 29 en
785 4282 27 31 a
835 4281 90 41 pas-
941 4280 60 30 au
1022 4269 138 40 front.

529 4328 62 41 M.
626 4327 175 47 Driant,
839 4323 288 52 rapporteur,
1170 4320 178 51 répond
1380 4319 136 40 'd'une

473 4380 109 44 voix
615 4378 270 46 persuasive
914 4379 51 40 et
996 4376 95 48 qui.
1110 4374 202 44 tendrait
1339 4373 27 42 à
1394 4381 110 32 ama,-
1504 4381 37 32 ;

474 4437 151 40 douer
657 4434 106 45 plus
798 4430 112 47 qu'à
950 4428 290 42 convaincre.
1284 4427 66 43 Sa
1386 4425 130 42 tâche

474 4491 73 40 est
565 4487 211 42 difficile.'
792 4487 36 39 Il
852 4484 98 41 s'en
972 4482 85 40 tire
1079 4479 286 45 habilement
1384 4477 133 42 vis-à-

474 4544 71 40 vis
572 4543 110 40 d'un
706 4539 114 47 petit
848 4538 104 40 clan
980 4534 82 50 qui
1088 4545 58 30 ne
1171 4537 110 38 veut
1309 4541 82 41 pas
1422 4531 94 42 être

476 4595 274 43 convaincu.
805 4606 19 24 «
873 4588 197 49 L'usine,
1120 4584 320 54 expliquât-il,
1491 4593 27 29 a

474 4651 103 50 pris
608 4650 84 40 des
730 4644 328 48 combattants.
1095 4642 35 40 Il
1170 4637 101 46 faut
1301 4638 107 50 bien
1450 4636 71 50 les

474 4701 269 54 remplacer.
772 4716 20 23 »

532 4764 35 40 Il
595 4759 196 43 termine
821 4769 57 30 en
907 4753 286 45 demandant
1216 4764 60 29 au
1305 4748 213 43 ministre

474 4815 59 39 fle
554 4818 156 36 lancer
732 4813 166 47 rappel
922 4811 57 41 de
1001 4811 46 40 la
1068 4811 146 39 classe
1236 4806 50 42 17
1309 4806 42 40 le
1371 4806 27 39 5
1419 4805 97 49 jan-

474 4871 102 43 vier
611 4869 106 42 191&
751 4868 44 39 et
829 4876 94 29 non
959 4865 46 42 le
1040 4865 51 39 15
1134 4858 243 44 décembre
1414 4866 101 43 pro-

478 4923 151 42 chain.
654 4922 57 42 Et
729 4930 61 31 SClJ'
808 4917 272 59 péroraison
1106 4916 70 39 est
1194 4913 92 42 fort
1309 4912 120 41 belle
1454 4920 11 31 :

522 5011 171 35 laissez
725 5015 155 33 passer
914 5006 65 34 les
1016 5004 108 36 fêtes
1162 5002 50 36 de
1244 4999 103 41 Noël
1384 4999 45 37 et
1464 4998 55 37 du

473 5049 183 45 Jour'de
679 5058 89 38 l'ain
796 5058 27 34 à
848 5065 106 29 cens
985 5052 75 44 qui
1091 5049 281 45 manqueront
1405 5046 113 48 peut-

475 5110 89 38 être
597 5108 27 37 à
652 5108 114 37 leurs
802 5103 186 42 familles'
1023 5101 91 39 l'an
1142 5095 200 49 prochain
1380 5094 10 38 1

532 5189 120 43 Puis,
652 5189 141 43 c'est
811 5188 42 43 le
878 5183 191 48 général
1094 5177 209 50 Gallieni,
1329 5175 92 53 qui,
1449 5185 68 32 so-

477 5248 83 43 bre
587 5247 54 41 de
669 5243 163 52 gestes,
869 5234 313 56 simplement,
1219 5230 179 41 déclare
1431 5240 11 32 :

522 5344 50 31 Je
584 5341 135 32 'viems
746 5336 77 39 ici,'
846 5331 195 41 d'acccsrd
1070 5337 106 30 avec
1205 5327 39 37 le
1270 5323 184 49 gênerai
1470 5332 51 28 en

474 5382 107 42 che,
618 5386 229 38 demander
878 5380 159 44 l'appel
1074 5379 52 36 de
1160 5378 44 36 la
1234 5374 139 37 classe
1412 5373 104 42 1917,

474 5449 82 23 ipar
587 5436 149 36 simple
763 5441 167 29 mesure
958 5428 58 41 dSe
1045 5426 277 46 prévoyance.
1351 5423 48 35 Je
1430 5429 90 28 suis

474 5486 139 36 obligé
641 5477 303 39 ,sellJ.scrÜ"G;
968 5477 36 35 à.
1037 5474 104 39 cette
1177 5470 207 37 demande
1419 5477 101 31 sous

474 5534 127 32 peiné)
638 5532 229 34 d'engager
907 5521 256 45 gravement
1196 5528 71 27 ma
1299 5524 222 39 responsa-

473 5581 129 36 b-iltté.
638 5579 116 39 Noue
780 5576 177 38 venions
983 5569 227 39 continuer
1237 5567 43 35 la
1303 5564 104 37 lutte
1438 5572 83 36 JUs!..-

475 5630 31 42 qu
506 5630 96 42 \q,flJ;
623 5626 131 39 bc&ït..
779 5616 476 52 {Applaudissements.)

745 5660 177 50 avis/CL
960 5666 74 43 esfc
1072 5664 242 39 nécessaire
1353 5668 82 37 que
1477 5660 44 37 la

475 5714 142 44 châsse
641 5719 94 38 1917
761 5718 154 39 fortifie
937 5716 115 36 cette
1074 5710 195 38 machine
1299 5709 49 35 de
1373 5715 152 38 guerre

476 5782 82 24 que
592 5773 42 33 la
667 5770 162 36 France
859 5766 116 40 forge
1011 5768 112 32 isour
1139 5768 69 26 ..sa
1242 5756 182 36 défense.

525 5816 140 40 î^t-ee
690 5816 29 40 à
741 5814 91 38 dire
855 5810 152 46 .fM'eille
1044 5815 97 29 sera
1164 5804 361 38 smmé-dia.tement

475 5866 168 42 iti'tilisée
672 5864 43 38 et
739 5860 190 46 envoyée
954 5867 59 26 au
1042 5855 76 37 i'&u
1148 5854 73 36 dès
1257 5855 165 38 demain
1456 5854 20 31 ?

528 5917 97 29 Non»
649 5914 9 30 !
690 5912 108 32 Mais
829 5910 78 34 eiiie
936 5914 101 28 sera
1064 5904 41 34 là
1126 5901 118 36 toute
1272 5900 127 44 prête,,
1433 5897 90 37 tout

479 5962 199 36 instruite
700 5967 105 35 pour
829 5964 127 34 parer
984 5953 26 36 à
1036 5951 68 37 cet
1129 5950 182 37 inconnu
1336 5944 73 47 qui
1429 5944 95 47 joue

480 6022 59 35 up
564 6011 88 37 rôle
678 6011 36 37 si
738 6003 228 49 important
996 6001 25 36 à
1049 6000 45 35 la
1121 6005 161 40 gusr.'re.

534 6065 117 33 Nous
674 6071 53 27 ne
749 6057 161 39 devoaisi
926 6063 81 35 pas,
1026 6049 272 49 iiwse^linier
1314 6045 121 38 notre
1455 6053 70 27 en-

479 6113 126 32 tiemi.
638 6110 116 32 Nous
786 6107 165 35 devons.
980 6100 91 40 MI:',e
1098 6107 119 37 p.r&ta
1243 6106 27 29 a
1301 6099 122 37 avoir
1450 6097 78 33 des.

481 6169 181 38 nvoyens
686 6153 122 45 'aussi
838 6149 225 51 puissaiits
1093 6155 82 38 que
1201 6143 74 45 [il].l.

522 6199 44 46 ii
597 6213 91 32 liant
718 6217 80 28 que
827 6205 108 37 cette
970 6202 127 43 ie*one
1130 6198 137 39 classe
1296 6194 81 38 soit
1411 6193 116 47 prête

481 6271 108 22 pour
610 6259 39 34 le
667 6256 234 37 printemps
924 6248 112 44 1916,
1056 6256 53 35 ep
1131 6246 138 36 même
1285 6243 143 45 temps
1450 6251 51 42 qy

481 6311 57 30 die
572 6304 220 37 (nouvelles
829 6297 248 44 mixTutiotis,
1125 6294 40 35 et
1197 6292 229 46 augmente
1486 6292 44 35 la

482 6366 147 23 masse
655 6355 75 34 des
754 6347 177 40 effectifs
953 6345 46 35 et
1026 6344 69 49 du^
1107 6340 191 37 matériel
1322 6348 79 43 que
1429 6339 13 36 1
1460 6347 65 27 en-

484 6404 117 39 nemi
625 6402 200 35 trouvera
855 6396 156 39 devant
1037 6391 70 39 lui.

533 6453 56 31 ï.«
637 6452 183 32 wemiier
864 6441 121 43 moriis,
1032 6436 197 46 employé
1278 6444 86 29 ®ux
1395 6443 131 28 vacci-

484 6484 185 59 JJ&lilipll$,
737 6502 60 31 un
816 6486 309 43 e.nftratnem.ent
1143 6485 123 43 doux,
1292 6492 57 28 ne
1364 6482 164 46 compte

484 6548 142 45 guère.

537 6596 126 46 Auswi
685 6591 181 46 iaviais'-je
894 6587 153 45 îc.sî@!jô
1074 6595 109 38 pour
1210 6584 44 45 J¡;:¡¡
1276 6583 96 41 date
1397 6583 55 37 du
1483 6582 45 38 15

487 6644 230 39 décembre.

539 6694 133 35 Aurea
700 6688 122 38 avoir
856 6683 185 39 entendu
1078 6682 39 37 le
1154 6679 264 44 rapportent
1452 6684 78 38 par

489 6742 217 34 déférence
734 6743 107 33 pour
870 6734 41 39 la
937 6729 335 46 repré.senta.tion
1300 6727 224 44 nationale,

489 6787 101 37 pour
590 6787 184 37 laisËer
791 6781 121 39 .ansei
937 6780 40 34 le
997 6779 145 41 temps
1157 6785 58 28 au
1243 6776 127 36 Sénat
1397 6775 132 36 d'exa-

488 6836 140 35 miner
656 6839 44 33 et
735 6833 51 37 de
819 6826 188 38 .discuter
1036 6825 43 37 la
1112 6822 69 45 loi,
1217 6822 201 46 j'accepte
1449 6831 78 39 que

490 6883 41 37 le
567 6881 144 47 départ
740 6881 50 35 de
824 6879 43 36 la
896 6876 142 37 classe
1072 6870 94 37 1917
1191 6870 84 39 soit
1307 6871 138 37 reculé
1473 6879 56 28 au

487 6930 29 38 5
540 6928 166 54 janvier
728 6926 104 40 1916,

539 6978 61 43 En
629 6983 135 36 même
791 6979 147 41 temps,
973 6973 62 39 lès
1059 6973 197 38 hommes
1285 6970 162 43 valides
1484 6971 48 41 de

489 7029 240 40 l'iritéj-iieuj'-,
769 7025 194 41 capables
995 7022 128 32 d'Atm
1246 7019 111 43 front
1386 7021 146 37 seront

489 7078 87 37 mis
596 7087 56 28 en
676 7074 90 43 était
789 7073 131 40 d'être
946 7068 179 42 utilisés.

542 7124 58 40 Le
629 7123 193 38 ll1Ï1.l<j'$ltr't)
845 7122 52 39 de
926 7120 38 36 la
999 7125 162 36 gue'rrc,
1198 7115 244 46 mes.&Leups,
1478 7124 54 27 ne

493 7171 170 40 connaît
697 7171 94 40 plus
820 7169 44 38 ni
899 7166 124 46 émis,
1061 7164 46 37 ni
1139 7163 188 49 parents,
1366 7162 44 36 ni
1441 7171 90 39 per-

493 7226 145 32 ésomie.
702 7216 433 43 (,4:vpl{/,;v,rUs$cnl.cnts
1186 7211 254 47 prolongés.)
1500 7211 31 36 Il

495 7276 55 31 ïiç
571 7265 168 38 connaît
766 7273 78 28 unp
867 7271 85 33 .:-:.o.n
973 7260 144 41 devoir
1141 7259 43 42 et
1212 7259 38 44 le
1273 7257 116 41 souci
1413 7259 51 39 de
1490 7259 42 35 la

495 7312 169 36 déren^e
691 7309 224 34 nationale.

806 7359 20 23 ;¡
864 7355 212 44 recoupait
1099 7353 100 47 qu'il
1226 7363 28 37 y
1281 7362 29 28 a
1334 7362 58 27 un
1423 7353 110 43 équi-

496 7407 107 37 libre
632 7406 26 36 à
684 7410 228 33 conserver
936 7403 39 36 et
1000 7401 98 46 qu'il
1126 7400 91 43 faut
1241 7399 293 43 <sauvegapder

496 7456 44 37 la
561 7454 68 37 vie
656 7452 243 41 éconoiniqu
905 7456 33 30 o.

543 7500 180 43 pisipas'é
763 7502 27 38 %.
826 7507 250 33 poui'stuwre
1114 7507 104 30 avec
1260 7498 42 35 la
1343 7496 190 37 dernière

497 7542 171 45 én'ûrgie
700 7546 61 39 l®s
794 7545 189 42 gommes
1025 7545 160 37 valides
1226 7546 71 41 qui
1338 7554 46 28 se
1419 7544 114 36 déJ'O-

496 7585 182 53 Ixgiit'au
701 7592 165 45 ©arwiee
884 7594 133 44 !èl,an,é,
1047 7594 29 36 il
1099 7593 155 42 mettra
1276 7593 29 37 à
1330 7592 42 36 la
1398 7590 135 49 daspo-

497 7643 129 41 pit.i<m
655 7640 51 43 de.
735 7639 282 46 l'¡1i!,p,.rienJllitllrt}
1046 7642 42 38 et
1119 7641 54 41 du
1204 7649 238 31 canmeree
1472 7638 60 38 les

495 7696 195 37 Pommes
713 7686 72 42 qui
1339 7688 195 46 {Applm»

496 7733 287 49 âissemenis.)

556 7817 61 46 V)
649 7816 190 52 général
874 7813 193 42 Gallieni
1103 7816 194 40 termine
1325 7827 62 30 tn
1419 7814 111 45 érll1"-

503 7875 185 45 mér^ûit
728 7872 66 40 les
831 7866 128 43 soins
997 7867 45 39 el,
1081 7868 67 45 les
1184 7869 346 49 niénagem.e.nts

496 7930 122 43 dopt
655 7925 156 45 seront
843 7918 154 49 l'objet
1028 7918 65 39 les
1131 7919 160 48 jeunes
1324 7932 114 38 gens
1474 7921 58 41 de

503 7986 46 38 la
574 7983 148 41 classe
754 7977 116 47 i917,
903 7985 57 30 au
992 7979 136 34 cours
1157 7971 55 42 de
1243 7972 100 42 leur
1368 7973 163 41 entrnî-

501 8034 206 43 xi^ment.
736 8034 35 40 Il
796 8032 177 45 évoque
994 8027 41 41 le
1062 8026 203 39 serment
1290 8027 56 39 de
1367 8027 166 47 garder

505 8093 47 38 ja
584 8088 144 43 patrie
754 8085 171 42 intacte
952 8090 91 37 que
1075 8075 214 43 faisaient
1313 8076 119 48 jadis
1465 8079 67 38 les

506 8145 165 48 jeunes
1051 8140 93 36 aux
1453 8129 82 53 oih

1582 500 179 33 comme:
1790 491 311 53 aujourd'hui
2138 494 45 40 la.
2220 489 147 49 patrie
2405 490 110 42 était
2545 501 57 30 en

1581 542 188 51 danger.
1798 544 54 40 Et
1871 544 29 40 il
1924 544 66 40 dit
2009 555 88 39 que
2119 554 83 30 nos
2224 545 162 50 jeunes
2411 545 100 41 1917
2538 554 65 30 se-

1582 596 104 40 ront
1700 596 166 50 dignes
1888 597 58 41 de
1969 599 124 39 leurs
2115 597 144 42 aînés.

1636 653 62 42 De
1738 655 257 40 nombreux
2036 654 191 50 députés
2261 656 78 39 ont
2372 655 45 40 la
2449 654 155 49 parole

1583 713 116 40 pour
1727 705 240 50 expliquer
1998 708 124 39 leurs
2153 708 145 40 votes.
2335 709 61 41 M.
2434 708 170 39 Ilaffin-

1580 759 187 49 Dugens
1805 759 40 41 le
1878 759 81 41 fait
1989 770 109 33 avec
2135 760 39 39 si
2211 770 88 41 peu
2333 759 55 40 de
2420 769 183 31 mesure

1584 811 109 48 qu'il
1722 811 68 40 est
1813 812 187 52 rappelé
2023 812 27 39 à
2082 811 164 42 l'ordre
2275 822 108 32 avec
2413 810 191 49 inscrip'

1581 862 94 42 tion
1699 873 57 30 au
1782 863 351 49 procès-verbal.

1638 920 61 44 La
1741 920 59 40 loi
1841 922 74 39 est
1955 922 131 42 votée
2122 922 26 40 à
2185 921 151 43 mains
2373 922 160 51 levées,
2572 923 28 42 à

1580 974 26 40 8
1631 973 44 44 h.
1705 973 68 43 15.,

1975 1025 7 15 s
2171 1026 8 14 -c

1618 1110 292 136 Hors
1982 1116 570 126 d'Œuvre

1581 1303 228 43 Féminisme

1826 1426 44 22 "
1893 1425 80 59 AU
1998 1426 296 62 CHARBON
2318 1428 40 22 "

1633 1517 57 38 Le
1716 1518 101 51 quai
1836 1521 51 49 dft
1911 1521 149 48 Bercy,
2084 1523 61 36 du
2164 1521 136 40 matin
2317 1536 57 24 au
2397 1520 94 54 soir,
2518 1521 87 41 voit

1578 1584 140 38 passer
1758 1573 52 37 de
1852 1573 244 50 singulières
2137 1574 268 52 processions.

1630 1626 71 37 En
1736 1631 84 32 tête
1854 1627 61 36 dit,
1948 1631 175 45 cortège,
2161 1641 82 26 une
2276 1628 162 39 voiture
2473 1628 128 50 noire,

1584 1679 194 38 condu-ite
1822 1693 79 39 par
1944 1693 61 27 un
2047 1682 163 38 homme
2254 1680 107 50 noh\
2408 1682 195 37 s'avance

1577 1731 244 42 lentement.
1846 1733 36 37 A
1909 1732 136 40 droite
2070 1739 40 33 et
2132 1736 26 35 à
2179 1735 171 50 gauche,
2376 1734 52 40 de
2450 1733 155 40 vieilles

1579 1783 174 49 femmes
1792 1787 217 39 marchent
2200 1800 77 37 pas
2317 1787 169 38 alourdi
2527 1800 77 39 par

1577 1837 107 51 Vâge
1721 1843 40 33 et
1795 1851 79 35 par
1908 1838 94 38 leur
2032 1840 181 48 fardeau
2235 1852 17 32 ;
2289 1852 81 37 car,
2409 1841 50 38 de
2495 1840 110 38 leurs

1577 1892 112 38 deux
1722 1892 151 49 mains,
1911 1891 96 40 ellcs
2048 1893 191 41 tiennent
2282 1896 131 41 tendu
2450 1894 157 42 devant

1577 1944 95 39 elles
1705 1957 61 27 un
1799 1945 152 38 tablier
1981 1952 148 43 pesant
2153 1957 17 36 ;
2230 1953 41 32 et
2327 1946 109 42 leurs
2494 1959 110 38 yeux

1578 2003 93 32 sont
1715 1997 108 39 levés
1865 2011 108 37 pour
2014 1998 199 50 implorer
2255 2002 43 36 la
2339 2012 151 26 manne
2535 1998 72 49 qui

1580 2052 138 36 tombe
1759 2051 101 38 d'en
1903 2053 154 42 !¡,ŒU,t...
2103 2052 194 39 Derrière
2340 2052 42 38 la
2424 2052 180 47 voiture,

1576 2117 83 27 une,
1685 2104 152 53 longue
1867 2106 159 41 théorie,
2050 2105 52 40 de.
2127 2108 171 48 femmes
2324 2104 95 52 plus
2444 2106 157 48 jeunes,

1579 2157 75 50 gui.
1678 2171 40 29 se
1746 2164 269 44 prosternent
2045 2172 89 25 vers
2163 2159 37 40 le
2226 2160 61 37 sol
2315 2166 40 33 et
2380 2173 40 24 se
2448 2160 157 42 redres-

1575 2220 92 31 sent
1708 2212 170 38 suivant
1919 2226 59 23 un
2017 2214 167 47 17jthme
2224 2212 154 51 i,n¿gal,
2423 2212 183 49 s'égrène

1576 2277 73 25 sur
1680 2278 82 24 une
1795 2264 187 42 distance
2015 2266 52 38 de
2101 2265 226 51 cinquante
2359 2267 167 38 mètres,

1631 2322 62 38 La
1728 2322 164 40 voiture
1925 2329 59 33 est
2020 2323 137 50 pleine
2193 2323 52 38 de
2281 2324 199 40 charbon.
2513 2322 93 39 Elle

1574 2389 29 31 q>
1626 2377 64 37 été
1714 2375 174 49 chargée
1910 2379 26 39 à
1957 2375 43 40 la
2021 2390 100 35 gare
2139 2375 224 49 de'Btrcy.
2389 2376 111 44 Tant
2526 2388 80 42 que

1573 2429 38 37 le
1636 2430 266 51 chargement
1925 2429 110 38 n'est
2058 2443 76 36 pas
2158 2430 117 47 tassé,
2303 2431 57 37 les
2382 2442 223 26 morceaux

1576 2483 51 40 de
1673 2483 186 39 charbon
1899 2483 178 49 perdant
2119 2482 94 42 leur
2248 2481 217 51 équilibre,
2511 2495 95 25 rou-

1575 2536 88 38 lent
1696 2542 40 32 et
1764 2549 40 25 se
1834 2536 238 49 répandent,
2101 2549 73 25 sur
2199 2535 42 41 la
2269 2541 170 37 route.,.
2470 2535 41 38 Il
2538 2547 66 26 ar-

1574 2588 89 39 rive
1707 2589 261 51 quelquefois
2011 2602 80 36 que,
2134 2589 38 39 le
2211 2588 238 49 charretier,
2497 2587 109 38 d'un

1575 2649 113 44 geste
1723 2644 221 50 généreuse,
1986 2641 84 50 fait
2109 2652 143 42 passer
2289 2655 75 26 son
2404 2640 202 52 équipage

1574 2710 73 26 sur
1684 2696 43 39 la
1765 2697 139 49 partie
1944 2697 129 49 pavée
2111 2696 51 37 de
2196 2695 43 39 la
2281 2696 191 39 chaussée
2489 2707 17 33 ;
2546 2695 58 39 tes

1575 2751 143 41 cahots
1748 2750 59 49 s'y
1835 2750 96 48 font
1962 2748 132 45 sentit
2121 2748 95 53 plus
2245 2749 223 39 durement
2501 2753 40 33 et

1575 2804 184 38 charbon
1788 2805 138 37 tombe
1952 2803 130 38 dru...

1626 2857 127 41 Ainsi
1780 2856 57 39 les
1862 2869 180 40 pauvres
2069 2856 174 49 femmes.
2271 2858 52 40 de
2351 2854 122 41 Paris
2504 2860 100 33 vont

1573 2924 59 25 au
1668 2911 200 45 charbon,
1914 2922 155 26 comme
2113 2908 57 42 les
2212 2922 179 36 pauvres
2432 2908 173 51 femmes

1573 2965 50 37 de
1650 2966 43 37 la
1718 2976 227 37 cam-pagne
1973 2971 102 32 vont
2099 2977 58 26 au
2181 2962 86 40 bois
2293 2967 124 37 mort.

1628 3021 102 48 4ux
1761 3020 96 51 plus
1890 3021 120 49 âgées
2043 3021 163 38 d'entre
2236 3019 107 51 elles,
2383 3019 94 41 elles
2509 3018 95 39 lais-

1573 3083 94 33 sent
1696 3076 58 41 les
1787 3075 234 44 meilleures
2055 3074 149 49 places,
2244 3079 92 32 tout
2372 3078 143 34 contre
2549 3073 57 37 les

1571 3142 132 36 roues,
1737 3128 41 39 là
1802 3131 55 35 où
1885 3129 38 37 le
1954 3129 187 37 charbon
2169 3127 111 39 choit
2308 3129 52 37 de
2390 3125 212 40 lui-même

1573 3183 104 40 dans
1712 3182 38 38 le
1788 3180 153 40 tablier
1976 3180 144 50 tendu,
2156 3183 41 37 là
2232 3183 54 39 où
2319 3179 32 38 il
2384 3180 110 38 n'est
2529 3192 74 37 pas

1573 3234 227 42 nécessaire
1831 3234 52 41 de
1909 3247 41 27 se
1983 3234 155 39 baisser
2167 3246 109 40 pour
2307 3234 159 49 chaque
2497 3245 107 26 mor-

1576 3302 115 29 ceau.

1628 3347 78 39 Les
1744 3346 97 51 plus
1877 3347 147 49 jeunes
2062 3359 42 25 se
2145 3344 198 41 baissent.
2385 3344 123 50 Mais,
2545 3345 61 38 du

1574 3401 145 50 moins,
1767 3400 96 41 elles
1902 3413 52 25 ne
1995 3405 95 33 sont
2130 3412 75 38 pas
2244 3397 238 52 assujetties
2520 3411 86 24 aux

1580 3457 235 38 courbettes
1861 3460 40 32 et
1947 3467 85 25 aux
2075 3453 233 50 platitudes
2351 3451 246 50 auxquelles

1575 3508 172 41 doivent
1787 3521 42 26 se
1862 3512 228 35 soumettre
2131 3506 57 39 les
2223 3505 133 39 riches
2393 3504 213 40 Parisiens

1577 3564 74 50 qui
1682 3561 172 40 veulent,
1885 3559 167 44 obtenir
2080 3562 27 36 à
2137 3557 95 51 prix
2264 3559 95 38 d'or
2387 3560 51 42 de
2466 3558 45 38 S.
2540 3559 62 38 M.

1576 3619 198 46 Bougnat
1814 3616 67 46 Zer,
1919 3615 66 38 toi
2020 3614 51 37 de
2105 3612 140 47 £'aris,
2285 3624 234 29 successeur
2555 3612 52 37 de,

1576 3670 141 40 Bistro
1745 3668 173 50 Ill-VI,
1950 3667 153 39 ancien
2128 3666 65 38 roi
2220 3666 71 38 des
2320 3664 212 49 Français,
2565 3664 42 38 la

1575 3723 202 44 livraison
1802 3724 27 37 à
1853 3720 191 42 domicile
2074 3720 110 40 d'un,
2206 3732 68 27 sac
2303 3718 300 41 d'anthracite.

2415 3793 141 44 ZETTE

1948 3953 140 54 Dans
2121 3949 46 46 la
2195 3948 128 48 Ville
2352 3947 251 54 Eternelle

1633 4065 144 48 Rome
1815 4063 136 52 aussi,
1985 4063 143 46 Rome
2165 4067 178 38 surtout
2377 4059 120 45 subit
2539 4059 64 46 le?

1572 4125 150 47 effets
1749 4125 57 43 de
1835 4125 45 42 la
1907 4138 156 41 guerre
2128 4121 126 44 Ville
2312 4119 294 57 cosmopolite

1577 4200 84 41 par
1690 4184 264 51 excellence,
1979 4183 91 42 elle
2093 4188 70 36 est
2196 4180 106 48 vide
2329 4181 276 54 d'étrangers

1572 4253 46 36 et
1648 4245 45 43 la
1717 4245 187 56 plupart
1934 4243 80 46 des
2040 4241 232 55 magasins
2296 4247 105 43 sont
2430 4240 173 43 fermés.

1577 4305 126 43 Ceux
1721 4304 76 55 qui
1816 4304 223 42 souffrent
2062 4303 42 41 le
2122 4303 104 54 plus
2247 4302 59 41 de
2323 4306 70 38 cet
2410 4299 118 43 arrêt
2548 4299 60 42 de

1573 4363 215 46 l'activité
1809 4369 101 36 sont
1931 4362 64 42 les
2012 4361 181 42 cochers
2216 4361 57 41 de
2293 4360 129 42 fiacre
2440 4357 89 57 qui.,
2547 4373 57 27 esn

1577 4430 146 49 temps
1756 4421 188 50 normal,
1976 4419 271 44 constituent
2283 4434 88 28 une
2400 4432 206 42 corpora-

1576 4484 94 43 tion
1688 4481 266 44 redoutable
1975 4495 112 41 pour
2105 4480 63 43 les
2182 4479 228 57 touristes,
2435 4478 47 43 la
2501 4492 104 29 con-

1573 4558 205 29 currence
1798 4543 79 45 des
1896 4540 252 47 taxi-autos
2166 4538 244 46 n'existant
2431 4552 94 41 pas.

1636 4602 340 51 Actuellement,
2004 4601 42 43 le
2067 4600 157 48 cocher
2250 4598 177 48 romain
2448 4604 69 40 est
2544 4612 63 28 un

1578 4663 176 44 homme
1783 4662 114 46 d'u.n
1927 4661 86 58 âge
2042 4660 178 47 variant
2251 4665 124 37 entre
2401 4658 207 46 soixante

1574 4730 46 38 et
1646 4721 312 48 soixante-dix
1993 4736 80 30 ans
2100 4725 46 38 et
2181 4720 115 45 dont
2327 4718 43 45 le
2397 4717 109 47 char
2536 4722 69 41 est

1575 4783 146 45 traîné
1746 4796 83 42 par
1860 4796 62 29 un
1949 4780 169 44 animal
2150 4777 355 61 apocalyptique
2530 4777 76 56 qui

1574 4843 75 46 n'a
1667 4843 61 42 du
1748 4841 157 43 cheval
1926 4856 87 41 que
2034 4840 246 46 l'ossature.

1634 4907 138 43 Aussi
1805 4906 66 43 les
1897 4904 234 47 habitants
2162 4904 58 42 de
2251 4903 46 43 la
2323 4901 127 45 Ville
2479 4902 127 43 Eter-

1575 4967 134 50 nelle,
1740 4981 88 43 peu
1856 4964 212 44 soucieux
2107 4965 60 41 de
2197 4979 49 31 se
2285 4962 117 47 faire
2432 4963 173 42 véhicu-

1577 5029 65 43 ler
1661 5042 83 44 par
1767 5025 58 46 de
1848 5025 167 56 pareils
2041 5024 232 55 attelages,
2293 5038 57 29 ne
2370 5028 236 51 prenoent-

1578 5088 57 43 ils
1659 5086 105 57 plus
1785 5101 85 41 que
1895 5085 64 43 les
1981 5092 252 47 tramways.
2257 5084 88 42 Les
2368 5089 180 48 tr:11nW,
2548 5089 60 48 ys

1575 5145 200 46 romains
1796 5151 101 37 sont
1918 5150 101 37 tout
2042 5144 28 42 à
2096 5144 20 42 f
2121 5143 65 42 ait
2234 5142 27 43 à
2311 5143 47 42 l.a.
2406 5142 198 45 hauteur.

1580 5208 184 44 Comme
1789 5206 26 42 à
1846 5205 139 49 Paris,
2012 5218 60 29 on
2100 5219 27 26 a
2151 5201 224 57 remplacé
2404 5202 66 44 les
2492 5216 114 29 rece-

1578 5282 127 30 veurs
1734 5280 82 41 par
1845 5265 78 44 des
1944 5264 193 45 'femmes
2163 5268 57 44 et,
2243 5261 208 49 celles-ci,
2475 5260 132 56 géné-

1576 5327 217 43 ralement
1816 5324 155 56 jeunes
1997 5331 45 36 et
2067 5322 225 57 gentilles,
2320 5328 80 38 ont
2421 5336 100 41 reçu
2547 5335 60 28 un

1577 5386 229 45 uniforme
1842 5384 222 55 gracieux,
2098 5381 195 58 quoique
2323 5380 179 45 bizarre.
2566 5380 38 43 Il

1576 5445 194 46 consiste
1795 5460 55 27 en
1874 5458 87 28 une
1984 5443 167 54 longue
2172 5447 162 51 capote
2360 5440 119 55 grise
2501 5454 105 30 avec

1576 5504 284 55 martingale,
1881 5502 74 57 qui
1982 5501 193 46 descend
2198 5500 238 56 jusqu'aux
2459 5500 148 55 pieds;

1579 5567 44 43 le
1646 5564 185 47 numéro
1855 5569 69 41 est
1983 5561 141 46 brodé
2178 5576 74 28 sur
2310 5560 47 42 la
2409 5559 196 44 manche.

1580 5626 102 44 QUlam
1682 5626 52 44 t
1760 5625 28 43 à
1814 5624 47 42 la
1888 5622 245 50 chevelure,
2160 5621 91 44 elle
2272 5626 74 37 est
2366 5619 242 56 COMPIète-

1577 5692 122 39 ment
1723 5683 120 58 prise
1870 5683 116 47 dans
2012 5696 85 29 une
2118 5680 140 57 petite
2280 5679 138 46 coiffe
2436 5693 59 28 en
2514 5678 96 46 soie

1578 5744 137 51 noire,
1734 5757 172 33 comme
1922 5757 56 28 en
1999 5748 82 38 ont
2101 5741 64 42 les
2185 5753 217 35 nounous,
2422 5753 108 28 avec
2546 5751 62 29 un

1583 5805 246 54 dépa'ssa.nt
1867 5803 134 43 blanc
2040 5799 249 46 semblable
2320 5799 28 44 à
2377 5797 118 44 celui
2528 5798 81 42 des

1580 5864 235 59 chapeaux
1837 5863 56 42 de
1915 5875 171 30 veuves.

1639 5928 148 49 Enfin,
1813 5941 75 30 sur
1909 5926 45 42 la
1979 5925 207 57 poitrine,
2213 5922 97 44 côté
2332 5920 183 58 gaïuche^
2543 5921 66 44 les

1578 5987 256 58 employées
1860 5991 178 48 portent
2066 5985 222 43 fièrement
2311 5997 88 30 une
2421 5982 190 46 cocarde

1581 6063 92 31 aux
1702 6046 202 46 couleurs
1932 6043 308 46 natioc-ales..

1640 6110 39 47 Il
1718 6105 147 57 paraît
1896 6119 86 38 que
2016 6103 65 44 les
2110 6101 217 47 Romains
2360 6117 56 31 ne
2443 6105 166 52 regret-

1580 6175 98 41 tent
1709 6168 105 59 plus
1851 6165 117 49 leurs
2001 6161 182 50 anciens
2211 6160 140 50 chars.

1934 6267 63 53 La
2021 6262 240 48 croisade
2290 6263 63 44 de
2381 6264 70 53 M.
2482 6261 128 49 Ford

1640 6379 63 46 M.
1729 6378 137 52 Ford,
1894 6373 251 50 Américain
2170 6372 149 46 résolu
2342 6380 46 35 et
2412 6373 201 55 pajerfiste

1587 6439 254 50 déterminé,
1871 6454 27 27 a
1926 6436 119 45 tenté
2069 6451 56 30 en
2154 6434 160 46 faveur
2344 6432 57 42 de
2422 6433 51 42 la
2502 6433 108 55 paix

1582 6516 90 28 une
1694 6499 206 43 croisade
1924 6498 77 54 qui
2030 6494 151 45 devait
2210 6509 58 30 en
2296 6504 142 34 même
2464 6498 147 54 temps

1581 6560 100 46 être
1694 6573 89 29 une
1804 6557 214 45 croisière.

1647 6626 38 43 Il
1724 6623 122 43 avait
1876 6637 56 28 en
1960 6621 111 44 effet
2100 6618 173 58 projeté
2304 6615 309 58 d'embarquer

1586 6686 117 45 dans
1723 6699 51 30 sa
1802 6681 151 50 galère
1977 6708 59 10 —
2060 6696 58 34 en
2146 6679 183 59 l'espèce
2357 6679 28 46 Y
2392 6675 216 50 Oscar,Il,

1590 6745 218 46 bâtiment
1847 6737 435 50 américano-danois
2347 6765 59 6 —
2471 6736 142 45 douze

1587 6801 325 55 personnalités
1946 6797 196 50 illustres
2174 6800 80 46 des
2289 6795 276 47 Etats-Unis
2602 6810 11 35 ;

1585 6879 71 32 ces
1683 6863 142 47 douze
1854 6873 301 44 personnages
2181 6857 209 47 devaient
2419 6855 127 55 jouer
2571 6854 44 43 le

1584 6924 96 45 rôle
1740 6923 80 44 des
1879 6920 143 44 douze
2050 6919 180 55 apôtres
2261 6916 58 46 de
2346 6918 48 42 la
2419 6915 125 51 Paix,
2567 6919 45 38 et

1586 6982 278 54 évangéliser
1890 6981 64 44 les
1978 6977 252 46 socialistes
2258 6978 115 42 dans
2402 6977 66 42 les
2493 6981 119 37 tran-

1588 7043 137 44 chées.
1755 7042 62 43 Ce
1838 7039 77 58 qui
1958 7053 102 32 sans
2084 7037 77 43 nul
2192 7038 150 55 doute,
2368 7035 148 44 aurait
2540 7034 75 47 dé-

1589 7101 184 44 terminé
1805 7107 102 36 tous
1947 7099 65 42 les
2052 7095 293 58 belligérants
2385 7096 26 46 à
2447 7101 168 39 rentrer

1589 7160 314 57 paisiblement
1943 7159 102 46 chez
2076 7170 88 31 eux
2188 7171 11 34 ;
2236 7162 44 37 et
2315 7155 65 45 les
2412 7154 201 46 combats

1591 7220 201 47 auraient
1810 7218 121 44 cessé
1956 7219 128 41 faute
2107 7216 57 43 de
2185 7215 314 46 comba.tta.'nts.

1649 7286 131 50 M:ais,
1814 7283 206 56 lorsqu'il
2062 7280 140 56 s'a;.git
2238 7280 59 43 de
2333 7286 177 38 trouver
2550 7278 65 43 les

1591 7347 142 41 douze
1765 7344 189 55 apôtres,
1987 7343 102 45 l'ère
2120 7342 80 42 des
2229 7337 245 46 difficultés
2501 7337 114 45 s'ou-

1590 7404 86 43 vrit
1700 7419 114 39 pour
1840 7403 60 45 M.
1925 7400 159 46 Ford...
2114 7399 287 44 L'inventeur
2425 7397 190 49 Edison,

1589 7462 228 55 pressenti,
1837 7478 49 28 se
1914 7461 145 43 défila.
2088 7459 63 46 Le
2177 7456 206 45 cardinal
2410 7457 204 43 Gibbons

1589 7538 176 39 envoya
1784 7538 51 28 sa
1860 7519 286 45 bénédiction
2162 7524 45 36 et
2230 7516 181 46 déclara
2430 7515 107 58 qu'il
2561 7530 57 31 ne

1590 7583 188 52 pouvait
1801 7582 92 42 rien
1920 7579 116 48 faire
2059 7579 58 47 de
2139 7578 140 55 plu.s...
2302 7575 60 46 M.
2386 7575 122 44 Ford
2534 7576 84 43 dut

1588 7658 50 31 se
1664 7641 199 47 raibattre
1882 7654 89 34 -sur
1995 7651 88 34 une
2107 7637 242 48 chanteuse
2376 7633 244 56 d'opérette

1588 7709 47 39 C,t
1655 7716 77 32 sua'
1754 7715 58 30 1111)
1835 7700 169 48 boxeur
2023 7698 149 60 nègre,
2195 7695 76 60 qui
2296 7693 322 48 demandèrent

1591 7763 79 45 des
1695 7757 177 47 cachets
1905 7757 309 51 formidables.

1649 7823 86 47 Sur
1753 7836 61 36 ce,
1838 7821 60 45 M.
1916 7821 193 55 Wilsoo,
2135 7818 229 57 président
2385 7816 57 44 de
2463 7816 47 44 la
2531 7814 86 43 Ré-

1591 7882 215 55 publique
1834 7879 79 47 des
1940 7878 288 50 Etats-Unis,
2259 7878 47 41 fit
2330 7876 235 45 conseiller
2590 7874 26 42 à

1590 7941 233 45 l'éminent
1847 7938 198 56 pacifiste
2072 7939 57 44 de
2156 7952 47 32 se
2224 7935 114 44 tenir
2364 7935 251 59 tranquille.

1648 8002 74 44 Et,
1754 8013 115 42 pour
1903 7997 175 46 comble
2109 7997 60 42 de
2199 7995 270 49 malchance,
2500 7992 114 48 voici

1593 8063 85 50 que
1704 8060 259 45 l'armateur
1991 8056 57 42 de
2108 8055 206 46 Oscar-If
2336 8053 205 55 poursuit
2561 8067 57 29 en

1593 8113 466 61 dommages-intérêts
2078 8114 70 46 M.
2173 8113 130 55 F,(gd.
2327 8112 93 63 qui,
2444 8127 66 33 au
2526 8111 91 48 mé-

2662 492 95 55 pris
2784 493 57 42 de
2868 508 68 29 ses
2958 501 329 49 engagements,
3308 496 74 42 n'a
3404 511 83 40 pas
3509 496 169 42 embar-

2662 552 85 53 qué
2783 567 79 27 son
2893 553 283 55 chargement
3208 555 223 55 d'apôtres
3465 556 113 43 dans
3615 557 64 41 les

2664 609 145 46 délais
2833 625 233 32 convenus.
3091 627 11 42 t,
3491 641 11 25 c

2945 691 59 50 Le
3029 689 244 53 pantalon
3298 690 61 52 de
3381 690 298 52 l'escouade

2720 780 127 47 Nous
2879 795 139 28 avons
3044 782 230 44 rencontré
3307 782 247 51 dimanche,
3582 797 100 27 ave-

2663 852 86 32 nue
2773 839 329 57 Victor-Hugo,
3132 855 60 28 un
3219 841 153 42 soldât
3401 841 282 55 permission-

2659 898 124 46 naire
2801 905 180 47 porteur
2999 899 134 45 d'une
3147 900 167 43 culotte
3331 900 57 42 de
3404 900 110 44 toile
3531 900 149 50 bleue;

2662 956 33 43 il
2719 957 240 58 grelottait.
2982 959 116 41 Pour
3119 974 49 27 se
3188 959 258 50 réchauffer,
3466 960 33 41 il
3521 974 113 28 nous
3656 975 26 26 a

2661 1016 130 44 conté
2818 1022 114 38 cette
2964 1018 207 52 agréable
3199 1018 217 44 anecdote
3447 1034 10 27 :

2722 1075 128 45 Dans
2878 1091 59 29 un
2962 1076 219 54 régiment
3207 1076 262 46 d'artillerie
3498 1077 75 54 qui
3593 1075 12 27 4
3636 1092 47 27 se

2661 1134 196 46 trouvait
2886 1135 264 44 récemment
3184 1136 27 42 à
3243 1135 210 55 Careracy,
3489 1137 63 42 les
3589 1152 94 38 per-

2660 1193 333 44 missionnaires
3029 1194 243 55 disposent,
3310 1210 60 27 au
3408 1196 127 48 total,
3572 1197 109 42 d'un

2659 1253 97 45 seul
2782 1253 221 54 pantalon
3029 1253 58 44 de
3111 1253 144 44 sortie.
3285 1254 64 44 Ils
3379 1254 42 42 le
3447 1262 185 38 mettent
3658 1255 26 41 à

2664 1318 100 35 tour
2792 1313 58 40 de
2875 1312 105 42 rôle.
3017 1311 62 43 Ce
3112 1313 219 55 pantalon
3356 1320 68 40 est
3457 1314 90 41 allé
3577 1314 107 55 déjà

2663 1371 98 43 huit
2784 1370 91 43 fois
2902 1370 25 42 à
2954 1370 124 43 Paris
3102 1386 72 28 sur
3196 1371 97 43 huit
3317 1373 147 54 paires
3490 1374 58 40 de
3570 1373 112 54 jam-

2663 1430 76 42 bes
2775 1429 269 45 différentes.
3075 1430 39 42 Il
3144 1446 27 28 a
3199 1432 152 54 acquis
3384 1446 61 30 un
3473 1446 211 30 surnoom

2665 1489 115 42 dans
2804 1490 47 42 la
2873 1488 186 44 batterie
3085 1505 10 27 :
3116 1504 57 29 on
3195 1488 215 58 l'appelle
3433 1507 23 24 «
3481 1491 202 43 Tire-au-

2663 1549 144 45 Flanc
2830 1564 87 27 »...
3027 1593 9 15 t
3142 1583 11 15 ,
3171 1576 19 26 ,f

2721 1609 95 41 Nos
2838 1607 150 54 poilus
3008 1607 96 42 s'en
3124 1614 233 39 amusent...
3380 1608 129 53 Mais,
3531 1611 151 54 quand

2661 1681 61 28 on
2742 1682 31 40 y
2793 1667 205 49 réfléchit,
3019 1666 31 46 il
3071 1674 67 38 est
3158 1682 123 29 assez
3302 1667 125 45 triste
3450 1669 59 41 de
3527 1684 159 40 penser

2663 1741 85 46 que
2763 1725 115 43 seize
2893 1726 114 42 mois
3028 1726 57 45 de
3105 1740 248 43 campagne
3372 1742 57 28 ne
3448 1728 96 44 leur
3564 1728 121 42 aient

2663 1800 83 40 pas
2774 1800 155 30 encore
2962 1785 148 42 donné
3144 1786 45 42 le
3215 1786 122 46 droit
3373 1801 57 28 au
3466 1787 217 55 pantalon

2662 1844 266 43 indijVitdtuel.

2722 1903 167 54 Qufa.nd
2920 1903 262 43 créera-t-on
3210 1904 178 43 l'œuvre
3413 1904 37 43 si
3480 1905 113 44 utile
3622 1907 62 42 du

2666 1980 22 25 c(
2718 1963 226 43 Pantalon
2976 1963 80 49 des
3086 1963 414 45 Permissionnaires
3530 1982 22 24 »
3579 1970 18 37 ?

3340 2049 63 42 La
3423 2051 84 42 Vie
3535 2049 148 44 chère

2722 2145 77 43 On
2822 2151 107 50 peut
2957 2145 96 43 voir
3076 2147 113 42 dans
3215 2145 63 44 les
3304 2145 197 56 champs,
3525 2152 159 36 autour

2665 2204 59 44 de
2751 2205 249 49 Palaiseau,
3035 2206 243 43 d'énormes
3311 2212 73 39 tas
3418 2206 57 42 de
3502 2205 183 45 salades

2661 2279 157 31 encore
2854 2265 202 44 fraîches.

2719 2351 59 6 —
2802 2325 128 42 Dans
2958 2325 102 55 quel
3089 2325 79 43 but
3196 2340 71 32 ces
3297 2325 181 43 salades
3501 2325 183 43 sont-el-

2664 2383 65 44 les
2760 2383 116 46 ainsi
2906 2385 223 42 entassées
3156 2390 16 37 ?
3206 2400 29 27 a
3273 2385 222 42 demandé
3530 2397 63 30 un
3628 2385 57 42 de

2660 2458 87 32 nos
2760 2444 256 45 rédacteurs
3040 2445 26 42 à
3083 2459 61 28 un
3165 2443 209 44 habitant
3399 2444 65 43 du
3484 2458 124 47 pays.

2718 2528 59 7 —
2800 2504 115 43 Pour
2936 2504 92 42 être
3048 2504 184 42 brûlées.

2718 2589 59 6 —
2803 2563 62 42 Et
2893 2563 114 43 dans
3035 2563 101 56 quel
3169 2563 79 42 but
3276 2577 71 29 ces
3376 2562 184 46 salades
3589 2562 95 44 doi-

2662 2622 234 43 vent-elles
2921 2622 91 43 être
3034 2623 175 42 brûlées
3234 2627 18 36 ?

2718 2708 59 5 —
2801 2682 120 42 Pour
2938 2682 140 43 éviter
3103 2683 45 42 la
3173 2682 147 46 baisse
3344 2682 79 43 des
3447 2697 127 28 cours
3596 2698 88 29 aux

2665 2741 196 43 Halles...
2893 2741 85 44 Les
3013 2742 277 57 maraîchers,
3329 2742 149 56 plutôt
3510 2758 86 40 que
3631 2743 54 41 de

2663 2800 165 43 vendue
2849 2801 116 42 leurs
2988 2801 180 45 salades
3186 2808 100 48 trop
3307 2801 91 43 bon
3416 2800 187 54 marché,
3623 2802 63 42 les

2662 2859 177 43 brûlent
2856 2875 60 27 ou
2939 2860 63 43 les
3022 2861 185 49 laissent
3229 2861 122 54 geler
3367 2876 76 30 sur
3459 2861 138 55 place.

2719 2946 58 12 t—
2834 2920 75 42 On
2965 2920 198 54 pourrait
3215 2921 204 54 toujours
3471 2920 217 43 autoriser

2664 2979 64 45 les
2749 2978 232 57 indigents
3007 2980 58 42 de
3086 2979 125 44 PaTis
3237 2980 27 43 à
3286 2979 125 44 venir
3433 2981 64 43 les
3521 2993 165 30 ramas-

2661 3054 70 28 ser
2755 3043 19 38 ?

2719 3126 58 5 —
2804 3099 73 43 On
2905 3114 25 27 a
2956 3098 158 56 essayé
3135 3114 10 36 ;
3171 3098 111 46 mais
3308 3098 330 45 raufcorisatiottit
3661 3115 27 28 a

2661 3159 70 42 été
2757 3158 253 56 supprimée
3033 3173 132 41 parce
3189 3174 85 41 que
3327 3160 189 42 certains
3568 3160 119 43 mdi-

2665 3224 129 48 glraits
2834 3233 58 28 en
2928 3218 255 56 profitaient
3219 3233 111 42 pour
3369 3220 217 49 revendre)
3621 3220 66 44 les

2663 3278 190 43 salades.

2721 3339 75 42 ...Il
2820 3338 73 43 fut
2914 3352 60 28 un
2996 3343 145 51 temps
3163 3337 57 44 où
3242 3339 44 43 la
3312 3337 275 46 destruction
3608 3340 79 43 des

2664 3397 179 44 denrées
2878 3397 304 45 alimentaires
3216 3398 263 45 constituait
3508 3414 62 28 un
3605 3398 80 44 cri-

2662 3472 72 28 me
2760 3457 109 56 puni
2899 3457 79 42 des
3012 3457 149 55 peines
3189 3457 231 43 instituées
3445 3465 152 43 contre
3624 3459 65 43 les

2663 3530 325 44 accapareurs...
3009 3517 39 43 Il
3072 3532 32 42 y
3125 3532 27 29 a
3172 3518 89 47 très
3285 3517 267 58 longtemps.

3462 3597 224 53 Citation

2721 3706 22 25 «
2772 3689 258 46 Guillaume
3055 3691 44 43 II
3118 3693 70 41 est
3206 3706 64 28 un
3290 3706 228 40 empereur
3537 3690 150 57 pacifi-

2663 3764 95 41 que.
2781 3749 39 45 Il
2843 3765 30 27 a
2896 3750 176 43 déclaré
3090 3751 81 42 dès
3190 3766 85 27 son
3294 3751 262 43 avènemenrt
3572 3751 113 56 qu'il

2661 3825 57 28 ne
2740 3809 173 44 voulait
2935 3826 81 40 pas
3039 3812 56 41 de
3115 3811 45 43 la
3180 3825 157 40 guerre
3352 3817 44 36 et
3420 3811 32 43 il
3474 3826 29 27 a
3522 3811 166 55 prouvé

2663 3886 83 39 par
2770 3884 68 29 ses
2862 3877 117 38 actes
2999 3886 66 35 ,en
3090 3869 249 58 vingt-cinq
3358 3885 85 28 ans
3461 3871 60 41 de
3540 3869 147 56 règne,

2664 3930 45 43 la
2736 3929 204 44 sincérité
2965 3930 57 42 de
3040 3945 70 28 ses
3137 3931 310 42 déclarations.
3476 3931 38 49 Il
3539 3945 28 27 a
3588 3931 100 42 rêvé

2665 3991 58 43 de
2746 3989 117 44 faire
2886 3990 56 44 de
2966 3989 314 56 l'Allemagme,
3308 3991 112 41 dans
3446 3990 47 42 la
3512 3990 110 55 paix
3643 3996 47 36 et

2662 4065 85 41 par
2773 4051 44 42 la
2842 4049 118 57 paix,
2987 4064 88 29 une
3101 4050 175 55 grande
3298 4048 237 58 puissance
3556 4051 131 41 mari-

2662 4110 120 50 time,
2817 4108 308 48 commerciale
3154 4115 46 37 et
3227 4109 255 49 mondaine.
3520 4109 43 44 Il
3599 4124 29 41 y
3662 4119 26 33 a:

2661 4168 148 46 réussi.
2839 4186 26 27 n

2921 4234 85 50 (Le
3025 4234 170 54 Miroir,
3218 4246 51 44 25
3292 4233 175 59 janvier
3492 4234 138 56 1914.)

3192 4327 23 27 «
3248 4315 239 53 Langage
3512 4312 132 54 poilu
3660 4327 20 26 »

2719 4423 25 24 «
2771 4406 63 44 Et
2854 4405 79 57 qui
2960 4404 87 45 sait
3066 4404 40 45 si
3131 4412 135 36 avant
3292 4404 118 43 deux
3435 4404 111 44 mois
3575 4404 48 42 1)
3623 4404 64 42 Al-

2666 4467 208 54 lemagne
2905 4471 45 37 et
2987 4464 257 50 l'Autriche,
3283 4471 237 48 marquant
3555 4464 130 43 elles-

2661 4526 164 43 mêmes
2846 4524 189 58 qu'elles
3060 4531 100 36 sont
3183 4540 56 30 au
3259 4525 109 41 bout
3391 4525 56 41 de
3470 4524 95 42 leur
3586 4539 101 28 rou-

2666 4587 113 49 lea,u,
2794 4601 58 27 ne
2869 4591 294 50 proposeront
3184 4599 82 41 pas
3287 4583 336 44 officiellement
3643 4583 48 43 la

2665 4645 109 57 paix
2807 4644 280 51 aux-Alliés,
3114 4643 75 59 qui
3220 4644 64 46 les
3311 4651 235 36 enverront
3572 4642 118 50 faire

2662 4706 92 51 f...?
2779 4721 24 25 »

2725 4789 64 43 Ce
2814 4790 118 41 n'est
2964 4802 81 42 pas
3072 4801 56 29 au
3182 4786 108 42 Père
3316 4785 236 44 Duches1ze
3605 4800 88 42 quq

2665 4864 112 29 nous
2798 4853 290 50 empruntons
3109 4853 114 36 cette
3247 4845 262 56 vigoureuse
3531 4845 158 56 appré-

2666 4909 166 45 ciation
2866 4908 57 42 de
2950 4908 46 44 la
3025 4906 218 47 situation
3267 4922 57 30 en
3350 4906 191 54 Europe.
3572 4906 119 46 C'est

2667 4969 27 42 à
2729 4975 127 36 notre
2886 4966 289 56 académique
3206 4966 205 46 confrère
3444 4965 156 45 l'Echo
3632 4965 59 43 de

2666 5028 139 49 Paris,
2831 5042 103 29 sous
2966 5026 47 43 la
3043 5026 229 54 signature
3303 5026 57 46 de
3389 5039 81 33 son
3496 5023 196 47 éminent

2664 5087 188 56 critique
2877 5085 210 45 militaire
3116 5084 166 44 Marcel
3310 5083 156 49 Hutin.

2722 5147 67 45 Le
2809 5164 21 23 «
2857 5147 197 54 langage
3073 5144 126 57 poilu
3222 5162 37 40 »,
3281 5159 50 32 ce
3353 5161 22 23 «
3400 5142 122 46 sabir
3539 5150 27 35 ïi
3588 5158 105 30 con-

2667 5207 254 47 ventionnel
2948 5205 76 60 qui
3053 5206 110 44 tient
3191 5205 64 44 du
3276 5204 267 55 petit-nègre
3566 5211 44 36 et
3636 5205 56 42 de

2667 5267 162 57 l'argot
2849 5267 179 55 apache,
3046 5272 46 36 et
3113 5264 131 57 qu'on
3266 5263 127 57 parle
3412 5264 279 45 maintenant

2669 5332 182 50 partout
2880 5324 200 58 (excepté
3142 5325 115 42 dans
3314 5325 65 45 les
3432 5322 261 54 tranchées),

2667 5387 110 42 tend
2815 5387 26 42 à
2870 5386 299 42 s'acclimater
3197 5384 118 46 dans
3346 5384 65 42 les
3446 5384 153 43 salons
3629 5383 65 43 les

2666 5447 103 56 plus
2807 5444 263 59 distingués.
3140 5444 38 43 Il
3216 5457 95 29 sera
3341 5443 171 45 bientôt
3546 5448 147 50 temps

2668 5521 86 41 que
2775 5506 64 46 les
2863 5506 175 45 soldats
3066 5504 63 42 du
3153 5504 125 42 front
3298 5501 257 47 reviennent
3580 5514 115 44 pour

2664 5566 209 56 rappeler
2904 5565 66 45 les
2997 5561 323 49 académiciens
3348 5577 59 28 au
3433 5568 173 45 respect
3636 5563 57 44 de

2671 5627 47 41 la
2748 5626 167 53 langue
2948 5623 257 55 française...
3236 5630 47 39 et
3316 5637 114 41 pour
3464 5620 231 57 empêcher

2668 5687 134 54 qu'on
2825 5685 205 54 imprime
3052 5684 115 45 dans
3189 5681 36 44 P
3225 5681 129 44 Eclzo
3379 5681 58 42 de
3458 5681 128 44 Paris
3613 5681 81 45 des

2673 5745 186 56 phrases
2900 5753 173 33 comme
3106 5756 48 29 ce
3160 5740 121 45 île-ci
3319 5741 161 55 (même
3523 5739 166 51 art/ide,

2669 5805 138 45 même
2836 5807 174 51 auteur)
3044 5815 13 31 :

2729 5904 22 24 «
2777 5887 142 49 Donc,
2939 5884 32 44 il
2991 5891 68 39 est
3077 5891 146 47 temps
3242 5897 113 42 pour
3378 5883 67 44 les
3464 5882 230 44 états-ma-

2668 5947 94 56 jors
2793 5947 79 48 des
2905 5951 155 51 quatre
3091 5944 254 56 puissances
3378 5942 58 45 de
3467 5942 228 46 l'Entente

2674 6008 57 43 de
2749 6013 224 48 (rattraper
3000 6003 112 44 celui
3136 6004 76 54 qui
3237 6017 28 28 a
3292 6002 68 43 été
3385 6002 158 55 perdu,
3565 6009 46 35 et
3639 6001 58 45 de

2672 6066 274 46 coordonner
2972 6064 127 49 entiez
3121 6063 132 42 dum
3274 6062 139 53 façon
3436 6060 196 43 décisive-
3652 6066 44 35 et

2668 6141 58 32 ne
2745 6126 193 47 varietur
2954 6124 97 43 leur
3073 6124 109 54 Plan
3202 6121 196 45 d'action
3422 6135 56 28 en
3499 6119 194 43 Orient.»

2730 6209 167 44 Phrase
2929 6207 77 55 qui
3041 6206 173 43 offense
3248 6204 28 43 à
3308 6203 48 43 la
3389 6202 93 44 fois
3516 6202 46 42 la
3590 6217 106 39 syn-

2668 6277 121 48 taxe,
2824 6268 46 45 la
2898 6265 285 59 géographie,
3211 6264 47 42 la
3284 6263 168 56 langue
3480 6260 142 45 latine
3651 6267 45 38 et

2671 6331 48 42 la
2737 6327 172 48 science
2933 6324 288 58 stratégique.

3102 6404 286 47 Nouveaux
3416 6399 279 53 scandales

2729 6511 23 24 «
2781 6493 80 47 Six
2883 6506 105 40 gros
3013 6493 336 51 commerçants,
3401 6486 189 55 chargés
3640 6487 56 41 de

2675 6553 271 46 fournitures
2977 6551 58 43 de
3066 6550 262 44 chaussures
3359 6553 44 37 et
3441 6547 57 44 de
3524 6545 116 46 cuirs
3669 6544 27 41 à

2672 6614 187 49 l'année,
2887 6618 102 38 sont
3015 6609 176 46 accusés
3215 6607 57 44 de
3300 6606 199 48 fraudes,
3523 6606 57 43 de
3607 6603 87 42 fal-

2670 6673 244 46 s:fications
2944 6679 44 35 et
3023 6666 352 56 d'irrégularités
3414 6666 114 42 dans
3561 6664 45 40 la
3642 6662 53 41 li-

2672 6734 225 46 vraison...
2922 6731 74 48 On
3019 6729 126 57 parle
3171 6728 57 45 de
3252 6724 220 59 plusieurs
3494 6720 203 47 millions

2669 6791 233 57 escroqués
2922 6791 26 44 à
2969 6789 154 46 l'Etat.
3147 6803 23 25 »

2730 6863 119 45 C'est
2871 6862 28 43 à
2922 6859 152 48 Berlin
3094 6873 87 43 que
3199 6857 42 44 le
3263 6853 155 60 ptocès
3436 6867 59 29 va
3512 6867 49 29 se
3581 6852 116 57 plai-

2675 6925 89 43 der.

2733 6985 115 45 Sans
2862 6996 117 28 nous
3000 6978 203 45 consoler
3218 6981 101 38 tout
3342 6974 28 42 à
3389 6972 99 50 fait,
3509 6988 52 40 ça.
3582 6987 114 30 nous

2676 7045 88 43 fait
2781 7040 158 60 plaisir
2962 7040 56 42 de
3035 7043 225 38 constater
3275 7032 129 61 qu'ils
3422 7048 58 30 en
3498 7038 78 38 ont
3598 7047 98 30 aus-

2674 7106 40 46 si
2730 7119 58 33 en
2811 7101 509 56 Allemagne..

3117 7174 248 55 Question
3394 7169 303 46 d'actualité

2732 7273 69 43 La
2825 7269 172 46 Société
3022 7269 58 45 de
3107 7262 286 60 Géographie
3413 7277 144 28 suisse
3577 7263 123 42 vient

2677 7335 58 43 de
2758 7334 182 53 donner,
2966 7330 115 42 dans
3104 7330 45 42 la
3172 7325 114 45 salle
3308 7323 58 43 de
3385 7322 244 51 l'Athénée,
3650 7336 50 29 sa

2673 7393 213 61 première
2918 7390 167 43 séance.
3450 7414 6 12 1

2734 7453 60 43 M.
2823 7448 167 49 Alfred
3019 7446 194 46 Boissier
3237 7458 27 29 a
3289 7442 90 43 fait
3397 7455 89 29 une
3505 7455 193 29 commu-

2672 7512 199 45 nication
2902 7508 253 54 applaudie
3180 7518 78 32 sur
3289 7503 68 41 La
3385 7500 215 45 situation
3635 7499 63 42 du

2676 7571 191 50 Paradis
2898 7575 211 38 terrestre.
3135 7567 127 42 Cette
3285 7561 266 45 conférence
3575 7576 27 27 a
3629 7560 71 41 été

2676 7628 327 54 accompagnée
3035 7628 57 41 de
3123 7643 21 23 «
3180 7623 272 54 projections
3484 7620 215 44 lumineu-

2674 7708 72 31 ses
2771 7710 24 23 »
2816 7699 48 35 et
2887 7705 26 29 a
2937 7686 149 45 donné
3112 7687 88 44 lieu
3225 7685 27 42 à
3276 7698 61 29 un
3390 7680 198 54 échajnge
3644 7680 57 42 de

2677 7767 106 28 vues
2818 7748 147 47 animé
2993 7753 125 37 entre
3176 7743 112 45 MM.
3319 7741 65 45 les
3419 7738 281 60 professeurs

2675 7811 213 57 présents.

2735 7870 38 41 Il
2808 7867 207 43 convient
3047 7865 58 42 de
3141 7861 194 46 féliciter
3363 7859 46 44 la
3440 7854 174 48 Société
3645 7857 57 43 de

2678 7925 286 52 Géographie
2984 7925 144 42 suisse
3151 7936 115 37 pour
3294 7919 43 43 le
3366 7917 131 44 choix
3522 7913 81 47 des
3629 7929 73 28 su-

2677 7988 87 57 jets
2790 8000 77 29 sur
2899 7983 193 59 lesquels
3122 7997 48 30 se
3198 7986 126 51 porte
3356 7992 84 29 son
3470 7975 229 45 attention.

2736 8045 91 47 Car
2856 8045 46 45 la
2935 8040 276 54 géographie
3238 8043 363 51 contemporaine
3633 8039 70 44 est

2674 8121 67 33 UI1'
2757 8103 156 61 mythe
2937 8118 12 29 :
2974 8102 65 49 les
3058 8099 275 52 Alleqaa&ds
3348 8103 180 44 sontei*
3548 8092 157 60 Belgi-

3738 511 94 40 que,
3854 498 63 42 les
3941 499 160 54 Belges
4123 508 103 36 sont
4246 517 54 28 en
4326 504 177 51 France,
4528 505 65 43 les
4613 506 138 44 Fran-

3742 555 91 54 çais
3854 566 101 34 sont
3969 573 56 27 en
4046 558 162 51 Serbie,
4226 561 64 42 les
4312 562 154 43 Serbes
4482 571 102 36 sont
4599 580 60 29 ien.
4676 564 80 44 Al-

3741 612 138 59 banie,
3901 616 63 43 les
3982 619 155 52 nègres
4153 634 61 26 un
4231 634 88 40 peu
4338 628 180 46 partout
4543 639 10 35 ;
4570 624 34 42 il
4625 627 78 49 n'y
4726 633 28 33 a;

3742 674 103 54 plus
3867 675 57 41 de
3944 675 200 44 Balkans
4165 678 158 54 depuis
4341 679 222 55 plusieurs
4583 684 112 46 mois
4712 690 46 36 et

3742 733 156 55 depuis
3919 735 107 43 trois
4047 735 149 44 siècles
4219 737 33 42 il
4274 738 74 51 n'y
4372 753 26 27 a
4419 739 101 52 plus
4544 740 57 44 de
4621 743 132 51 Pyré-

3738 793 113 42 nées.

3797 851 177 46 Tandis
3996 869 86 41 que
4106 855 46 43 la
4177 855 273 59 géographie
4474 859 65 42 du
4568 860 185 45 Paradis

3741 918 213 44 terrestre,
3980 913 121 43 voilà
4121 929 88 29 une
4232 914 169 47 science
4425 917 178 54 précise,
4627 920 128 55 qu'on

3741 978 105 47 peut
3873 986 201 40 appuyer
4104 973 56 41 de
4195 974 271 57 documents,
4498 977 57 41 de
4584 978 170 53 projec-

3743 1029 118 43 tions
3896 1031 410 57 photographiques
4335 1040 45 35 et
4407 1034 142 44 même
4584 1036 172 43 d'autdl-

3742 1089 121 42 tions-
3898 1089 341 54 phonograpliiq
4246 1107 74 27 ues
4381 1100 268 51 rapportant
4712 1096 46 45 la

3740 1149 308 44 conversation
4070 1157 122 38 entre
4218 1151 96 42 Eve
4336 1157 46 38 et
4407 1152 44 46 le
4473 1153 198 56 Serpent

3800 1207 230 42 Comment
4056 1223 49 27 ce
4128 1209 119 53 sujet
4270 1210 118 42 a-t-il
4446 1226 60 40 pu
4558 1214 199 42 soulever

3742 1280 85 28 une
3848 1266 249 42 discussion
4117 1275 123 35 entre
4261 1269 110 42 MM.
4392 1268 66 46 les
4481 1272 278 53 professeurs

3743 1325 55 42 de
3822 1324 44 42 la
3888 1325 171 43 Société
4079 1326 249 57 helvétique
4349 1329 58 41 de
4430 1331 284 55 Géographie
4738 1336 17 37 ?

4240 1407 87 51 Les
4351 1405 182 54 jeunes
4561 1407 197 53 classes

3801 1493 72 43 On
3900 1494 260 43 demandait
4185 1496 93 42 hier
4303 1497 26 41 à
4351 1498 288 43 Clemenceau
4666 1515 12 28 :

3798 1553 299 52 —-Pourquoi
4120 1553 152 47 diable
4292 1556 264 45 n'êtes-vous
4575 1573 83 38 pas
4677 1559 80 43 mi-

3743 1610 137 45 nistre
3902 1617 17 37 ?

3877 1672 136 44 Parce
4031 1687 85 42 que
4136 1673 47 57 je
4201 1673 91 46 suis
4314 1681 106 50 trop
4440 1674 142 56 jeune,
4600 1677 158 54 répon-

3744 1730 134 48 dit-il,

4567 1799 191 51 Incurie

3799 1885 127 44 Dams
3961 1887 41 42 le
4034 1889 193 53 quartier
4258 1890 57 42 de
4347 1890 407 56 l'Hôtel-de-Ville,

3744 1944 289 56 l'exposition
4066 1949 80 41 dse
4181 1949 232 55 poubelles
4448 1965 76 27 sur
4553 1950 65 48 les
4648 1956 111 39 trot-

3741 2004 109 43 toirs
3875 2020 49 28 se
3950 2006 220 56 prolonge
4195 2007 174 57 jusqu'à
4394 2009 112 44 trois
4526 2026 153 32 'rieuTes
4703 2012 58 42 de

3743 2062 301 55 l'après-midi.

3800 2124 95 42 Nos
3916 2124 256 49 conseillers
4226 2127 293 56 municipaux
4572 2136 187 48 peuvent

3746 2182 112 47 ainsi
3893 2198 45 27 se
3965 2184 264 55 renseigner,
4264 2202 82 39 par
4380 2203 60 27 un
4470 2189 95 42 seul
4597 2191 160 52 regard

3744 2241 89 56 jeté
3855 2257 73 28 sur
3951 2244 63 44 les
4038 2244 142 42 boîtes
4204 2246 26 42 à
4255 2248 195 49 ordures,
4472 2262 77 29 sur
4567 2249 42 43 le
4630 2265 128 33 menu

3744 2301 58 46 de
3824 2301 115 48 leurs
3965 2302 74 51 q;'¿
4039 2302 209 51 nJ-Í,nistrés
4273 2320 57 30 en
4348 2321 71 28 ces
4439 2313 145 48 temps
4608 2308 58 43 de
4690 2309 70 45 vie

3744 2360 135 48 chère.

4487 2426 271 53 Définition

3800 2529 57 6 —
3881 2504 136 55 Papa,
4038 2518 113 30 nous
4176 2521 187 28 sommes
4383 2507 113 44 allés
4520 2524 58 27 au
4597 2509 163 51 dessin,

3747 2560 324 56 aujourd'hui...
4108 2565 221 57 <Qu'appeI
4335 2566 158 46 le-t-on
4529 2568 80 49 des
4643 2583 119 41 grec-

3746 2636 107 41 ques
3876 2627 17 38 ?

3800 2682 64 43 Le
3902 2683 111 62 père,
4044 2683 137 46 lisant
4219 2684 66 50 les
4313 2687 234 44 nouvelles
4577 2686 182 46 d'Athè-

3745 2755 80 29 ,n'es
3849 2756 13 29 :

3802 2828 58 9 —
3881 2801 93 46 Des
3992 2802 180 57 zigzags
4200 2805 14 43 !

3790 2949 114 42 Nous
3931 2951 220 44 rappelons
4177 2954 24 35 à
4231 2961 75 28 nos
4338 2954 184 38 abonnés
4549 2964 78 35 que
4678 2958 85 38 tout

3743 2997 276 47 changement
4054 2998 215 42 &adresse
4305 3002 80 36 soit
4427 3001 88 39 être
4556 3010 212 37 accompa-

3744 3048 78 40 gné
3842 3046 48 35 de
3914 3046 39 34 la
3972 3055 161 33 somme
4152 3048 48 37 de
4224 3046 44 37 50
4290 3050 210 43 centimes,
4523 3060 52 27 en
4594 3051 170 38 mandat

3744 3099 53 31 01j,
3829 3092 317 46 timbres-poste,
4186 3103 103 37 pour
4324 3095 103 45 frais
4456 3097 50 36 de
4537 3097 228 43 confection

3745 3139 120 35 d'une
3887 3139 188 37 nouvelle
4104 3141 144 37 bande.

3744 3266 104 80 Le
3874 3266 73 86 "
3947 3266 331 86 Sourire
4302 3270 108 86 de
4440 3268 241 94 Reims
4681 3268 81 94 "

3980 3398 128 74 est
4148 3400 62 72 à
4246 3394 290 92 Reims

3792 3567 116 40 Nous
3937 3578 135 30 avons
4102 3569 126 46 parlé,
4258 3570 146 38 l'autre
4432 3570 104 46 jour,
4568 3572 49 36 de
4647 3572 121 38 l'inci-

3746 3614 96 37 dent
3876 3617 165 35 soulevé
4075 3627 76 35 par
4175 3626 58 27 un
4259 3618 165 44 journal
4458 3619 238 45 américain,
4732 3622 39 35 le

3746 3663 233 38 New-Y01'l.;
4013 3665 149 44 Times,
4197 3667 71 44 qui
4299 3666 116 37 avait
4444 3666 164 39 affirmé
4645 3668 123 43 qu'un

3745 3709 208 46 fragment
3984 3712 50 37 de
4059 3713 147 45 statue,
4237 3716 233 43 provenant
4492 3716 53 35 de
4571 3715 43 36 lé
4636 3716 133 37 cathé-

3746 3758 114 39 drale
3900 3760 49 35 de
3987 3760 156 45 Reims,
4175 3761 116 39 avait
4324 3762 66 36 été
4425 3763 142 36 acheté
4603 3772 78 35 par
4713 3773 55 26 un

3744 3806 194 36 amateur
3959 3807 74 39 des
4059 3808 250 37 Etats-Unis.
4337 3809 170 43 D'après
4528 3810 42 37 la
4593 3810 179 44 descrip-

3746 3853 85 42 tion
3864 3855 125 44 qu'en
4021 3856 171 41 donnait
4216 3858 121 38 notre
4363 3858 197 41 confrère,
4590 3868 54 26 on
4672 3867 97 33 pou-

3746 3899 87 43 vait
3855 3901 132 40 croire
4011 3904 99 40 qu'il
4136 3903 215 41 s'agissait
4375 3905 120 38 d'une
4518 3906 81 38 tête
4626 3905 145 39 d'ange

3746 3949 159 37 célèbre
3928 3961 100 30 sous,
4045 3951 37 37 le
4099 3960 97 27 nom
4214 3955 51 35 de
4286 3965 18 20 «
4325 3952 168 37 Sourire
4509 3952 52 38 de
4575 3943 190 47 Reims"».

3746 3996 99 41 Fort
3875 3998 131 46 émue,
4039 3998 362 38 l'administration
4432 4000 71 38 des
4531 4001 240 36 beaux-arts

3743 4045 139 35 ouvrit
3911 4054 87 31 une,
4017 4047 176 45 enquête
4219 4048 74 45 qui
4316 4046 113 38 vient
4454 4044 202 40 d'aooutir--
4656 4044 51 40 à
4728 4049 45 35 la

3744 4092 249 37 découverte
4020 4094 54 36 de
4100 4094 41 36 Ta
4168 4093 82 38 tête
4278 4104 51 26 en
4353 4095 192 41 question
4577 4095 105 36 dans
4711 4096 59 35 les

3744 4148 128 31 caives
3901 4141 49 36 de
3982 4135 285 49 l'archevêché
4290 4143 53 35 d.e
4367 4142 154 37 Reims.
4552 4143 87 37 Elle
4661 4143 111 36 n'est

3747 4196 76 36 pas
3844 4186 166 49 intacte,
4037 4198 73 32 car
4132 4198 49 27 en
4208 4189 200 46 tombant,
4434 4200 55 27 au
4513 4191 183 39 moment,
4718 4190 55 36 du

3746 4236 341 37 bonïbaiidiernent
4107 4237 92 43 ,elle
4221 4246 46 27 se
4288 4246 122 28 cassa
4431 4247 53 26 en
4502 4237 145 46 quatre
4667 4247 105 27 mor-

3747 4291 139 37 ceaux,
3915 4285 107 38 mla1s
4051 4293 67 27 ces
4144 4293 237 37 morceaux,
4409 4285 219 37 retrouvés
4647 4285 125 45 épars

3744 4331 136 44 parmi
3910 4331 184 36 d'autres
4125 4331 149 46 débris,
4309 4333 74 35 ont
4410 4341 56 36 pu
4497 4332 89 37 être
4609 4332 158 41 zéunis,

3745 4378 39 35 et
3805 4378 236 38 l'ensemble
4059 4378 65 36 est
4145 4378 260 45 reconstitué,
4429 4387 56 27 ne
4504 4378 178 40 laissant
4700 4387 69 37 pa..-

3745 4425 126 36 raître
3892 4435 80 35 que
3999 4425 49 36 de
4073 4425 161 47 légères
4260 4426 257 36 ébréehmresl.

3791 4473 33 36 Il
3857 4474 65 35 est
3958 4473 105 36 donc
4096 4473 155 46 prouvé
4287 4483 80 37 que
4400 4483 46 33 ce
4478 4473 110 37 n'est
4623 4483 76 37 pas
4732 4472 38 37 le

3747 4533 19 20 c(
3790 4520 168 37 Sourire
3979 4520 49 37 de
4053 4520 141 39 Reims
4218 4535 19 20 »
4262 4521 96 46 qu'a
4383 4520 146 36 acheté
4554 4521 218 36 l'amateur

3748 4568 228 39 américain
4012 4579 9 34 ;
4049 4569 31 36 il
4109 4568 119 46 s'agit
4260 4568 261 37 maintenant
4550 4572 54 35 de
4631 4566 141 39 sa.voir

3748 4616 93 39 quel
3872 4620 64 35 est
3962 4616 38 38 le
4029 4623 195 32 morceau
4250 4616 49 36 de
4331 4615 209 46 sculpture
4568 4616 70 39 qui
4664 4616 59 38 lui
4745 4625 29 26 a

3746 4664 66 38 été
3837 4664 146 43 vendu,
4010 4665 35 36 si
4067 4662 158 42 calui-<;i
4246 4660 194 49 provient,
4459 4663 95 37 bien
4578 4663 51 36 de
4649 4663 44 36 La
4709 4672 64 27 ca-

3750 4712 183 38 thédrale
3965 4712 180 37 rémoise
4173 4712 39 35 et
4240 4712 72 47 qui
4341 4722 28 26 a
4398 4712 115 40 servi
4540 4710 233 41 d'interrné..

3746 4758 131 42 dïairç
3899 4760 109 38 dans
4029 4758 106 41 cette
4154 4759 227 47 opsr&tio.n,.

3792 4806 61 40 En
3881 4807 219 39 attendant
4132 4815 79 38 que
4241 4805 173 42 l'affaire
4446 4806 82 40 soit
4560 4806 213 44 complète-

3755 4853 122 48 nient
3914 4852 212 46 £cteirc>iev
4157 4853 258 40 remercions
4459 4854 40 34 le
4533 4854 236 36 New-Yorlz

3750 4903 137 35 Tintcs
3913 4901 157 37 d'avoir
4094 4901 211 46 provoqué
4330 4900 203 47 l'enquête
4556 4901 68 42 qui
4646 4910 29 30 a.
4701 4900 75 36 fait

3750 4948 216 36 retrouver
3987 4948 42 35 la
4055 4948 186 39 fameuse
4270 4946 82 40 tête
4378 4947 160 48 d'ange.
4568 4948 107 40 Sa'ns
4701 4946 70 44 lui,

3751 4996 60 40 les
3836 4996 145 46 quatre
4002 5004 222 28 morceaux
4249 4994 71 47 qui
4344 4995 41 37 la
4407 4994 284 47 composaient
4716 5003 60 28 se-

3754 5046 139 37 raient
3930 5052 100 28 sans
4070 5043 124 37 doute
4233 5043 135 38 restés
4407 5043 96 36 bien
4542 5042 233 45 longtemps

3749 5100 152 29 encore
3930 5092 109 43 4ans
4071 5091 64 35 les>
4167 5099 124 28 caves
4323 5090 55 37 de
4411 5089 293 44 l'archevêché,
4734 5088 43 36 et

3751 5140 103 36 Dieu
3889 5138 81 39 sait
3999 5139 142 45 qua'nd
4167 5147 54 27 on
4258 5147 46 27 se
4332 5136 127 38 serait
4488 5136 140 39 décid.é
4657 5137 25 35 à
4713 5137 62 37 les

3750 5187 245 38 rechercher
4015 5186 173 38 d'abord
4209 5186 39 37 et
4265 5188 27 35 à
4311 5186 60 38 les
4393 5184 144 39 réunir
4557 5183 174 40 ensuite.

3860 5288 78 62 LE
3972 5286 320 64 COURRIER
4320 5286 84 62 DE
4442 5284 228 68 SERBIE

3797 5410 114 37 Nous
3940 5419 135 31 avons
4112 5409 68 45 dit,
4215 5409 27 36 il
4277 5419 26 25 v
4334 5419 27 26 a
4389 5408 202 47 quelques
4647 5408 126 46 jours,

3749 5468 77 34 que
3857 5459 59 37 les
3950 5458 100 36 colis
4086 5458 176 46 postaux
4293 5456 188 39 destinée
4504 5465 85 30 aux
4615 5455 163 38 militai-

3750 5516 67 26 res
3851 5507 52 37 du
3937 5515 119 36 corps
4089 5504 352 47 expéditionnaire
4471 5504 52 35 de
4555 5503 223 46 Saionique

3746 5554 195 38 devaient
3972 5553 85 36 être
4093 5552 185 46 déposés,
4310 5552 94 45 port
4435 5550 119 46 payé,
4586 5551 107 38 dans
4721 5559 56 27 un

3749 5602 160 38 bureau
3935 5601 50 37 de
4016 5599 289 46 messageries,
4339 5600 28 35 à
4398 5598 197 37 l'adresse
4618 5599 57 34 du
4707 5598 71 36 bu-

3748 5658 105 31 reau.
3879 5648 193 39 militaire
4097 5648 49 38 de
4172 5646 208 41 Marseille
4402 5646 72 46 qui
4497 5655 46 28 se
4568 5645 211 46 chargeait

3752 5696 160 39 ensuite
3940 5697 52 35 de
4021 5695 60 37 les
4111 5694 194 46 expédier
4333 5693 295 45 gratuitement
4656 5693 27 35 à
4708 5693 70 35 Sa-

3750 5744 174 43 ionique.
3964 5743 115 40 Nous
4112 5751 134 27 avons
4282 5740 58 37 dit
4364 5740 94 38 hier
4483 5749 82 32 que
4590 5739 96 37 tous
4717 5739 62 35 les

3743 5790 226 41 militaires
4004 5789 292 40 actuellement
4331 5798 50 27 en
4419 5787 144 38 Serbie
4594 5795 47 26 se
4679 5786 99 46 plai-

3750 5840 126 43 gnent
3899 5839 48 36 de
3971 5847 53 27 ne
4045 5835 186 39 recevoir
4256 5845 161 28 au-cune
4433 5834 124 37 (lettre
4574 5834 43 36 ni
4639 5842 140 28 aucun

3750 5887 100 37 colis
3876 5887 55 35 de
3962 5886 170 36 France.
4172 5885 66 36 Om
4267 5882 171 45 pouvait
4465 5882 109 35 donc
4600 5890 53 28 en
4686 5890 92 27 con-

3752 5936 111 34 clure
3889 5943 80 33 que
3994 5933 36 35 le
4054 5931 160 39 service
4239 5925 75 45 dès
4334 5929 145 44 postes
4500 5928 49 37 'et
4573 5929 74 37 des.
4674 5938 105 27 mes-

3752 5981 187 44 sageries
3965 5981 115 36 entre
4108 5980 41 35 la
4174 5980 157 35 France
4362 5978 38 35 et
4426 5976 45 37 la
4499 5974 143 39 Serbie
4669 5976 111 37 fonc-

3751 6028 141 40 tionne
3923 6029 121 37 d'une
4079 6027 120 45 façon
4230 6024 245 45 déplorable.

3799 6076 125 40 Aussi
3947 6082 309 35 .sommes-no'ns
4277 6081 60 26 un
4360 6080 83 37 .peu
4470 6071 170 40 étonnés
4667 6071 113 46 d'ap-

3752 6125 176 42 prendre
3968 6133 78 32 par
4080 6130 83 26 'une
4198 6119 180 48 dépêche
4417 6119 49 40 de
4498 6119 171 37 l'Havas
4701 6127 79 38 que

3752 6173 97 35 MM.
3888 6169 198 39 François
4126 6166 215 42 Fournier,
4401 6166 378 37 Patureau-Baron-

3749 6223 71 36 net
3853 6220 38 35 et
3920 6206 101 52 Pa'ul
4054 6215 189 45 Ribeyre,
4279 6214 185 46 députés,
4495 6215 96 35 sont
4619 6212 158 37 arrivés

3752 6267 91 37 hier
3877 6268 26 35 à
3937 6261 219 46 Marseille,
4196 6262 202 38 revenant
4437 6262 50 40 de
4544 6260 232 45 Saionique,

3749 6315 126 40 après
3905 6311 120 37 avoir
4059 6310 149 40 rempli
4239 6309 42 36 la
4338 6308 176 39 mission
4568 6306 97 40 dont
4715 6306 63 36 les

3750 6362 115 36 avait
3892 6358 177 43 chargés.
4098 6358 43 35 la
4170 6356 270 40 commission
4463 6357 76 39 des
4568 6354 137 46 postes
4740 6354 41 35 et

3752 6407 260 41 téaégra.ph&s
4045 6406 54 37 de
4131 6406 40 36 la
4200 6404 207 37 Chambre
4461 6404 74 35 des
4589 6400 186 45 députés,

3752 6455 173 38 mission
3957 6455 74 41 qui
4068 6450 216 42 consistait
4317 6453 25 36 à
4376 6457 175 30 assurer
4603 6447 39 35 le
4698 6448 82 36 bon

3750 6502 352 40 fonctionnement
4141 6501 53 36 du
4226 6497 160 40 service
4423 6495 132 46 postal
4589 6495 120 39 ootr-Q
4739 6496 43 37 la

3752 6550 161 41 France
3943 6549 43 37 et
4017 6549 122 38 notre
4168 6556 121 41 corps
4326 6540 362 55 exp:ÓÓiljo¡m.air'e.

3838 6662 139 66 Les
4026 6654 340 87 délégués
4409 6651 291 68 suédois

3803 6798 60 33 La
3886 6794 233 44 délégation
4144 6789 193 40 suédoise
4362 6799 28 30 a
4414 6789 67 38 été
4502 6797 124 35 reçue
4647 6786 91 38 hier
4760 6788 24 35 à

3756 6845 207 39 déjeuner,
4004 6852 57 30 au.
4093 6839 138 40 Palais
4263 6837 190 45 d'Orsay,
4488 6845 79 37 par
4597 6837 42 37 la
4675 6845 106 27 com-

3755 6884 177 45 mission
3969 6890 74 38 des
4083 6883 168 41 affaires
4285 6884 268 44 extérieures,
4595 6883 191 46 présidée

3755 6949 78 32 par
3858 6940 53 36 M.
3943 6938 183 43 Georges
4150 6935 201 44 Leyg,ue.s,
4408 6929 263 49 qu'assistait
4726 6931 51 35 M.

3760 6986 211 45 Painlevé,
4015 6982 192 41 ministre
4248 6981 51 40 de
4337 6979 281 40 l'instruction
4655 6979 129 45 publi-

3757 7044 91 38 que.

3802 7083 54 32 M.
3887 7078 292 41 Gildenstolpe,
4208 7074 195 39 ministre:
4424 7074 53 35 de
4501 7072 133 41 Suède
4659 7073 27 35 à
4710 7072 73 36 Pa-

3756 7129 71 38 ris,
3858 7133 42 32 et
3925 7129 62 35 les
4011 7125 210 38 membres
4244 7125 48 36 de
4316 7123 42 35 la
4404 7120 179 45 légation
4628 7118 158 37 étaient

3758 7188 53 26 au
3838 7176 173 38 nombre
4039 7174 73 39 des
4139 7171 194 39 convives
4360 7167 110 38 ainsi
4499 7176 77 35 que
4605 7166 93 36 tous
4724 7166 58 36 les

3755 7223 208 37 .titula;ires
3995 7221 53 37 du
4079 7218 91 45 prix
4202 7217 128 38 Nobel
4362 7215 188 42 présents
4587 7214 27 36 à
4649 7212 131 44 Paris,

3755 7272 140 40 l'abbé
3922 7268 210 42 Wetterle,
4165 7266 52 35 M.
4245 7265 44 34 D.
4320 7261 275 38 Blumenthal.

3806 7320 80 35 Des
3917 7315 188 37 discours
4129 7314 73 35 ont
4232 7311 62 36 été
4320 7308 229 46 prononcés
4580 7316 77 37 par
4681 7305 96 36 MM.

3758 7365 182 35 Georges
3978 7362 201 36 Leygues,
4244 7359 39 35 le
4336 7356 131 37 baron
4524 7351 253 44 Adelsward,

3758 7411 196 41 Painlevé
3980 7410 42 37 et
4036 7398 181 49 Pichon.
4318 7411 7 18 '

3812 7526 132 68 AU
4020 7514 630 76 PARLEMENT

4093 7660 84 36 Des
4215 7656 233 39 économies

3801 7730 63 34 La
3879 7724 270 40 çùmnlÎsskm
4168 7724 59 36 du
4245 7719 153 45 budget
4421 7729 26 26 a
4467 7714 162 50 décidé,^
4645 7715 24 35 à
4690 7724 90 33 pro-

3756 7787 77 26 pos
3862 7775 74 38 des
3960 7771 155 41 crédits
4144 7771 59 38 du
4227 7767 214 41 ministère
4469 7765 52 39 dd
4546 7762 43 38 la.
4603 7762 174 51 justice,

3757 7833 81 27 que
3860 7825 61 35 les
3945 7828 185 31 sommes
4154 7817 177 43 prévues
4356 7820 105 40 pour
4483 7811 301 47 gratifications

3767 7869 187 34 allouées
3994 7875 61 26 ,au
4089 7862 227 42 personnel'
4349 7859 200 39 recevant
4580 7859 97 41 déjà
4720 7865 57 30 un

3760 7914 240 37 traitement
4027 7912 49 36 de
4110 7911 121 35 l'Etat
4284 7906 183 38 seraient
4523 7903 261 47 supprimées

3760 7965 104 36 dans
3890 7963 61 40 les
3977 7958 238 39 ministères
4240 7953 183 49 pendant
4450 7952 42 37 la
4511 7951 129 39 durée
4668 7951 52 41 de
4742 7949 42 37 La

3761 8017 813 42 guerre.....

3810 8056 89 36 Bile
3937 8052 152 40 réalise
4121 8058 111 28 ainsi
4267 8056 85 31 une
4387 8053 215 35 econonnç
4634 8044 54 41 de
4726 8051 69 32 un.

3738 8103 183 43 -«million
3946 8097 159 42 346.000
4137 8098 157 38 francs.

4864 500 204 108 LA
5108 480 668 164 RÉFORME

4814 662 116 78 du
4970 660 352 88 Service
5366 666 107 100 de
5473 666 215 100 santé
5688 666 144 100 (1)

4884 822 212 68 APRÈS
5134 836 82 58 UN
5254 838 80 58 AN
5372 840 86 56 DE
5496 840 254 56 GUERRE

4882 976 72 51 Le
4990 980 198 49 service
5217 979 71 51 de
5320 985 146 46 santé

5156 1065 215 54 officine
5390 1068 365 59 d'embuscade

4869 1152 80 41 Les
4974 1152 197 43 conseils
5199 1155 54 40 de
5275 1157 199 47 révision
5499 1159 80 47 qui
5602 1162 79 39 ont
5702 1160 126 39 fonc-

4817 1204 153 44 tionné
5008 1209 127 39 entre
5172 1210 44 39 -1©
5248 1211 50 39 10
5330 1214 45 38 et
5407 1212 41 38 le
5486 1212 53 39 20
5569 1213 256 48 septembre

4816 1259 189 51 dernier,
5030 1263 116 40 dans
5173 1263 121 39 toute
5317 1266 43 39 la
5382 1265 186 49 France,
5591 1268 80 37 ont
5691 1265 136 51 opéré

4816 1321 108 32 avec
4959 1326 91 32 une
5090 1317 106 44 te'l.le
5231 1318 192 49 rapidité
5457 1319 107 48 qu'il
5606 1319 107 41 était
5744 1320 80 38 im-

4817 1368 197 47 possible
5047 1381 93 30 aux
5169 1369 236 44 (médecins
5447 1373 66 40 les
5553 1374 103 47 plus
5696 1383 128 31 cons-

4816 1419 233 43 ciencieux
5075 1423 289 42 d'examiner
5389 1428 65 38 les
5479 1428 207 40 hommes
5718 1430 42 39 et
5785 1430 40 45 je

4816 1473 106 56 pui,s
4959 1476 200 42 affirmer
5189 1478 146 50 qu'un
5367 1481 145 47 grand
5549 1481 191 42 nombre
5772 1485 54 38 de

4814 1527 227 41 décisions
5070 1531 124 40 n'ont
5218 1543 84 44 pas
5330 1533 69 40 été
5427 1534 216 44 sincères.

4861 1580 129 42 Voici
5012 1584 80 40 des
5115 1584 111 40 faits'
5249 1596 10 31 :
5282 1587 38 39 A
5348 1587 407 50 Crépy-en-Valois,
5785 1580 39 49 le

4819 1635 50 39 19
4905 1638 267 48 septembre,
5228 1640 79 39 900
5349 1641 206 41 hommes
5592 1643 236 46 passèrent

4816 1687 165 42 devant
5004 1690 46 39 la
5071 1691 311 50 commission,
5417 1694 127 41 entre
5572 1696 119 40 deux
5720 1698 105 39 heu-

4819 1751 71 30 res
4924 1743 43 39 et
4995 1745 99 49 sept
5128 1745 164 41 heures
5324 1748 59 38 du
5421 1747 103 49 soir,
5560 1749 266 42 c'est-à-dire

4817 1794 26 40 à
4865 1796 41 40 l'a.
4922 1796 167 44 vitesse
5106 1799 54 39 de
5182 1797 109 41 trois
5310 1810 83 40 par
5411 1801 188 44 minute.
5621 1803 69 40 On
5712 1804 115 41 réin-

4815 1848 138 49 tégra,
4979 1859 109 32 sans
5110 1862 209 38 examen,
5350 1854 115 43 dans
5493 1855 41 42 le
5560 1857 173 42 service
5758 1867 67 29 ar-

4819 1902 75 43 mé
4920 1904 82 40 des
5035 1905 303 41 tuberculeux
5372 1916 59 31 au
5470 1910 169 39 second
5673 1910 149 47 degré,

4819 1955 115 41 mais
4958 1967 61 30 en
5043 1959 226 41 revanche
5288 1970 62 30 on
5375 1961 139 41 laissa
5536 1963 112 41 dans
5676 1964 153 41 l'auxi-

4819 2007 139 50 liaire,
4998 2021 80 30 sur
5114 2012 115 42 fiche
5262 2014 45 39 et
5338 2023 106 30 sans
5477 2016 64 40 les
5578 2018 244 47 examiner,

4818 2063 65 39 les
4923 2064 207 43 hommes
5170 2066 78 51 qui
5288 2067 167 43 étaient
5486 2069 220 45 réclamés
5747 2082 80 35 par

4818 2116 66 44 lc,s
4912 2117 218 45 bureaux.

4872 2170 38 41 A
4943 2180 64 34 1141
5036 2173 126 46 autre
5191 2173 171 42 conseil
5392 2175 56 40 de
5483 2175 211 50 revision,
5727 2188 109 30 vers-

4820 2223 44 42 la
4891 2225 148 40 même
5063 2226 186 52 époque,
5282 2239 63 31 un
5373 2230 187 40 homme
5583 2233 81 44 qui
5691 2232 139 39 atten-

4817 2276 95 45 dait
4941 2279 202 41 entendit
5167 2293 62 34 un
5261 2282 207 41 médecin
5496 2283 213 42 militaire,
5732 2285 99 41 dire

4814 2329 25 39 à
4864 2341 61 29 un
4950 2333 204 48 collègue
5182 2346 9 28 :
5216 2349 17 27 «
5263 2336 65 42 Tu
5354 2336 100 43 n'as
5480 2347 81 36 pas
5584 2335 149 43 oublié
5754 2349 76 30 ma

4821 2381 114 44 liste.
4964 2397 21 25 »
5095 2400 19 23 «
5143 2387 51 40 Je
5221 2387 84 48 l'ai,
5335 2389 107 43 c'est
5472 2388 198 48 entendu
5696 2405 35 34 »,
5765 2393 67 42 ré-'

4815 2437 160 50 pondit
5000 2439 162 40 l'autre
5187 2441 221 42 médecin.

4874 2490 61 41 La
4964 2492 184 50 plupart
5181 2494 57 43 de
5271 2505 76 31 ces
5373 2496 198 41 conseils
5608 2497 226 44 n'avaient

4820 2542 48 41 ni
4888 2546 44 40 le
4956 2546 202 41 matériel
5186 2548 47 40 ni
5256 2550 63 39 les
5346 2550 183 43 réactifs
5552 2550 280 43 néces&ires

4819 2606 117 39 pour
4959 2600 229 41 contrôler
5246 2602 213 50 l'analyse
5516 2603 182 42 d'urine,
5750 2605 82 41 des

4821 2651 207 45 hommes
5074 2654 80 49 qui
5201 2664 49 30 se
5296 2654 196 44 disaient
5531 2657 301 41 albuminurie

4815 2714 113 39 ques
4958 2715 58 30 ou
5042 2707 295 47 diabétiques.
5368 2723 18 24 «
5415 2710 180 41 Va-t-en
5630 2711 10 40 !
5668 2725 33 32 »,
5734 2712 103 40 leur

4818 2755 332 54 ordonnait-on,
5184 2773 20 25 «
5239 2762 46 38 tu
5319 2762 98 40 vois
5453 2761 105 42 bien
5589 2764 135 49 qu'on
5760 2766 73 43 n'a

4816 2820 82 39 pas
4922 2812 40 40 le
4987 2811 146 52 temps
5160 2824 12 38 ;
5196 2822 57 32 on
5279 2811 294 46 t'examinera,
5592 2827 89 33 une
5706 2817 129 47 autre

4822 2863 100 47 foi©.
4956 2879 20 23 »
5415 2879 28 23 r

4875 2919 39 39 A
4955 2918 200 51 l'hôpital
5199 2919 154 51 Bégin,
5394 2924 77 39 425
5512 2923 206 43 hommes
5756 2926 80 40 ont

4825 2972 133 40 défilé
4989 2974 126 42 entre
5145 2985 89 29 une
5267 2976 141 42 heure
5441 2977 43 42 et
5511 2977 124 40 demi
5662 2979 43 39 et
5736 2978 100 49 sept

4823 3025 167 45 heures
5013 3027 58 39 du
5101 3028 105 48 soir,
5238 3027 86 42 soit
5349 3029 487 51 approximativement

4823 3079 108 49 trois
4963 3080 207 41 hommes
5198 3091 57 31 en
5288 3082 122 41 de'ux
5438 3082 210 50 minutes,
5688 3095 77 31 car
5794 3087 44 39 le

4822 3130 171 44 conseil
5025 3133 107 41 s'est
5164 3135 235 51 suspendu
5436 3136 202 51 pendant
5670 3138 53 42 40
5753 3137 82 42 mi*

4823 3186 148 41 mîtes.

4877 3241 72 40 Au
4989 3242 41 39 6e
5070 3242 172 41 bureau
5279 3243 55 40 de
5375 3245 316 48 recrutement,
5730 3246 28 41 à
5793 3248 49 40 le

4823 3294 131 42 Porte
4984 3295 306 50 Champelrret,
5321 3297 80 41 462
5427 3299 209 40 hommes
5658 3303 80 39 ont
5765 3300 75 40 dé4

4824 3346 75 41 filé
4915 3347 129 41 entre
5069 3349 100 41 huit
5189 3350 164 45 heures
5376 3351 76 40 dix
5477 3354 45 41 et
5541 3353 111 40 neuf
5671 3351 170 42 heureé

4829 3401 142 40 trente
5011 3400 117 53 cinq,
5169 3402 88 41 soit
5293 3401 26 42 à
5360 3405 42 39 la
5438 3404 166 41 vitesse
5638 3406 105 41 folle
5782 3406 57 42 <$0

4826 3455 103 47 plus
4957 3455 55 40 de
5037 3455 107 50 cinq
5168 3455 26 40 à
5218 3457 45 40 la
5288 3457 184 42 minute.
5498 3459 122 41 Dans
5645 3459 123 42 toute
5795 3462 43 39 la

4827 3508 176 42 France
5037 3510 31 40 il
5109 3520 59 30 en
5209 3521 29 29 a
5277 3512 70 40 été
5385 3512 116 41 ainsi
5544 3514 54 46 et,
5645 3515 104 40 sauf
5785 3514 54 41 de

4826 3561 91 41 très
4952 3572 123 31 rares
5107 3563 196 41 conseils
5332 3564 57 41 de
5424 3564 195 42 revision
5652 3571 79 44 qui
5758 3565 81 41 ont

4826 3615 266 41 fonctionné
5121 3617 114 40 dans
5267 3617 80 41 des
5378 3617 256 43 conditions
5662 3630 178 29 norma-

4826 3669 77 50 les,
4932 3670 41 40 le
4997 3670 105 50 plus
5126 3671 144 49 grand
5290 3672 191 41 nombre
5503 3672 108 41 s'est
5630 3673 210 42 contenté

4821 3722 57 39 de
4910 3722 43 41 la
4985 3722 163 51 simple
5182 3723 228 43 formalité
5434 3725 83 50 qui
5548 3725 237 41 consistait
5813 3726 25 41 a

4822 3775 115 40 faire
4976 3776 276 41 déshabiller
5284 3778 64 40 les
5383 3778 208 43 hommes
5624 3780 46 39 et
5706 3780 26 39 à
5773 3780 66 41 les

4827 3829 112 42 faire
4966 3830 160 42 défiler
5158 3829 41 41 le
5228 3829 104 56 plus
5367 3831 91 42 vite
5481 3831 214 52 possible,
5731 3842 110 32 sans

4824 3884 64 39 les
4911 3884 249 40 examiner.

4878 3936 63 44 Le
4980 3936 371 44 sous-secrétaire
5387 3938 148 41 d'Etat
5566 3938 63 46 du
5666 3937 175 42 service

4822 3990 58 41 de
4903 3990 134 43 santé
5062 3990 245 52 ignore-t-il
5332 4002 75 30 ces
5433 3991 105 41 faits
5565 3992 276 44 scandaleux

4824 4044 80 52 qui
4928 4046 226 48 engagent
5182 4056 52 29 sa.
5257 4044 352 53 responsabilité
5636 4046 21 39 ?

4876 4098 83 40 Les
5001 4097 225 41 fonctions
5261 4098 53 40 de
5349 4098 327 41 médècin-chef
5708 4096 58 44 de
5798 4099 42 40 lai

4825 4152 125 49 place
4974 4152 126 39 n'ont
5113 4162 88 42 .pas
5223 4151 69 41 été
5313 4152 153 40 mieux
5490 4151 214 51 remplies
5724 4152 116 39 dans

4824 4205 105 45 b.ileP
4954 4206 84 39 des
5062 4205 354 43 circonstances.
5449 4206 67 40 En
5545 4204 225 51 province,
5801 4205 39 42 te

4825 4259 207 43 médecin
5055 4259 62 40 de
5140 4260 45 42 la
5208 4260 130 50 place
5360 4270 30 29 a
5420 4258 69 41 été
5519 4259 100 50 trop
5650 4257 191 41 souvent

4823 4323 64 31 un
4911 4312 207 43 médecin
5143 4313 56 39 de
5223 4313 44 39 la
5291 4311 171 50 région,
5491 4312 164 48 auquel
5685 4312 64 39 les
5777 4310 62 39 in..-

4822 4367 201 40 fluences
5049 4366 165 40 locales
5238 4364 259 44 enlevaient
5519 4374 86 29 son
5632 4363 115 41 libre
5772 4366 69 36 a.r-t

4821 4419 147 50 biltre,
4981 4418 150 44 tandis
5155 4428 103 42 que,
5291 4417 114 40 dans
5433 4418 66 39 les
5529 4416 198 50 grandes
5759 4415 78 40 vil-

4823 4474 77 49 les,
4926 4474 41 39 le
4990 4473 129 49 poste
5140 4472 55 42 de
5217 4470 328 42 médecin-chef
5568 4470 57 42 de
5647 4471 45 38 la
5714 4468 127 49 place

4823 4528 70 39 est
4921 4526 345 51 généralement
5298 4524 147 41 confié
5473 4524 30 40 à
5537 4534 65 30 un,
5635 4521 217 41 médecin-

4828 4584 57 39 de
4905 4580 182 43 l'armée
5108 4579 155 49 active,
5287 4578 92 40 très
5403 4576 275 50 autoritaire,
5702 4577 45 40 et
5764 4577 75 49 qui

4827 4640 69 38 est
4919 4645 90 30 une
5034 4634 122 40 s'orte
5182 4633 55 39 de
5264 4631 262 50 gendarme.

4883 4689 121 39 Tous
5037 4696 115 31 cerux
5186 4687 83 49 qui
5299 4685 105 43 sont
5437 4683 104 42 bien
5579 4682 261 52 renseigné^

4834 4746 159 39 savent
5026 4752 86 40 que
5142 4742 43 39 le
5216 4739 172 44 service
5417 4738 56 41 de
5506 4737 139 49 santé,
5683 4736 159 52 depuis

4832 4798 41 42 le
4904 4796 139 44 début
5071 4795 54 40 de
5158 4796 43 44 la.
5230 4802 175 42 guerre,
5438 4804 26 29 a
5495 4791 81 50 été,
5612 4801 55 33 en
5696 4790 148 41 m6rniq

4833 4852 148 48 temps
5008 4849 169 51 qu'une
5200 4858 170 39 agence
5394 4844 332 49 d'embuscade,
5756 4853 87 31 une

4832 4904 183 41 officine
5047 4904 57 40 de
5140 4900 343 43 dénonciations
5516 4908 261 40 anonymes,
5817 4898 25 38 a

4833 4960 42 43 la
4909 4957 120 49 suite
5069 4956 257 53 desquelles
5372 4957 79 40 ont
5483 4954 72 40 été
5592 4951 248 44 ordonnées

4834 5014 79 39 des
4940 5012 221 48 enquêtes
5188 5010 58 40 de
5277 5008 122 43 toute
5424 5009 175 40 nature.
5629 5007 130 43 Voici
5783 5013 58 32 Ulli

4833 5066 81 41 fait
4950 5077 10 29 :
4992 5067 114 39 dans
5134 5074 89 30 une
5254 5063 79 39 des
5362 5063 103 50 plus
5495 5059 194 50 grandes
5715 5058 124 40 villes

4834 5121 56 43 de
4924 5121 185 45 France,
5141 5128 68 29 'un
5239 5115 136 50 jeune
5404 5115 150 42 soldat
5583 5113 169 47 évacué
5785 5113 54 41 du

4833 5174 123 41 front
4989 5183 117 32 pour
5134 5169 318 50 rhumatisme#
5471 5167 305 42 scapl.a.tineux
5803 5164 38 40 et

4831 5226 321 49 albuminurie,
5189 5226 44 42 et
5257 5223 79 51 qui
5370 5220 107 45 était
5503 5233 55 30 en
5593 5217 248 45 traitement

4835 5283 113 41 dans
4990 5291 90 30 une
5121 5278 244 42 formation
5405 5274 227 49 sanitaire,
5672 5275 72 43 fut
5774 5273 65 40 dé-

4835 5336 145 41 noncé
5001 5335 26 39 à
5049 5336 42 39 la
5106 5334 144 46 place,
5277 5341 83 40 par
5378 5341 63 34 un
5463 5337 239 41 anonyme,
5729 5336 110 32 com-

4836 5401 72 34 me
4932 5387 268 50 embusqué.
5227 5387 60 42 Le
5310 5385 183 51 général
5519 5392 56 34 en
5600 5383 102 40 chef
5724 5382 55 40 de
5802 5379 39 40 la

4836 5447 130 44 place
5004 5443 208 42 ordonna
5248 5441 45 40 la
5331 5438 135 45 sortie
5506 5438 55 40 de
5595 5435 196 49 l'hôpital
5831 5441 11 41 ;

4835 5498 214 41 l'homme
5096 5495 82 44 dut
5229 5504 50 35 se
5328 5491 234 52 présenter
5606 5489 236 50 d'urgence

4831 5563 58 33 au
4918 5548 331 47 médecin-chef
5275 5547 55 43 de
5358 5546 42 45 la
5427 5545 128 51 place
5582 5542 78 51 qui
5683 5541 40 41 le
5750 5549 93 33 ren..-

4835 5615 116 30 voya
4984 5603 25 40 à
5045 5613 83 31 son
5165 5599 135 42 dépôt
5335 5609 107 31 sans
5479 5595 273 47 l'examiner,
5789 5602 52 32 en

4837 5661 65 41 hlii;
4932 5658 152 41 disant
5106 5655 109 44 d'un
5242 5655 78 39 ton
5350 5654 168 39 bourru
5548 5648 106 50 qu'il
5685 5643 159 45 n'avait

4837 5713 113 40 rien.
4969 5712 62 40 La
5050 5709 152 42 feuille
5222 5708 53 39 de
5295 5705 126 41 route
5442 5703 130 51 porta
5593 5700 113 43 cette
5727 5709 116 31 men-

4837 5766 95 41 tion
4966 5774 10 31 :
5005 5779 18 24 «
5054 5760 211 51 Renvoyé
5291 5757 26 41 à
5340 5769 84 29 son
5454 5755 135 52 dépôt
5613 5766 82 41 par
5719 5752 122 45 ordre

4838 5819 62 42 du
4947 5816 186 45 général
5177 5810 325 44 commandant
5549 5811 42 47 14
5633 5809 141 50 place.
5825 5816 19 26 »

4837 5872 161 40 Arrivé
5031 5883 59 29 au
5124 5867 150 45 dépôt,
5315 5869 75 39 cet
5419 5866 186 39 homme
5640 5863 152 39 rentra
5821 5859 21 39 à

4837 5922 283 46 l'infirmerie
5145 5922 44 41 et
5215 5921 40 44 le
5284 5917 253 52 diagnostic
5565 5915 190 56 primitif
5782 5910 62 47 fut

4836 5989 202 34 reconnu
5068 5975 142 41 exact.

4891 6034 69 39 Un
4980 6029 130 42 autre
5126 6027 184 43 homme
5327 6037 50 32 se
5393 6023 212 52 présenta
5620 6023 25 40 à
5664 6024 45 39 la
5727 6022 115 50 plaça

4838 6096 106 32 avec
4962 6095 63 29 un
5048 6082 219 44 oerti;ficat
5286 6082 59 39 du
5369 6081 145 47 doyen
5531 6078 57 41 de
5610 6078 42 39 la
5671 6073 172 46 Faculté

4833 6142 58 39 de
4919 6135 251 46 môdecin'e,
5206 6132 258 45 constatant
5494 6133 44 45 la
5566 6128 276 43 tuberculose

4835 6204 58 26 au
4914 6193 42 37 28
4974 6190 154 46 degré.
5152 6202 20 24 «
5192 6188 53 42 Je
5265 6186 119 40 m'en
5406 6186 66 40 f...
5503 6185 10 38 !
5535 6198 22 23 »
5576 6181 210 51 .répondit
5805 6179 37 39 le

4838 6242 342 46 médecin-chef.
5225 6255 22 29 «
5281 6248 116 38 vo'us
5435 6235 254 53 rejoindrez
5728 6234 115 41 v(?tre

4838 6301 137 50 dépôt
4997 6313 543 40 »...

4890 6355 52 40 Je
4973 6349 208 60 pourrais
5211 6345 111 45 citer
5352 6344 104 43 cent
5487 6342 233 52 exemples
5749 6345 93 35 ana..-

4839 6410 172 41 logiues,
5045 6415 83 36 par
5155 6401 204 50 exemple
5389 6400 116 42 celui
5532 6398 106 41 d'un
5670 6397 174 40 homme

4839 6462 168 39 évacué
5039 6461 60 40 du
5138 6457 123 41 front
5296 6464 118 38 pour
5451 6453 206 43 blessure
5690 6452 58 39 de
5778 6449 63 37 l'a-

4836 6516 247 37 vant-bras,
5114 6521 111 30 avec
5245 6508 176 44 section
5446 6514 233 38 nerveuse,
5709 6503 43 45 et
5774 6505 70 36 nul

4837 6568 110 40 était
4973 6566 159 41 atteint
5154 6565 55 39 de
5237 6558 248 44 l'infirmité
5512 6557 186 50 appelée
5724 6551 121 55 grIffe

4839 6622 208 36 cubitale,
5085 6615 288 45 consécutive
5408 6613 26 40 à
5470 6615 42 40 la
5549 6612 206 43 blessure
5788 6607 53 40 du

4840 6677 102 38 nerf
4970 6676 55 39 de
5053 6684 49 31 ce
5128 6680 121 32 nom.
5283 6669 58 42 Le
5369 6664 331 48 médecin-chef
5732 6660 56 55 (je
5788 6660 56 55 la¡

4840 6732 127 38 place
5001 6727 153 43 refusa
5181 6724 55 39 de
5271 6719 270 43 l'examiner
5574 6716 173 49 malgré
5763 6713 80 57 ^l'a-

4837 6784 70 41 vis
4936 6783 107 40 d'un
5069 6775 262 50 chirurgien
5357 6774 78 51 qui
5462 6770 262 46 demandait
5747 6768 97 39 l'au-

4841 6836 236 43 torisation
5110 6831 58 43 de
5210 6829 192 53 l'opérer
5437 6827 44 40 et
5514 6825 30 44 il
5578 6826 47 41 le
5656 6823 190 49 renvoyai

4841 6902 55 30 au
4935 6888 134 42 front,

4894 6945 123 40 Dans
5050 6949 90 34 une
5168 6938 80 40 des
5281 6936 104 49 plus
5418 6931 197 52 grandes
5641 6930 128 42 villes
5797 6931 51 34 a«

4840 6999 175 34 France
5048 6995 39 35 le
5120 6992 131 41 poste
5277 6990 57 40 de
5370 6985 332 44 médecin-chef
5727 6983 55 40 de
5808 6983 38 34 la

4844 7052 128 40 place
5015 7048 70 43 fut
5127 7042 171 50 occupé
5342 7041 204 51 pendant
5579 7049 65 35 un
5681 7031 161 46 certain

4842 7107 146 33 temps
5027 7110 82 29 par
5143 7109 62 29 un
5240 7095 208 43 médecin
5484 7092 103 40 cM.l
5619 7091 57 41 de
5712 7093 42 43 le¡.
5786 7091 59 33 ré..

4842 7167 127 27 serve
4991 7155 55 39 de
5071 7155 43 39 la
5139 7149 279 45 territoriale,
5446 7144 207 43 médecin
5676 7154 55 32 en
5754 7138 93 43 chef

4840 7212 80 36 des
4950 7204 220 44 hôpitaux
5203 7206 44 40 et
5277 7203 90 40 très
5398 7211 151 32 connu
5579 7208 81 40 par
5688 7201 42 38 la
5758 7192 87 51 pre..-

4840 7262 145 41 cision
5025 7262 56 40 de
5111 7269 73 31 ses
5221 7255 296 49 diagnostics.
5550 7254 70 39 Au
5657 7250 108 42 bout
5798 7246 49 38 de

4841 7316 221 43 quelques
5095 7312 239 47 semaines.,
5370 7309 29 41 il
5431 7309 70 40 fut
5525 7302 224 53 remplacé

4841 7380 65 30 un
4935 7367 212 43 médecin
5175 7367 61 39 du
5271 7361 135 45 cadre
5437 7360 108 42 actif
5576 7367 134 42 parce
5741 7362 56 41 qu
5818 7357 27 29 1]

4840 7423 156 41 n'était
5029 7432 81 40 pas
5137 7430 128 33 assez
5300 7415 145 43 docile
5474 7423 161 36 envers
5668 7410 41 44 le
5736 7411 108 38 com-

4841 7475 309 42 mandement.

4894 7531 86 40 Ges
5008 7529 102 44 faits
5138 7524 295 49 regrettables
5456 7517 290 45 démontrent
5766 7508 80 54 qu«A

4841 7585 45 41 la
4911 7585 119 42 juste
5064 7589 184 33 mesure
5273 7578 68 41 est
5371 7577 228 50 parement
5624 7571 218 40 observée.

4841 7632 312 49 .Tind-Kmerai,
5195 7634 184 47 laïque
5411 7629 43 49 je
5491 7625 191 52 parlerai
5721 7625 52 41 de

4838 7693 203 40 réforme
5075 7690 83 40 des.
5186 7683 195 45 conseils
5412 7686 53 40 de
5496 7679 208 45 révision,
5737 7682 107 35 oon,"-

4843 7749 128 39 ment
5008 7752 60 31 on
5106 7750 171 45 pourra
5309 7733 221 49 remédier
5565 7731 28 43 à
5625 7741 75 36 ces
5737 7731 106 42 erre-

4842 7799 161 42 ments.
5597 7838 41 8 -

5316 7843 256 41 Docteur
5597 7838 187 45 Doyer

4892 7992 47 34 (1)
4967 7991 102 35 Voir
5093 7989 55 37 l'
5148 7989 130 37 Œ1Wre
5295 7983 76 37 des
5451 7980 35 46 6,
5514 7982 37 42 8,
5577 7982 33 44 9,
5636 7980 56 45 10,
5719 7976 52 43 11,
5790 7967 51 59 12,

4844 8040 46 36 13,
4942 8038 62 40 14,
5040 8034 56 42 15,
5138 8032 56 44 17,
5230 8028 54 44 18,
5322 8026 58 46 19,
5414 8026 60 50 20,
5512 8028 62 48 e2,
5606 8028 60 46 23,
5698 8024 54 46 24,
5788 8024 52 40 2^

4839 8087 31 48 Ç7
4870 8087 32 48 2
4927 8085 58 47 28,
5013 8083 48 39 20
5085 8082 44 39 -et,
5147 8079 52 39 30
5216 8076 245 44 mjeve^&Te*
