3913 5539
146 252 150 56 LES
328 249 438 60 ECHELONS

92 371 720 77 DÉMOBILISATION

126 528 215 28 L'Ouest-Eclair
358 536 15 18 a
390 533 128 25 annoncé
531 533 61 24 hier
608 534 41 24 les
664 535 154 30 avantages

98 560 69 26 .îont
187 560 40 30 les
248 561 79 30 pères
348 560 33 26 de
404 560 116 28 famille,
543 561 39 25 les
606 566 120 27 engagée
748 569 70 24 pour

93 588 30 25 Ta
139 592 83 22 durée
242 592 32 24 de
292 593 28 22 la
339 596 106 24 guerre,
463 593 81 27 etc...,
565 592 116 33 allaiént
697 594 118 28 pouvoir

97 619 146 26 bénéficier
261 620 57 25 lors
337 622 32 22 de
390 620 26 25 la
433 621 228 26 démobilisation
680 625 48 22 des
749 624 53 22 clar-

94 653 44 20 tés
162 650 57 22 1892
240 651 14 21 à
280 651 63 22 IW7.
367 651 58 22 l'ne
450 652 117 22 seconde
589 651 43 24 oir
644 652 93 24 -clair»
761 658 17 20 r

92 683 107 24 tomme
221 680 57 24 suit
299 680 40 24 les
359 679 92 24 divers
475 679 129 26 échelons
624 683 34 24 de
678 683 69 24 cette
770 683 30 22 dé-

98 707 184 26 mobilisation
300 716 7 17 :

331 768 117 19 PREMIER
467 763 110 25 ÉCHELON

154 813 189 28 Composition
363 814 38 24 du
419 815 122 27 premier
560 815 113 25 échelon
691 823 11 17 :

123 855 144 25 Militaires
285 855 139 27 assimilés
442 862 54 18 aux
514 856 103 26 classes
634 857 56 24 1891
706 860 27 21 et
750 859 64 27 plus

98 886 156 27 anciennes,
274 892 34 18 en
330 886 76 25 vertu
428 886 48 26 des
494 887 185 28 majorations
698 887 117 25 définies

96 919 51 21 par
168 914 27 24 la
216 914 148 25 circulaire
385 915 79 24 27.071
489 917 50 26 1/11
561 918 37 22 du
620 917 28 22 15
671 917 143 25 décembre

91 940 64 27 1918.
249 946 14 15 •

122 973 109 25 Classes
246 973 57 24 1892
318 978 26 20 et
359 973 37 24 189
396 973 26 24 n,

123 1002 145 25 Militaires
289 1002 139 26 assimilés
450 1004 17 22 à
489 1010 44 19 oes
554 1004 104 25 classes
678 1010 34 18 en
733 1006 81 22 vertu

92 1031 48 24 des
157 1030 184 30 majorations
359 1032 145 24 susvisées.

151 1071 69 24 Date
243 1072 48 22 des
315 1075 194 26 mouvements
534 1075 37 22 du
594 1074 120 28 premier
739 1072 61 25 éche-

180 1101 46 24 lon
246 1108 11 18 :

120 1144 51 22 î.es
188 1147 241 26 embarquements
444 1152 32 17 en
493 1147 111 22 chemin
619 1147 33 24 de
667 1147 43 24 fer
724 1147 17 24 à
756 1147 44 24 des-

91 1173 119 24 tination
234 1175 47 22 des
302 1174 97 28 dépOls
419 1173 243 26 démobilisateurs
686 1175 38 24 Ha
743 1175 70 24 mise

93 1208 32 17 en
144 1205 78 21 route
237 1208 71 24 pour
325 1205 40 25 les
380 1205 128 24 hommes
523 1206 48 26 qui
589 1206 174 25 rejoindront
776 1205 39 24 les

91 1232 98 30 dépôts
207 1232 243 26 démobilisateurs
468 1239 51 22 par
537 1234 60 24 voie
615 1234 33 24 de
667 1235 83 26 terre)
769 1234 31 24 de-

91 1265 79 21 vront
189 1263 57 22 être
263 1264 131 21 effectués
413 1271 6 15 :

120 1291 26 22 al
165 1291 41 24 Du
230 1291 28 24 25
282 1291 144 25 décembre
451 1297 34 19 au
509 1292 14 24 8
548 1292 110 28 janvier
679 1297 71 24 pour
772 1291 40 25 les

85 1317 132 27 .hommes
234 1320 48 24 ries
300 1322 107 22 armées
426 1328 7 19 :

122 1349 26 27 b)
167 1349 41 25 Du
235 1350 15 22 9
278 1349 111 28 janvier
417 1356 34 18 au
481 1351 28 24 18
536 1350 110 28 janvier
676 1356 70 22 pour
772 1349 40 26 les

90 1376 126 26 hommes
235 1378 38 24 du
292 1380 145 24 territoire.

150 1417 183 30 Dispositions
354 1419 194 30 particulières
567 1428 11 17 :

120 1460 112 25 Aucune
254 1461 168 28 permission
445 1462 33 24 de
501 1462 117 26 détente,
641 1467 92 19 aucun
756 1468 44 18 sur-

91 1488 39 24 sis
149 1495 129 18 nouveau
298 1496 35 18 ne
351 1493 94 21 seront
464 1491 64 27 plus
548 1491 156 26 désormais
723 1495 77 20 accor-

91 1519 48 24 dés
156 1525 54 19 aux
228 1520 126 24 hommes
371 1520 111 24 entrant
497 1520 72 25 dans
586 1519 26 25 la
628 1520 187 27 composition

89 1547 35 25 du
144 1550 120 27 premier
280 1548 122 25 échelon.

119 1576 76 26 Ceux
215 1578 33 25 de
267 1583 46 19 oes
333 1578 135 26 homtres.
489 1579 189 27 appartenant
698 1584 54 19 aux
772 1584 28 18 ar-

90 1606 76 24 mées
183 1609 46 27 qui
253 1612 27 18 se
300 1609 163 22 trouveront
480 1613 35 18 en
535 1607 169 28 permission
724 1613 35 19 ou
780 1613 33 18 en

90 1635 216 26 Convalescence
325 1636 24 25 le
366 1636 28 24 15
411 1636 145 26 décembre
575 1643 35 18 ou
628 1637 69 25 dont
713 1636 24 25 le
756 1642 58 18 sur-

87 1665 43 22 Sis
144 1665 129 27 expirera
287 1667 249 26 postérieurement
553 1667 15 24 à
585 1668 67 21 cette
669 1664 63 26 date
749 1672 7 19 :

119 1695 77 24 Ceux
219 1695 187 27 appartenant
428 1696 17 25 à
464 1695 50 25 des
536 1695 168 25 formations
725 1695 76 24 outre-

90 1728 60 19 mer
168 1723 47 28 qui
236 1731 28 15 se
285 1727 129 20 trouvent
433 1724 194 22 actuellement
646 1730 34 17 en
700 1724 99 26 permis-

90 1753 71 26 sion.
183 1752 215 25 convalescence
417 1760 35 17 ou
475 1754 87 24 sursis
586 1760 7 19 :

118 1782 77 24 Ceux
210 1782 37 24 du
263 1782 138 24 territoire
417 1783 46 26 qui
482 1788 28 18 se
526 1785 164 21 trouveront
704 1788 35 18 en
755 1787 46 22 per-

91 1811 116 25 mission
234 1817 37 18 ou
293 1817 35 18 en
354 1811 214 25 convalescence
593 1812 26 24 le
644 1812 34 22 I**
706 1817 109 18 .armer

91 1846 33 18 ou
145 1840 66 24 dont
230 1840 26 24 le
275 1841 89 24 sursis
383 1840 129 26 expirera
529 1841 250 25 postérieurement
797 1841 15 22 à

91 1870 70 22 celte
180 1871 63 22 date
262 1876 33 17 ne
313 1869 177 25 rejoindront
506 1874 9 21 !
527 1876 31 17 as
574 1870 65 24 Uur
653 1870 79 22 iin'ié
752 1876 7 7 •
777 1869 38 25 :1s

90 1898 174 27 rejoindront
288 1898 25 24 le
339 1898 79 27 dépôt
444 1897 25 25 le
493 1898 63 27 plus
580 1897 91 25 voisin
696 1898 37 24 du
757 1898 57 24 lieu

89 1928 37 22 où
148 1928 35 22 ils
202 1929 61 21 sont
286 1932 34 18 en
340 1928 177 28 permission,
540 1928 216 22 convalescence
776 1932 37 18 ou

89 1956 97 25 sursis.

123 1985 85 30 Après
227 1984 177 25 vérification
424 1985 33 24 de
477 1983 61 25 leur
556 1983 143 27 situation,
720 1989 30 19 ce
771 1985 44 22 dé-

91 2014 47 25 V>t
162 2014 40 26 les
227 2014 120 28 dirigera
372 2020 51 19 sur
444 2014 61 25 leur
530 2014 83 28 dépôt
638 2014 161 24 démobilisa-

98 2043 61 27 \eur.

324 2083 131 24 DEUXIÈME
470 2083 71 24 R.OHEI
550 2088 31 18 ON

149 2137 190 32 Composition
359 2138 37 24 du
416 2135 145 27 deuxième
581 2138 115 24 échelon
717 2145 12 18 :

119 2179 111 26 Classes
247 2180 65 26 1894,
330 2179 64 25 1895.
411 2179 59 25 1896
487 2180 27 24 et
528 2179 66 25 1897.
639 2197 7 9 ,

123 2209 144 27 Militaires
287 2209 139 25 assimilés
448 2210 15 24 à
483 2216 46 18 ces
548 2207 111 28 classes,
679 2215 34 17 en
735 2210 79 22 vertu

94 2239 50 24 des
172 2238 185 26 majorations
385 2237 118 25 définies
531 2243 52 19 nar
609 2237 30 25 la
667 2237 146 25 circulaire

91 2269 80 24 27.071
189 2269 48 26 1/11
261 2269 37 24 du
317 2269 28 22 15
363 2268 144 24 décembre
526 2268 65 25 1918.

120 2298 84 24 Pères
226 2298 32 22 de
278 2298 98 27 quatre
398 2297 112 24 enfants
529 2298 30 22 et
579 2296 80 24 veufs
680 2295 78 28 pères
780 2295 33 24 de

91 2328 70 24 trois
176 2328 113 24 enfants
306 2328 111 22 vivants
433 2327 48 27 qui
498 2326 219 28 appartiennent
732 2326 17 24 à
765 2324 50 24 des

91 2355 104 25 classes
209 2356 64 28 plus
287 2356 105 28 jeunes.

150 2396 67 22 Dote
237 2395 47 24 des
305 2395 191 25 mouvements
517 2395 37 24 du
574 2393 144 25 deuxième
739 2393 61 22 éche-

180 2425 47 25 lon
240 2432 12 18 :

122 2469 26 27 а)
167 2467 43 24 Du
223 2467 28 24 21
268 2466 111 30 janvier
396 2471 34 19 au
449 2465 13 25 4
476 2465 104 26 février
595 2471 72 22 pour
681 2465 40 24 les
738 2464 58 25 hom-

92 2503 58 18 mes
165 2497 50 24 des
230 2497 109 24 armées
358 2504 6 19 ;

122 2526 26 27 б)
167 2526 43 22 Du
228 2526 13 22 5
261 2530 38 19 au
314 2524 28 25 14
361 2523 103 25 février
482 2529 72 24 pour
572 2523 39 26 les
628 2523 128 25 hommes
776 2523 35 25 du

90 2556 145 26 territoire.

150 2594 184 31 Dispositions
359 2593 190 31 particulières
574 2601 9 17 :

119 2635 116 25 'Aucune
256 2636 168 28 permission
445 2636 34 24 de
501 2635 109 25 détente
630 2641 35 18 ne
685 2640 65 19 sera
769 2634 31 24 do-

91 2667 139 22 rénavant
248 2666 132 24 accordée
398 2669 57 19 aux
471 2666 126 21 hommes
613 2663 112 24 entrant
743 2663 72 24 dans

92 2696 25 25 la
142 2694 184 28 composition
347 2694 38 25 du
406 2694 145 24 deuxième
573 2692 122 25 échelon.

122 2725 54 24 Des
196 2724 182 25 instructions
398 2722 144 28 générales
561 2721 142 27 régleront
720 2720 25 25 le
767 2726 48 19 cas

93 2754 50 24 des
157 2754 124 24 hommes
295 2752 38 25 du
347 2751 146 25 deuxième
508 2751 112 25 échelon
637 2751 46 27 qui
698 2756 30 18 se
742 2751 59 22 trou-

92 2784 97 24 veront
229 2789 34 17 en
302 2781 168 27 permission
509 2779 228 28 exceptionnelle,
778 2784 34 19 en

93 2812 215 24 convalescence
332 2817 34 18 ou
389 2816 34 19 en
445 2810 90 25 sursis
555 2809 71 24 dans
648 2809 25 24 le
697 2809 118 24 courant

94 2843 33 24 de
144 2841 117 26 janvier.

145 2941 60 52 La
236 2942 126 51 visite
393 2939 58 53 du
482 2937 80 54 Roi
598 2936 165 54 d'ltalie

214 3066 38 21 LE
274 3063 214 24 PROGRAMME
510 3063 61 24 DES
592 3063 104 22 FETES

126 3122 91 25 tURis.
241 3120 27 22 16
288 3118 150 25 décembre.
513 3118 111 24 Comme
646 3118 15 22 1'
686 3126 11 12 ■
718 3117 98 24 Ouest-

96 3149 90 25 Eclair
208 3158 8 12 »
237 3150 37 21 l'a
294 3149 40 22 dit
353 3149 50 22 dès
420 3148 70 27 hier,
511 3148 27 24 la
557 3148 83 24 visite
660 3148 33 24 de
712 3146 104 25 Victor-

94 3178 167 25 Emmanuel
281 3177 37 25 111
341 3180 41 22 est
403 3177 143 25 annoncée
567 3183 69 24 pour
658 3177 73 27 jeudi
755 3182 46 24 pro-

97 3209 92 25 chain.

125 3240 35 22 Le
174 3240 41 22 roi
229 3244 64 18 sera
305 3239 185 28 accompagné
506 3239 33 24 de
552 3243 51 19 son
615 3236 45 26 fils
673 3236 143 30 Humbert,

96 3269 94 28 prince
210 3268 34 24 de
262 3268 135 24 Piémont.

125 3299 77 24 Voici
217 3299 71 22 dans
301 3304 45 18 ses
360 3298 120 28 grandes
496 3298 90 28 lignes
601 3296 24 25 le
640 3301 176 26 programme

99 3330 32 24 de
149 3330 28 22 la
193 3327 81 25 visite
292 3327 38 24 du
346 3327 43 25 roi
406 3327 106 24 d'ltalie
531 3335 6 18 :

125 3360 35 22 Le
181 3359 149 22 souverain
350 3358 125 22 arrivera
495 3361 17 18 <i
529 3358 14 21 2
562 3357 110 26 heures,
692 3357 85 30 jeudi,
800 3357 17 22 à

96 3389 28 24 la
141 3394 65 24 gare
224 3389 35 24 du
280 3387 64 25 Bois
360 3389 34 24 de
412 3387 150 30 Boulogne.
583 3386 21 25 Il
624 3392 60 19 sera
703 3386 115 25 conduit

97 3425 35 17 au
151 3420 65 27 quai
235 3418 117 27 d'Orsay
369 3423 67 19 avec
454 3418 24 24 le
497 3418 168 22 cérémonial
683 3417 131 24 habituel.

97 3451 35 21 Le
150 3450 41 22 roi
213 3450 43 22 ira
272 3449 93 24 saluer
384 3449 25 22 le
429 3449 146 22 Président
592 3449 33 22 de
644 3448 27 24 la
690 3446 111 28 Républi-

96 3485 54 22 que
164 3481 18 22 à
195 3478 123 28 l'Elysée,
334 3478 61 28 puis
411 3478 19 25 il
444 3484 112 19 recevra
569 3484 35 18 au
620 3478 65 28 quai
699 3477 117 27 d'Orsay

97 3510 28 24 la
143 3509 80 25 visite
242 3510 38 21 du
300 3509 145 24 Président
463 3508 115 25 Wilson.

85 3536 11 14 *
128 3539 74 25 Dans
222 3539 189 30 l'après-midi,
431 3539 27 24 le
475 3539 43 24 roi
539 3540 27 22 et
582 3539 26 24 le
627 3542 94 25 prince
744 3537 73 24 iront

99 3570 93 24 saluer
210 3575 50 19 rue
280 3569 32 24 de
332 3569 135 24 Monceau
488 3569 25 24 le
533 3568 146 25 Président
699 3569 24 22 et
744 3568 72 22 Mme

98 3601 115 25 Wilson.
236 3601 34 21 Le
291 3599 57 24 soir
367 3605 71 18 aura
457 3600 54 22 lieu
533 3605 39 17 un
591 3598 89 30 grand
702 3598 80 24 dîner
801 3596 17 24 à

97 3628 123 30 l'Elysée.

126 3660 37 24 Le
189 3660 169 26 lendemain,
384 3660 142 26 vendredi,
553 3665 56 18 une
634 3659 87 24 soirée
749 3664 69 18 aura

97 3690 57 25 lieu
177 3691 15 22 à
216 3690 183 22 l'ambassade
423 3689 105 24 d'ltalie
549 3694 37 18 en
608 3689 149 24 l'honneur
780 3687 37 24 du

99 3719 47 26 roi.

128 3751 37 22 De
181 3750 87 27 Paris,
283 3751 25 22 le
322 3751 41 22 roi
379 3751 28 22 et
419 3750 26 22 le
461 3750 94 28 prince
569 3750 137 27 partiront
722 3749 96 22 visiter

98 3782 26 22 le
141 3781 109 22 secteur
267 3780 94 24 italien
381 3780 32 24 de
433 3780 104 24 France
555 3781 27 22 et
600 3780 146 30 passeront
763 3783 53 19 une

98 3815 84 20 revue
195 3811 47 25 des
255 3811 112 26 troupes
381 3810 148 24 italiennes
542 3815 98 19 encore
654 3816 33 18 en
703 3810 112 22 France.

854 253 103 92 Les
991 253 261 93 élections
1285 254 286 109 anglaises

991 428 51 38 Le
1067 429 87 37 rote
1176 430 69 35 des
1266 431 167 41 femmes

880 539 124 28 LONDRES,
1030 541 26 21 16
1076 541 150 26 décembre.
1298 541 33 24 Le
1350 542 220 30 correspondant

854 567 215 28 parlementaire
1089 570 38 22 du
1161 569 89 24 Times
1271 569 41 24 dit
1333 567 5 28 :
1375 570 35 22 La
1444 569 128 25 nouvelle

854 598 136 26 Chambre
1013 598 48 25 des
1085 605 161 19 oommjnas
1269 605 70 19 aura
1359 600 44 24 707
1427 602 145 25 membres,

852 628 28 22 U7
905 630 33 24 de
960 627 65 31 plus
1048 632 52 26 que
1124 628 161 25 l'anciemie.
1311 630 41 22 104
1376 632 47 22 ont
1448 632 41 24 été
1513 632 58 22 élus

854 664 66 20 sans
939 658 158 30 opposition
1115 659 26 25 le
1161 660 13 22 4
1194 660 152 24 décembre.
1370 660 52 24 Des
1441 661 132 24 élections

852 691 48 20 ont
920 693 34 19 eu
976 687 57 25 lieu
1054 689 26 24 Je
1102 691 27 22 14
1149 691 144 22 décembre
1315 696 72 25 pour
1406 692 44 22 364
1472 691 98 30 sièges,

854 718 27 24 15
907 724 63 22 sont
994 719 47 24 des
1068 720 90 28 sièges
1182 722 187 27 d'université,
1396 724 26 20 et
1446 722 39 22 les
1507 723 52 22 élec-

854 749 76 24 tions
947 752 51 20 ont
1018 750 41 24 été
1080 750 130 25 différées
1228 749 129 32 Jusqu'au
1380 752 28 22 2i
1429 751 143 24 décembre

853 783 71 25 pour
944 780 22 24 le
989 781 111 24 dernier
1116 782 77 28 siège
1213 782 19 24 à
1252 782 27 22 la
1299 783 73 24 fuite
1393 783 35 24 de
1449 782 28 24 la
1500 784 72 22 mort

854 809 64 24 d'un
939 810 46 24 des
1004 811 146 24 candidats
1170 815 84 21 avant
1273 814 24 24 le
1317 813 64 28 jour
1400 814 35 22 du
1454 814 115 22 scrutin.

882 839 52 24 Des
957 841 115 24 femmes
1109 841 159 25 exercèrent
1304 836 24 31 lé
1365 843 27 24 14
1428 842 143 25 décembre

854 874 69 24 pour
941 873 27 22 la
987 872 135 27 première
1141 873 54 24 lois
1215 879 35 18 en
1271 873 256 28 Grande-Bretagne
1548 873 24 24 le

853 900 72 24 droit
948 901 34 24 de
1004 902 61 22 vote
1089 907 57 19 aux
1170 899 131 34 électiops
1325 902 177 30 législatives.
1528 904 44 25 On

853 932 109 27 pensait
984 938 52 24 que
1061 933 56 24 très
1140 938 53 25 peu
1215 938 34 20 «n
1276 934 197 28 profiteraient,
1499 934 73 24 mais

853 963 118 25 certains
993 961 106 25 croient
1122 967 52 24 que
1208 964 60 28 plus
1293 964 32 22 de
1363 964 116 27 femmes
1518 966 53 26 que

852 990 150 25 (Chommcs
1029 992 132 25 volèrent.
1187 994 51 22 Les
1263 994 117 22 femmes
1406 994 164 22 semblaient

850 1020 63 28 plus
935 1023 163 25 intéressées
1122 1024 72 24 dans
1214 1024 25 25 le
1261 1026 73 27 parti
1356 1024 86 30 Lloyd
1466 1023 104 31 George

849 1054 27 21 et
894 1052 165 24 travailliste
1081 1059 53 22 que
1152 1055 71 22 dans
1244 1056 24 21 le
1289 1056 71 27 parti
1383 1056 124 27 Asquith.
1531 1055 37 24 les

848 1087 191 24 programmes
1063 1084 48 24 des
1136 1081 84 26 deux!
1233 1082 135 32 premiers
1391 1087 86 27 ayant
1505 1083 64 26 trait

848 1116 35 18 au
906 1111 85 30 !oyef.

880 1143 50 24 I-es
946 1143 131 25 bulletins
1093 1146 34 22 de
1144 1147 63 21 vote
1224 1147 48 21 on-t
1289 1146 40 22 été
1346 1146 149 24 distribués
1513 1152 57 18 aux

850 1173 104 25 soldats
976 1175 26 21 et
1024 1174 116 26 marins,
1162 1176 48 27 qui
1233 1175 39 24 les
1296 1174 164 30 rempliront
1481 1181 26 20 et
1530 1176 40 22 les

852 1206 162 22 renverront
1036 1208 51 25 par
1108 1205 26 24 la
1159 1208 74 25 poste
1272 1209 70 25 pour
1362 1202 81 32 qu'ils
1480 1206 90 24 soient

849 1231 85 27 mêlés
954 1240 56 18 aux
1033 1234 93 25 autres
1150 1235 138 24 bulletins.
1330 1237 48 22 Le»
1402 1235 104 25 soldats
1543 1240 24 19 et

849 1265 106 24 marins
976 1267 61 26 trop
1057 1265 123 30 éloignes
1201 1269 119 26 peuvent
1342 1269 76 21 voter
1439 1272 50 25 par
1511 1271 43 25 pro-

848 1296 137 27 curation,
1011 1297 72 22 mais
1107 1298 67 24 cette
1200 1297 125 25 dernière
1368 1297 126 25 méthode
1534 1303 33 18 ne

848 1325 102 24 semble
976 1331 48 22 pas
1049 1326 57 22 être
1129 1332 39 18 un
1192 1328 111 24 succès.'
1318 1329 50 21 Les
1393 1332 84 19 urnes
1501 1326 53 25 scel-

849 1355 56 25 lées
928 1358 50 21 ont
1002 1356 43 24 été
1070 1356 109 28 placées
1205 1362 56 20 aux
1283 1357 124 25 endroits
1430 1357 139 25 habituels

848 1393 28 21 et
898 1388 24 24 le
946 1387 216 28 dépouillement
1185 1388 37 24 du
1244 1388 106 24 scrutin
1370 1394 71 18 aura
1467 1389 53 25 lieu
1544 1388 24 26 le

848 1416 30 24 28
901 1416 151 25 décembre.
1078 1416 74 25 Tous
1176 1417 41 25 les
1239 1419 76 22 votes
1339 1419 48 22 des
1413 1420 105 24 soldats
1540 1421 28 24 et

850 1447 105 24 marins
974 1447 117 24 devront
1108 1448 56 24 être
1182 1448 106 24 arrivés
1306 1449 18 24 à
1341 1450 69 22 cette
1428 1449 70 24 date.
1520 1450 48 22 Les

849 1476 129 24 résultats
1000 1480 96 20 seront
1116 1479 156 28 proclamés
1294 1479 22 22 le
1342 1480 89 22 même
1450 1480 71 27 jour.
1546 1479 21 24 Il

849 1506 103 25 semhle
976 1508 221 24 excessivement
1220 1509 117 24 difficile
1363 1509 34 22 de
1422 1509 72 24 faire
1520 1509 47 22 des

848 1538 163 25 pronostics.

875 1618 35 26 M.
941 1618 86 32 Lloyd
1055 1622 104 28 George
1191 1628 17 17 a
1238 1622 116 24 décerné
1381 1622 25 24 le
1436 1623 73 22 droit
1537 1623 32 24 de

849 1651 122 30 suffrage
994 1657 57 19 aux
1072 1652 118 24 femme»
1212 1652 37 24 du
1272 1654 206 27 Royaume-Uni
1502 1658 66 19 sans

847 1681 128 24 s'arrêter
993 1683 17 24 à
1029 1683 79 25 l'idée
1127 1688 54 24 que
1200 1685 67 22 celte
1286 1683 125 25 addition
1429 1690 38 18 au
1485 1689 83 24 corps

848 1709 129 26 électoral
999 1711 80 26 d'une
1102 1714 113 24 énorme
1250 1715 102 24 couclie
1389 1715 33 22 de
1457 1715 111 24 votants

848 1742 150 27 risquerait
1018 1742 33 24 de
1072 1743 70 25 faire
1178 1744 106 24 tomber
1319 1749 51 19 son
1393 1749 70 25 pays
1498 1744 70 24 dans

849 1778 53 18 une
948 1774 148 22 confusion
1144 1774 201 28 démagogique
1391 1774 174 24 assurément

846 1801 185 30 inopportune
1046 1807 28 20 et
1093 1809 32 18 en
1144 1807 61 21 tous
1222 1802 39 25 les
1280 1806 92 27 points
1390 1805 172 28 regrettable.

846 1832 71 24 Avec
933 1833 26 24 le
980 1833 122 28 suffrage
1122 1833 126 28 féminin,
1269 1833 178 31 l'Angleterre
1467 1835 99 24 tentait

846 1867 54 18 une
920 1864 162 28 expérience
1101 1865 57 22 très
1179 1866 125 24 délicate.
1342 1866 40 24 En
1419 1866 71 24 voici
1526 1865 39 24 les

847 1893 135 27 premiers
1000 1893 137 27 résultats,
1163 1897 40 21 les
1225 1896 150 28 premières
1398 1896 169 24 indications

846 1923 90 28 plutôt
956 1931 6 17 :
981 1924 27 24 la
1028 1925 100 24 femme
1148 1930 35 19 ne
1204 1926 65 24 s'est
1286 1931 53 22 pas
1358 1925 207 26 désintéressée,

844 1958 109 19 comme
979 1955 197 28 quelques-uns
1202 1961 27 18 je
1256 1956 174 28 craignaient
1454 1961 34 19 en
1517 1956 34 24 An-

844 1983 144 27 gleterre...
1012 1984 26 24 et
1059 1984 124 28 ailleurs,
1204 1987 33 22 de
1260 1985 26 24 la
1307 1987 187 22 consultation
1532 1984 22 25 lé-

846 2013 129 30 gislative
996 2015 39 22 du
1059 2016 27 21 14
1110 2015 151 30 décembre,
1287 2016 50 24 elle
1362 2023 15 18 a
1400 2016 92 25 donné
1515 2022 51 19 son

846 2043 70 27 avis,
940 2049 24 22 et
989 2044 51 24 elle
1062 2046 64 22 s'est
1149 2046 93 28 portée
1266 2048 33 22 de
1319 2047 161 28 préférence
1504 2053 63 18 vers

847 2074 39 24 les
907 2076 87 26 partis
1015 2078 47 26 qui
1085 2076 104 27 agitent
1212 2076 24 24 le
1257 2078 89 28 grand
1368 2076 141 31 problème
1530 2079 37 24 du

844 2105 87 28 foyer.
956 2106 209 26 Gardons-nous
1188 2107 59 25 d'en
1269 2107 66 25 tirer
1372 2108 48 24 des
1457 2107 93 25 conclu-

847 2134 76 25 sions
943 2138 47 27 qui
1007 2137 124 25 seraient
1152 2140 63 26 trop
1233 2138 115 28 hâtive».
1372 2139 71 24 Mais
1463 2139 64 27 déjà
1546 2138 18 26 il

844 2167 131 27 apparaît
999 2172 53 24 que
1078 2166 27 25 la
1130 2169 109 28 femme,
1269 2170 124 22 attachée
1419 2176 34 17 au
1478 2170 87 24 fover,

846 2200 63 19 sera
935 2197 61 28 plus
1026 2198 203 25 conservatrice
1258 2205 53 22 que
1339 2198 137 26 l'homme,
1509 2198 57 25 Elle

846 2226 99 25 n'aura
965 2232 48 25 pas
1033 2233 35 19 eu
1090 2230 26 22 le
1135 2231 90 27 temps
1244 2231 132 22 d'étudier
1397 2233 24 20 et
1444 2231 32 22 de
1498 2231 53 22 rédi-

846 2262 48 24 ger
915 2257 39 24 les
974 2257 85 26 belles
1081 2258 84 30 idées,
1189 2261 106 28 parfois
1330 2263 24 21 si
1376 2265 118 21 creuses,
1533 2262 33 21 de

844 2289 165 24 rénovation
1031 2290 103 24 sociale
1155 2297 6 20 ;
1182 2290 50 24 elle
1250 2296 63 19 sera
1332 2296 71 25 pour
1422 2290 99 25 l'ordre
1541 2293 26 22 et

844 2317 30 24 la
889 2322 118 21 mesure.
1028 2320 38 24 Ce
1082 2322 70 21 n'est
1169 2326 50 24 pas
1239 2322 156 26 déplaisant
1416 2328 33 18 en
1468 2322 48 24 soi.

876 2348 272 30 Empressons-nous,
1206 2350 149 30 d'ailleurs,
1413 2353 156 22 d'observer

846 2378 80 30 qu'en
945 2380 158 28 Angleterre
1120 2381 19 25 il
1159 2387 17 20 v
1193 2387 17 18 a
1230 2381 61 30 plus
1310 2382 32 25 de
1359 2385 137 27 quarante
1515 2387 51 19 ans

844 2414 52 24 que
915 2409 40 24 les
970 2409 117 25 femmes
1106 2412 165 28 participent
1290 2413 71 24 dans
1376 2419 56 18 une
1449 2413 63 30 plus
1530 2419 35 18 ou

846 2441 90 22 moins
956 2441 74 27 large
1049 2446 109 20 mesure
1192 2444 17 22 à
1226 2443 25 24 la
1287 2445 41 21 vie
1364 2444 132 28 politique
1530 2445 37 22 du

847 2469 213 30 Royaume-Uni.
1080 2472 148 26 Electrices
1246 2474 26 24 et
1289 2473 125 30 éligibles
1431 2479 56 19 aux
1505 2479 46 19 con-

848 2502 65 22 seils
933 2504 193 27 municipaux,
1149 2510 56 18 aux
1227 2505 119 24 conseils
1381 2505 48 22 des
1465 2505 104 27 bourgs

844 2537 26 20 et
888 2532 47 26 des
952 2533 110 27 comtés,
1082 2539 56 19 aux
1155 2535 119 24 conseils
1292 2536 33 22 de
1345 2536 146 28 paroisses,
1508 2538 57 20 aux

846 2563 118 24 conseils
980 2563 33 24 de
1032 2563 171 26 l'assistance
1222 2565 129 30 publique
1371 2569 24 21 et
1411 2571 56 19 aux
1483 2565 66 25 comi-

848 2593 40 24 tés
912 2594 139 28 scolaires,
1077 2594 67 25 elles
1165 2597 48 21 ont
1240 2601 77 19 assez
1341 2596 156 28 largement
1518 2596 51 24 usé

846 2622 32 25 de
902 2623 76 25 leurs
1000 2629 148 19 nouveaux
1174 2626 94 25 droits.
1307 2626 41 25 On
1387 2626 77 25 avait
1504 2626 61 28 déjà

848 2655 123 22 constaté
996 2661 52 22 que
1072 2655 65 25 c'est
1160 2655 137 26 l'enfance
1320 2657 26 22 et
1369 2655 24 25 le
1419 2657 79 28 foyer
1521 2655 46 25 oui

846 2682 253 30 particulièrement
1115 2685 39 25 'es
1166 2686 61 24 atti-
1237 2687 52 22 ent.
1306 2686 76 25 DORS
1396 2686 39 25 le»
1450 2686 118 25 grandes

846 2713 79 25 villes
991 2715 176 25 Manchester
1186 2721 50 24 par
1256 2717 124 28 exemple
1447 2715 39 25 les
1504 2720 47 20 con-

846 2745 124 22 seillères
994 2745 182 30 municipales
1202 2748 47 22 ont
1272 2746 130 30 organisé
1424 2747 43 24 les
1486 2751 83 19 cours

847 2776 32 24 de
902 2774 196 31 puériculture,
1122 2777 155 30 d'hygiène,
1316 2778 33 24 de
1372 2779 117 21 travaux
1514 2777 37 22 mé-

847 2810 109 25 nagers.
981 2806 116 25 Partout
1120 2807 35 22 où
1180 2806 107 30 siègent
1309 2807 48 24 des
1381 2806 187 25 conseillères,

848 2835 227 28 l'enseignement
1094 2837 132 28 primaire
1248 2839 39 21 est
1310 2837 124 25 remanié
1457 2837 111 24 suivant

849 2865 40 25 les
912 2867 142 30 principes
1076 2867 39 26 les
1137 2868 64 28 plus
1224 2869 83 24 neufs
1331 2865 5 31 :
1361 2874 83 18 cours
1466 2867 89 25 techni-

848 2903 67 21 ques
935 2903 70 24 pour
1025 2897 26 25 la
1072 2898 178 28 préparation
1273 2904 54 18 aux
1351 2897 144 25 différents
1515 2897 35 25 mé-

848 2922 73 34 tiers,
948 2929 185 26 promenades
1157 2929 123 25 d'études
1307 2929 72 25 dans
1406 2929 26 25 la
1459 2934 91 24 campa-

849 2965 60 22 gne.
935 2960 81 24 visite
1043 2960 71 24 dans
1139 2960 41 25 les
1206 2960 117 26 musées,
1351 2960 168 28 complètent
1543 2960 26 22 et

849 2988 123 25 animent
991 2989 40 24 les
1046 2991 113 24 notions
1176 2989 151 30 générales,
1345 2991 94 24 sèches
1457 2994 26 21 et
1500 2994 52 19 mor-

848 3020 40 24 tes
909 3020 79 25 iadis.
1009 3020 72 25 Bref.
1103 3027 34 18 on
1160 3022 61 22 sent
1240 3020 66 26 chez
1324 3020 69 26 elles
1411 3021 26 24 la
1459 3020 110 24 volonté

849 3051 32 22 de
901 3052 67 22 faire
990 3052 149 27 participer
1157 3053 24 22 'a
1200 3052 52 24 cité
1271 3052 103 24 entière
1393 3053 15 22 à
1427 3058 31 17 ce
1474 3051 94 24 mieux

849 3081 65 27 être,
940 3083 17 22 à
981 3083 70 24 cette
1075 3081 117 26 lumière
1218 3081 154 26 spirituelle
1398 3081 111 30 qu'elles
1530 3081 26 24 rê-

848 3118 64 21 vent
932 3118 70 20 pour
1020 3113 105 26 chaque
1144 3113 106 24 enfant.,
1269 3118 72 20 pour
1357 3113 106 25 chaque
1482 3112 86 25 fover.

878 3143 58 24 Soit
956 3143 97 28 qu'elle
1072 3144 70 24 vote.
1163 3144 53 22 soit
1235 3144 97 28 qu'elle
1352 3143 135 28 Participe
1508 3143 14 24 à
1543 3143 26 24 la

848 3174 129 22 conduite
997 3174 50 22 dfs
1067 3174 113 24 affaires
1199 3174 37 24 du
1256 3180 78 22 pays,
1354 3174 25 24 la
1402 3175 102 22 femme
1522 3180 31 17 an-

850 3203 86 28 glaise
960 3206 72 22 Teste
1056 3203 100 25 femme
1196 3204 26 24 et
1244 3203 83 26 mère.
1365 3203 203 25 L'observation

849 3235 39 21 est
909 3235 59 24 tout
989 3234 17 24 à
1026 3240 50 19 son
1097 3235 133 24 honneur.

1406 3263 30 24 E.
1459 3265 27 22 L.
1509 3265 30 22 B.

873 3351 51 43 les
940 3350 111 47 troupes
1070 3348 155 52 françaises
1243 3350 57 44 {ont
1318 3350 51 45 250
1389 3348 164 50 prisonniers

881 3457 73 27 Bale,
978 3458 26 21 16
1025 3458 143 22 décembre
1246 3458 34 24 T.e
1303 3458 200 24 commandant
1522 3458 48 22 des

852 3488 112 28 troupes
977 3488 155 28 françaises
1146 3488 46 28 qui
1207 3489 135 27 occupent
1354 3488 217 28 Ludwigshafen

853 3523 15 15 a
891 3516 130 28 défendu,
1043 3523 65 18 sous
1129 3519 39 24 les
1189 3517 97 26 peines
1305 3519 41 24 les
1368 3519 63 24 plus
1453 3517 116 25 sévères,

853 3547 33 22 de
904 3548 104 24 vendre
1025 3552 37 19 ou
1082 3548 34 22 de
1135 3549 91 26 porter
1245 3550 47 21 sur
1312 3549 40 26 soi
1372 3548 39 24 les
1429 3549 142 27 journaux

855 3576 157 28 paraissant,
1026 3582 48 19 sur
1089 3578 27 24 la
1131 3578 58 24 rive
1207 3579 86 22 droite
1310 3579 37 22 du
1363 3579 79 22 Rhin.
1462 3579 91 22 Diman-

853 3607 50 21 che
925 3607 118 26 dernier,
1065 3613 32 18 en
1120 3608 76 26 dépit
1214 3608 48 24 des
1284 3608 233 25 avertissements,
1539 3607 32 24 de

853 3637 154 24 nombreux
1024 3638 104 22 soldats
1142 3638 157 24 allemands
1315 3645 28 18 se
1358 3640 60 21 sont
1436 3639 104 22 rendus
1556 3639 15 21 à

852 3666 217 28 Ludwigshafen
1100 3672 70 24 pour
1196 3667 60 24 voir
1284 3667 25 25 la
1337 3669 131 28 garnison
1498 3669 59 24 fran-

853 3696 81 28 çaise.

880 3725 45 24 250
945 3726 103 25 d'entre
1069 3732 52 19 eux
1143 3728 46 24 ont
1211 3728 40 24 été
1273 3729 65 22 faite
1359 3728 180 27 prisonniers.

1005 3796 70 37 EN
1121 3795 298 40 ROUMANIE

881 3881 150 27 Salomquk,
1103 3882 149 24 décembre.
1325 3882 34 25 Le
1382 3883 40 24 roi
1442 3883 76 24 vient
1539 3883 32 22 de

854 3911 117 28 charger
990 3911 34 25 M.
1048 3913 131 22 Bratiano
1199 3913 33 22 de
1252 3914 105 21 former
1374 3919 37 18 un
1430 3912 143 25 ministère

854 3941 32 22 de
909 3941 130 25 coalition
1064 3947 65 19 avec
1152 3941 104 31 l'appui
1278 3944 35 22 du
1337 3945 71 27 parti
1430 3947 128 19 conserva-

854 3972 67 22 teur.

1606 253 363 107 Impressions
1990 256 66 92 de
2074 259 253 104 captivité

1760 425 53 38 La
1833 426 201 48 fourberie
2054 428 120 38 boche

1597 535 1 32 i
1638 535 41 25 Un
1700 536 35 24 tel
1759 537 128 30 mélange
1904 536 209 30 d'impressions
2152 544 105 20 comme
2293 544 35 19 en

1604 569 37 19 un
1667 565 193 32 kaléidoscope
1878 573 30 19 se
1930 567 93 24 reflète
2044 573 35 18 en
2104 573 106 27 images
2232 569 76 24 multi-

1604 593 59 28 ples
1683 593 71 25 dans
1775 600 65 19 mon
1859 595 93 30 esprit,
1971 599 38 20 un
2030 596 37 24 tel
2086 596 237 25 boumonnement

1606 624 33 21 de
1663 624 123 27 pensées,
1811 625 32 24 de
1866 625 158 24 sensations
2048 626 97 30 s'agite
2183 632 35 18 en
2258 627 64 26 moi,

1606 653 80 26 après
1706 654 61 22 tant
1789 654 34 22 de
1841 652 148 32 péripéties
2010 654 162 30 traversées,
2193 659 59 21 tant
2275 656 38 24 d'é-

1606 680 122 24 motions
1735 684 156 26 ressenties,
1911 684 26 26 si
1955 684 214 26 profondément
2186 687 142 22 trouvant

1604 711 40 21 est
1663 716 30 17 ce
1711 710 122 30 brusque
1851 717 118 24 passage
1988 712 33 24 de
2039 711 126 26 l'affreux
2165 710 4 31 1
2180 715 57 21 exil
2257 715 65 22 chez

1605 739 39 22 les
1668 739 112 27 Boches,
1805 742 15 21 à
1844 741 27 24 la
1889 742 87 22 douce
1994 742 46 24 vie
2057 746 65 19 sous
2144 743 24 25 le
2204 743 53 25 ciel
2293 742 33 24 de

1609 769 104 24 Fiance
1734 775 53 24 que
1807 770 48 28 j'ai
1876 770 34 25 de
1926 770 30 24 la
1976 771 81 30 peine
2075 771 18 24 a
2113 777 46 19 me
2178 772 149 27 recueillir,

1606 797 17 24 à
1641 801 47 20 me
1706 800 128 24 ressaisir
1851 800 70 22 dans
1943 806 30 18 ce
1994 801 124 24 tumulte.
2141 802 32 24 Et
2193 802 133 30 pourtant

1604 827 33 24 de
1663 828 61 24 tous
1748 828 39 24 les
1814 828 110 25 besoins
1949 828 227 30 d'épanchement
2199 835 53 25 que
2278 830 34 30 l'é-

1607 860 111 25 prouve.
1748 857 19 22 il
1792 865 35 18 en
1850 860 43 22 est
1919 863 35 20 un
1982 860 46 26 qui
2056 866 44 19 me
2119 861 113 24 domim
2269 861 58 25 Non

1604 891 50 21 pas
1677 886 155 26 seulement
1852 893 70 25 pour
1943 893 52 19 une
2020 888 174 25 satisfaction
2215 894 93 25 person-

1605 913 79 30 nelle,
1706 917 73 24 mais
1800 921 98 19 encore
1918 919 30 22 et
1968 919 110 24 surtout
2096 925 80 20 parce
2198 925 53 22 que
2270 920 56 28 j'en

1604 948 65 18 sens
1688 943 201 31 l'opportunité,
1909 947 30 27 je
1954 951 73 20 veux
2042 948 61 24 diro
2122 951 59 22 tout
2202 951 34 22 dà
2252 951 73 24 suite

1604 977 65 19 mon
1693 974 150 25 sentiment
1865 977 34 22 de
1918 974 102 28 dégotit
2043 983 69 20 roui-
2132 978 24 25 le
2161 978 45 24 -B<
2216 979 59 24 cité.
2301 978 26 25 !a

1604 1000 142 30 répulsion
1765 1003 66 30 qu'il
1848 1003 154 30 m'inspire,
2023 1010 26 19 ia
2069 1007 135 26 profo.-.-de
2224 1006 89 27 défian-

1604 1036 28 17 ce
1650 1036 53 22 que
1717 1031 28 28 je
1762 1033 87 27 garde
1865 1038 72 22 pour
1952 1036 44 21 cet
2010 1036 56 22 etre
2082 1041 32 19 ce
2133 1039 151 25 mensonge
2300 1041 26 20 et

1604 1059 32 22 de
1657 1061 215 26 dissimulation.

1630 1090 30 24 Je
1677 1091 58 22 n'ai
1754 1093 79 27 point
1847 1094 18 21 à
1880 1095 129 21 raconter
2027 1094 47 24 des
2093 1095 96 25 .scènes
2206 1095 34 25 de
2259 1101 47 19 sau-

1600 1120 120 27 vagerie,
1736 1121 17 22 à
1768 1121 104 24 révéler
1886 1121 47 24 des
1946 1122 120 25 tortures
2082 1124 27 22 et
2120 1123 47 24 des
2183 1124 135 22 cruautés.

1600 1148 57 24 J'en
1674 1149 116 24 connais
1798 1157 6 20 ;
1821 1152 48 22 des
1884 1152 125 22 témoins'
2016 1150 98 31 dignes
2130 1154 33 24 de
2179 1154 38 24 foi
2235 1154 87 22 m'ont

1602 1175 52 25 fait
1670 1179 97 24 frémir
1782 1186 51 22 par
1851 1180 73 24 leurs
1938 1178 84 27 récits
2037 1181 72 25 mais
2127 1188 47 18 ma
2191 1182 131 30 captivité

1604 1212 35 18 ne
1663 1206 61 26 dale
1748 1212 52 26 t|iie
1820 1211 33 22 de
1872 1209 92 28 juillet
1985 1211 111 24 dernier
2120 1212 105 30 époque
2249 1212 17 24 à
2287 1212 26 24 la-

1604 1235 90 28 quelle
1715 1238 39 25 les
1773 1238 158 26 Allemands
1948 1240 139 24 sentaient
2107 1241 63 30 déjà
2185 1241 28 25 la
2231 1241 83 25 viotoi-

1605 1271 30 18 re
1651 1266 61 24 leur
1728 1267 146 31 échapper,
1892 1270 27 22 et
1935 1270 210 26 entrevoyaient
2159 1271 104 26 l'heure
2278 1271 33 24 im-

1604 1296 123 25 minente
1753 1297 35 25 du
1815 1298 159 25 châtiment.
2002 1299 74 25 Cette
2111 1305 113 20 menace
2265 1300 61 25 leur

1606 1323 116 26 donnait
1742 1326 17 22 à
1779 1328 133 24 réfléchir.
1938 1329 41 24 Au
1998 1330 56 22 lieu
2074 1330 35 25 de
2130 1336 30 18 se
2181 1330 106 25 révéler
2309 1330 18 24 à

1600 1357 70 21 nous
1689 1355 70 24 dans
1778 1356 27 25 la
1819 1357 96 24 nudité
1931 1357 34 25 de
1983 1357 76 25 leurs
2075 1358 130 26 instincts
2222 1364 83 20 sauva-

1603 1387 56 24 ges.
1687 1384 18 24 il
1728 1387 39 22 les
1793 1387 151 24 revêtaient
1954 1388 81 24 d'unè
2043 1389 70 24 cotte
2122 1389 57 25 mal
2189 1390 93 24 taillée
2291 1391 34 22 de

1603 1414 106 24 fausses
1728 1416 196 28 prévenances,
1939 1417 73 24 mais
2028 1421 43 20 cet
2087 1423 93 24 aspect
2194 1424 72 19 nous
2282 1421 39 22 les

1602 1444 107 24 rendait
1728 1450 98 20 encone
1843 1446 64 28 plus
1924 1447 111 25 odieux.
2055 1448 107 25 N'étant
2176 1455 50 24 pas
2243 1455 63 18 aver-

1600 1473 43 25 tis,
1662 1480 71 18 nous
1749 1475 116 24 aurions
1878 1481 37 24 pu
1930 1476 57 22 être
2002 1478 40 22 les
2056 1478 87 28 dupes
2159 1479 32 22 de
2207 1483 45 19 ces
2269 1479 40 24 dis-

1603 1501 178 25 simulateurs
1805 1512 6 17 :
1832 1504 74 25 leurs
1931 1506 78 24 actes
2034 1506 189 26 contredisant
2248 1506 76 26 leurs

1599 1532 109 27 paroles
1728 1534 159 24 suffisaient,
1905 1535 17 22 à
1941 1539 73 20 nous
2035 1537 100 25 édifier.

1815 1593 84 24 SOUS
1925 1593 59 24 LES
2010 1594 87 24 OOUB

1632 1643 50 24 Les
1701 1644 66 25 faits
1785 1644 146 25 abondent.
1956 1645 71 25 C'est
2047 1648 70 24 dans
2138 1649 22 24 le
2185 1655 79 19 caniu
2288 1649 35 24 où

1599 1670 57 25 l'on
1677 1675 77 22 vient
1780 1675 32 22 de
1835 1680 72 19 nous
1933 1680 113 20 amener
2072 1676 15 24 à
2113 1677 148 27 proximité
2283 1678 35 22 du

1599 1701 74 25 front
1698 1703 17 22 à
1739 1703 93 28 portée
1853 1703 104 25 d'obus.
1996 1706 54 24 Pas
2091 1706 198 26 d'installation
2314 1714 6 19 :

1598 1734 72 20 nous
1691 1734 141 24 couchons
1852 1734 107 25 dehors.
1983 1735 52 24 Les
2057 1735 174 30 prisonniers
2257 1736 65 24 sont

1602 1762 142 24 emmenés
1760 1768 37 18 ou
1815 1763 69 30 petit
1902 1765 64 28 jour
1983 1763 70 25 dans
2070 1765 41 25 les
2127 1765 90 31 lignes
2233 1767 35 22 où
2289 1766 33 22 ils

1598 1791 65 22 sont
1683 1793 117 27 occupés
1822 1799 65 18 sous
1911 1794 25 24 le
1956 1794 235 25 bombardement.
2211 1795 37 24 Us
2264 1796 43 22 tra-

1600 1819 116 26 vaillent
1734 1820 28 25 là
1780 1821 111 30 jusqu'à
1909 1822 15 22 3
1942 1824 99 24 heures
2061 1824 35 24 du
2119 1825 66 26 soir,
2204 1825 118 28 n'ayant

1604 1852 63 24 reçu
1687 1856 109 20 aucune
1811 1852 159 24 nourriture
1993 1860 7 18 .-
2015 1853 17 24 à
2048 1852 60 26 leur
2126 1857 93 21 retour
2237 1853 72 25 seule-

1598 1883 73 24 ment
1695 1884 37 20 on
1755 1880 60 24 leur
1835 1883 56 22 sert
1913 1883 141 28 l'insipide
2076 1884 115 25 bouillie
2216 1885 100 24 d'orge.

1626 1909 73 26 Nous
1715 1911 157 25 protestons
1886 1913 94 22 contre
1996 1915 33 22 de
2047 1915 164 25 semblables
2226 1916 93 22 traite,

1598 1939 97 22 ments.
1713 1939 33 25 Et
1759 1941 41 25 les
1814 1942 123 26 officiers
1951 1943 155 26 allemands
2121 1945 32 24 de
2170 1943 149 30 s'apitoyer

1598 1972 50 18 sur
1669 1969 79 25 notre
1772 1971 65 24 sort,
1860 1976 73 24 nous
1957 1974 131 22 assurant
2111 1980 53 21 que
2187 1980 72 18 nous
2283 1978 34 18 ne

1598 2001 120 20 sommes
1742 2001 26 22 là
1794 2007 52 18 qup
1871 2007 71 21 pour
1964 2001 136 30 quelques
2122 2002 87 27 jours,
2236 2003 81 26 qu'ils

1598 2026 156 28 s'étonnent
1774 2029 87 25 mêm?
1883 2036 52 19 que
1956 2036 72 18 nous
2048 2033 177 22 demeurions
2245 2031 71 24 ainsi

1599 2060 35 20 au
1662 2056 83 30 front,
1774 2063 71 20 nous
1872 2060 104 24 faisant
2003 2061 48 24 des
2080 2066 161 21 promesses.
2270 2060 33 25 Ré-

1598 2083 86 26 sultat
1702 2093 6 18 :
1723 2088 70 24 cette
1809 2087 133 26 situation
1961 2092 63 21 s'est
2039 2089 149 28 prolongée
2204 2095 72 24 pour
2290 2091 25 24 la

1731 2117 48 22 des
1801 2118 172 25 prisonniers
1994 2119 126 28 pendant
2140 2125 38 19 un
2198 2119 73 25 mois

1599 2143 71 25 demi
1689 2146 25 20 rt
1734 2146 214 27 contrairement
1965 2148 17 22 à
2000 2152 30 20 ce
2048 2153 52 22 que
2120 2147 52 25 l'on
2191 2153 72 20 noiu
2280 2147 40 28 dl:

1599 2172 59 22 sait.
1682 2173 51 22 ei'r>
1753 2179 34 17 m
1807 2180 71 18 nous
1898 2176 66 25 étnit
2055 2177 185 25 particulière,
2265 2178 48 19 s<<-

1600 2202 72 22 toute
1702 2203 21 22 la
1754 2204 137 25 longueur
1917 2204 35 26 du
1983 2206 80 24 front,
2093 2206 33 24 de
2153 2205 164 25 semblables

1600 2235 94 25 ■'amps
1710 2233 155 24 existaient.

1628 2261 30 21 Je
1683 2262 91 21 revols
1798 2269 99 15 ptionrp
1923 2263 39 21 ii>,-
1987 2264 117 24 longues
2127 2263 132 27 colonpps
2284 2264 33 24 de

1599 2294 52 19 nos
1672 2289 106 27 soldats
1802 2294 124 21 rentrant
1950 2294 25 22 le
1998 2293 57 25 soir
2078 2295 38 24 du
2139 2293 109 27 travail,
2272 2294 31 24 hâ-

1602 2322 53 20 ves.
1680 2319 159 27 décharnés.
1867 2322 51 22 D.-s
1941 2322 125 25 liomrres
2089 2323 33 24 de
2144 2328 47 18 ma
2213 2323 103 24 section

1599 2347 103 25 étaient
1726 2350 70 22 dans
1818 2355 35 18 i>n
1879 2353 34 22 tel
1938 2352 56 22 état
2016 2353 33 22 de
2073 2352 143 24 maigreur
2237 2353 81 26 après

1600 2376 99 26 quinze
1721 2378 77 26 iours
1818 2380 32 21 de
1872 2386 28 19 ce
1920 2380 104 25 régime
2044 2387 53 19 que
2119 2380 26 28 je
2164 2386 34 19 ne
2219 2381 40 24 les
2278 2386 27 18 re-

1602 2406 174 26 connaissais
1800 2407 70 27 ptus.
1898 2408 32 24 Et.
1956 2409 106 24 chaoue
2087 2411 65 27 jour
2176 2409 90 24 c'était
2289 2411 28 22 la

1600 2435 89 22 même
1717 2441 139 21 promesse
1885 2439 47 22 des
1961 2439 115 25 Roches,
2104 2445 72 18 nous
2203 2438 115 25 devions

1602 2464 125 28 toujours
1743 2465 89 28 partir
1847 2467 25 24 le
1887 2466 168 30 lendemain.

1813 2519 80 24 SANS
1917 2520 194 22 NOUVELLES

1630 2570 40 24 Un
1698 2574 78 22 autre
1805 2574 180 24 raffinement
2010 2575 71 24 dans
2109 2575 22 24 le
2160 2580 83 22 genre
2270 2575 48 22 des

1600 2600 138 28 supplices
1756 2601 151 26 édulcorés.

1630 2629 50 24 Les
1698 2630 198 26 sous-officiers
1915 2633 131 24 n'étaient
2063 2639 52 22 pas
2134 2633 131 25 astreints
2283 2637 35 21 au

1600 2657 109 26 travail,
1727 2661 71 22 mais
1814 2660 84 25 libres
1915 2661 33 25 de
1965 2659 104 27 choisir
2085 2666 38 20 tin
2140 2661 99 30 emploi
2259 2669 6 13 ;
2282 2667 38 18 un

1600 2687 98 25 accord
1722 2688 83 27 passé
1827 2691 76 22 entre
1926 2689 39 25 les
1987 2688 181 28 belligérants
2187 2693 26 22 le
2236 2691 71 27 stipu-

1600 2714 58 28 lait.
1681 2717 50 22 Les
1752 2719 162 24 Allemands
1932 2719 195 25 l'observaient
2148 2721 15 24 à
2184 2720 61 24 leur
2264 2726 38 18 ma-

1602 2745 83 25 nière.
1706 2746 38 25 Ils
1761 2747 196 30 n'imposaient
1977 2753 52 25 pas
2047 2756 57 18 aux
2122 2748 198 26 sous-officiers

1600 2773 33 24 de
1659 2776 149 28 travailler,
1838 2778 72 24 mais
1935 2777 34 26 ils
1994 2779 25 24 le
2043 2778 64 25 leur
2132 2778 188 27 proposaient,

1600 2809 67 19 sans
1681 2803 60 25 leur
1755 2805 99 25 laisser
1867 2806 123 25 lprhoix
2004 2807 37 24 du
2056 2806 106 26 travail.
2180 2809 51 22 Les
2245 2812 61 19 sous-

1600 2831 122 30 officiers
1741 2836 47 24 aui
1809 2835 201 28 n'acceptaient
2029 2841 51 22 pas
2099 2842 45 20 ces
2163 2836 158 27 conditions

1602 2861 103 25 étalent
1724 2863 122 28 envoyés
1866 2863 71 26 dans
1958 2864 47 25 dos
2027 2870 96 20 camps
2144 2864 123 28 éloignés
2288 2863 33 25 de

1600 2889 28 25 la
1643 2889 98 26 Silésie
1756 2897 34 18 ou
1807 2893 34 24 de
1856 2895 25 22 la
1899 2894 122 27 Pologne
2036 2895 35 22 ofi
2089 2895 33 24 ils
2139 2901 34 20 ne
2189 2894 133 25 faisaient

1600 2923 52 24 due
1677 2921 33 24 de
1733 2922 93 25 courts
1850 2922 116 30 séjours,
1991 2923 76 25 étant
2089 2929 67 19 sans
2179 2929 76 19 cesse
2278 2922 30 26 dé-

1602 2948 92 30 placés
1711 2952 26 22 et
1753 2952 122 26 envoyés
1892 2953 33 22 de
1941 2953 58 26 l'un
2015 2953 14 24 S
2047 2953 106 27 l'autre.
2172 2954 50 24 Tes
2239 2953 66 24 chan-

1603 2980 124 22 gements
1746 2981 145 24 mettaient
1912 2981 39 25 les
1971 2981 172 26 prisonniers
2165 2982 70 25 dans
2255 2981 56 25 l'im-

1604 3007 152 26 possibilité
1773 3011 34 22 de
1824 3011 124 24 recevoir
1965 3009 59 26 leur
2041 3012 239 24 correspondance
2298 3013 25 24 et

1604 3035 74 25 leurs
1698 3039 78 24 colis.
1801 3039 69 26 C'est
1891 3045 64 19 mon
1980 3046 48 19 cas
2050 3041 26 24 e?
2098 3040 70 25 celui
2192 3041 33 24 de
2248 3046 57 19 nom-

1602 3065 86 25 breux
1713 3070 171 26 camarades,
1911 3071 46 26 qui
1985 3074 65 19 avec
2075 3071 56 22 moi
2158 3071 94 22 furent
2276 3074 31 18 en-

1604 3096 83 28 voyés
1707 3097 15 24 à
1743 3103 30 18 ce
1793 3104 81 20 camp
1893 3098 33 24 de
1946 3098 221 26 Rkalmierchust
2191 3098 132 25 'Poloene

1604 3125 98 25 russe),
1720 3126 69 24 dont
1802 3126 206 24 VOurst-Eclair
2023 3130 116 22 donnait
2156 3129 168 22 récemment

1602 3158 54 20 une
1681 3155 201 26 photographie
1916 3157 73 24 Nous
2013 3163 122 19 sommes
2156 3157 107 25 rentrés
2288 3163 33 17 en

1602 3183 113 26 France,
1735 3187 115 26 n'ayant
1871 3190 50 22 pas
1941 3190 64 22 reen
2024 3193 38 18 un
2082 3188 57 22 mot
2160 3187 33 24 de
2212 3191 52 18 nos
2283 3187 27 22 fa-

1602 3211 98 24 milles.

1633 3243 35 21 La
1690 3249 71 20 ruse.
1786 3244 25 22 la
1834 3243 141 27 duplicité,
1998 3244 72 26 voilà
2094 3246 40 25 les
2157 3247 79 24 traits
2257 3250 66 20 sous

1604 3270 117 26 lesouels
1747 3279 71 18 nous
1844 3276 61 20 sont
1931 3280 66 18 sans
2022 3281 77 17 cesse
2125 3281 122 20 annarus
2271 3279 53 19 nos

1604 3300 109 26 sreftlier.
1734 3301 112 25 D'avoir
1865 3302 41 24 été
1926 3309 32 18 en
1982 3305 109 24 contact
2111 3309 67 19 avec
2198 3302 24 26 ie
2243 3313 12 9 «
2275 3302 33 25 Bo-

1604 3330 48 24 rlic
1678 3339 19 17 »,
1723 3330 25 26 ie
1773 3331 84 25 carde
1881 3330 183 31 l'impression
2092 3332 105 25 d'avoir
2219 3333 54 22 mis
2296 3332 26 24 la

1603 3359 77 24 rrain
1702 3366 50 18 sur
1774 3367 39 17 un
1835 3361 97 28 reptile
1956 3361 142 30 visqueux.

1635 3387 131 26 Combien
1786 3394 70 19 nous
1872 3393 132 26 apnaraît
2023 3392 181 25 scandaleuse
2222 3391 27 24 la
2269 3396 44 19 sen-

1604 3417 109 25 siblerie
1728 3419 33 24 de
1774 3419 120 25 certains
1911 3420 265 25 internationalistes
2191 3422 15 24 à
2222 3420 102 28 l'égard

1607 3446 32 39 <je
1663 3452 51 20 nos
1730 3450 136 24 ennemis,
1887 3450 37 24 lis
1944 3457 35 18 ne
2002 3451 40 22 les
2067 3451 176 24 connaissent
2268 3455 59 21 pas,

1604 3476 91 28 j'airne
1711 3478 17 24 à
1744 3478 24 25 le
1785 3485 109 20 penser:
1911 3482 25 22 et
1955 3481 61 24 c'est
2034 3482 61 24 leur
2112 3485 105 20 excuse.
2237 3480 86 26 Ou'ils

1604 3511 44 19 me
1669 3510 168 22 permettent,
1857 3510 33 22 de
1909 3511 149 22 soumettre
2076 3519 13 15 n
2111 3511 60 24 leur
2191 3511 132 22 réflexion

1606 3535 25 25 le
1651 3542 46 19 cas
1717 3537 65 25 d'un
1799 3539 168 25 prisonnier,
1989 3539 73 25 épris
2080 3540 102 24 d'idées
2202 3539 107 25 humani-

1605 3565 91 26 taires.
1719 3567 21 22 Il
1760 3569 98 22 aimait
1879 3569 17 22 à.
1910 3574 118 19 exposer
2044 3575 43 18 ses
2106 3569 119 24 'hénries
2246 3569 17 20 !>.
2283 3573 44 18 SPS

1609 3596 170 25 camarades,
1804 3601 26 20 et
1852 3598 18 24 il
1894 3604 19 17 v
1936 3599 105 27 puisait
2065 3599 48 22 des
2138 3598 131 25 éléments
2295 3596 32 24 de

1604 3626 176 26 compassion
1804 3633 71 18 pour
1893 3628 39 24 les
1951 3628 112 22 Boches.
2085 3628 41 24 Un
2147 3627 71 30 jpur.
2244 3627 18 22 il
2282 3628 41 21 fut

1605 3654 113 26 désigné
1835 3656 69 25 -Mler
1925 3658 71 22 dons
2017 3663 37 18 un
2080 3661 79 19 camn
2179 3657 33 25 de
2236 3657 77 25 repré-

1607 3684 92 24 sailles
1721 3691 33 17 on
1779 3686 17 21 il
1820 3685 27 22 fit
1867 3691 37 18 nn
1923 3685 96 26 séionr
2036 3685 32 24 de
2092 3686 131 25 nuelrtues
2246 3687 77 22 mois.

1610 3712 19 24 Il
1644 3713 92 26 revint
1750 3720 34 17 au
1800 3719 81 26 camp
1897 3715 61 25 d'où
1976 3715 18 25 il
2011 3716 65 24 était
2094 3715 79 26 parti.
2193 3716 17 24 M
2226 3716 86 24 retrou-

1609 3748 32 18 va
1658 3749 43 17 ses
1716 3744 115 24 anciens
1848 3749 198 22 comnasrnons.
2066 3746 27 22 «t
2108 3744 71 25 voici
2198 3750 33 19 en
2250 3743 77 25 nuels

1606 3772 100 22 termes
1726 3772 18 25 il
1765 3772 169 26 s'exprimait
1955 3772 5 26 :
1978 3784 9 9 •
2006 3775 119 24 J'estime
2144 3775 83 24 nu'uo
2245 3775 66 24 Fran-

1605 3802 58 22 çais
1681 3803 47 27 nul
1747 3809 27 18 se
1793 3806 130 22 trouvant
1942 3810 32 18 en
1995 3806 130 22 r>vé-«nrh
2144 3806 63 24 d'un
2225 3804 99 27 Boche,

1609 3831 24 25 le
1649 3833 76 22 tupra
1754 3839 32 18 no
1806 3834 59 24 fera
1885 3837 53 20 nue
1957 3839 48 19 son
2028 3834 104 25 ''cvolr.
2152 3844 8 9 »

1639 3861 157 25 Admettons
1893 3863 177 25 l'expression
2093 3870 15 18 a
2146 3863 116 30 dépassé
2296 3869 31 15 sa

1607 3891 100 24 pensée
1730 3898 6 17 :
1755 3894 86 24 quant
1860 3893 17 22 h
1897 3893 54 24 moi
1972 3892 26 31 je
2019 3892 28 25 la
2063 3892 107 24 traduis
2190 3891 72 25 ainsi
2302 3891 25 22 le

1609 3921 90 22 Boche
1720 3922 40 20 est.
1780 3927 37 17 nn
1841 3922 122 24 monstre
1984 3922 46 28 qui
2054 3922 96 22 mé'He
2173 3922 83 24 d'être
2276 3920 51 22 mis

1609 3954 34 19 au
1662 3950 53 25 ban
1735 3950 33 25 de
1786 3950 170 25 l'humanité.
2093 3952 32 22 H.
2144 3952 19 22 J.

1988 3981 158 27 prisonnier
2171 3979 128 30 rapatrié.

2361 256 722 92 Etatisme-Ravitaillement

2425 430 73 35 Les
2513 430 200 37 doléances
2728 430 89 35 d'un
2833 430 185 45 capitaine

2467 490 47 38 de
2528 491 38 37 la
2581 493 146 35 marine
2743 491 229 37 marchande

2389 601 43 24 On
2451 601 52 25 lira
2518 602 154 24 ci-dessous
2687 601 41 24 les
2747 601 168 26 judicieuses
2931 601 150 25 réflexions

2361 635 52 22 que
2431 632 58 26 lait,
2506 632 63 22 dan.
2595 638 53 18 une
2667 631 77 24 lettre
2759 632 176 26 particulière
2952 632 129 24 adressée

2361 664 18 17 a
2404 658 56 26 l'un
2480 661 35 22 de
2536 665 45 19 ses
2607 663 111 24 parents
2743 660 26 24 et
2793 666 57 19 non
2875 661 131 25 destinée,
3032 667 50 19 par

2361 687 176 30 conséquent,
2563 690 14 21 à
2602 690 26 22 la
2652 689 139 28 publicité,
2811 697 38 17 un
2870 690 110 22 officier
3000 691 37 22 de
3054 691 27 22 la

2361 717 109 22 marine
2502 717 176 24 marchande,
2705 718 102 24 second
2841 718 200 24 commandant
3065 719 17 22 à

2361 745 67 24 bord
2454 746 64 24 d'un
2546 748 89 27 grand
2655 748 162 27 cargo-boat
2842 749 47 24 des
2915 749 167 26 Chargeurs-

2361 775 111 25 Réunis.
2496 776 131 24 Puissent
2648 782 45 19 ces
2717 777 158 25 réflexions,
2896 780 46 24 qui
2967 780 65 21 sont
3057 777 24 24 le

2361 802 69 26 fruit
2451 807 48 22 des
2520 804 193 27 observations
2750 808 61 21 l'un
2843 808 112 22 homme
2974 807 90 24 compé-

2361 834 65 26 tent,
2450 834 65 24 d'un
2551 835 210 27 professionnel,
2783 837 69 22 faire
2889 839 90 22 naître
3013 837 69 22 chez

2361 861 107 27 chacun
2491 866 48 22 des
2562 866 141 24 ministres
2722 867 148 25 intéressés
2893 870 27 21 et
2939 873 128 19 responsa-

2361 891 57 26 bles
2473 899 50 20 car
2537 894 37 25 ils
2589 895 65 24 sont
2670 895 139 26 plusieurs
2828 902 6 17 :
2851 896 63 22 MM.
2934 896 146 24 Bouisson.

2362 921 143 24 Loucheur
2530 922 137 25 Clavellle.
2688 925 83 22 Boret
2837 925 24 25 le
2880 925 77 26 souci
2974 926 59 24 d'en
3053 925 19 22 fi-

2361 951 46 24 nir
2424 958 67 20 avec
2511 959 37 19 un
2568 954 54 24 état
2642 954 33 24 de
2694 956 98 22 choses
2811 956 46 24 oui
2878 957 41 22 est
2936 956 130 26 insuppor-

2361 979 71 26 table
2446 981 17 22 à
2481 983 58 24 tout
2555 984 86 25 esrrit
2656 984 71 25 doué
2744 985 34 25 de
2798 985 142 25 jugement
2954 986 27 22 et
2996 984 71 25 direc-

2361 1010 104 25 tement
2486 1011 200 30 préjudiciable
2706 1018 57 19 aux
2786 1013 116 24 intérêts
2923 1015 64 22 bien
3011 1018 53 18 com-

2361 1039 58 27 pris
2437 1042 48 22 des
2504 1043 156 22 nationaux
2676 1043 132 27 français.
2825 1043 43 22 On
2887 1049 18 18 a
2923 1050 11 12 «
2954 1042 97 25 étatisé
3071 1050 9 12 »

2361 1068 27 24 la
2400 1070 109 24 marine
2524 1071 170 24 marchande
2708 1077 33 18 en
2759 1072 146 24 attendant
2922 1072 32 22 de
2970 1075 30 21 la
3015 1080 11 12 «
3044 1076 26 19 so-

2361 1096 111 26 cialiser
2491 1107 20 15 ».
2531 1100 44 24 On
2596 1107 17 17 a
2631 1101 141 25 supprimé
2791 1101 26 24 la
2836 1101 98 24 liberté
2953 1102 37 22 du
3009 1106 54 18 com-

2361 1129 89 21 merce
2466 1129 31 22 et
2529 1128 141 24 combattu
2707 1129 109 27 jusqu'à
2851 1129 169 25 l'extinction
3041 1128 40 25 les

2361 1155 152 26 initiatives
2529 1156 113 30 privées.
2660 1155 77 26 Voici
2752 1159 39 25 les
2805 1159 130 24 résultats
2954 1160 33 22 de
3004 1159 65 27 l'opé-

2361 1185 91 22 ration
2471 1185 5 22 :

2389 1230 11 12 «
2425 1221 142 26 Comment
2590 1230 28 18 se
2641 1222 81 24 fait-il
2746 1232 51 18 nue
2819 1231 65 18 mon
2909 1225 97 24 navire
3027 1225 54 25 soit

2361 1254 99 19 encore
2478 1251 35 25 ici
2530 1251 13 24 î
2561 1252 28 22 Je
2607 1251 119 30 l'ignore.
2746 1253 28 24 Je
2791 1258 33 19 ne
2842 1253 111 28 pensais
2968 1258 50 24 pas
3037 1253 35 24 fai-

2360 1286 31 18 re
2411 1283 15 22 à
2446 1280 57 27 M...
2524 1290 35 18 un
2582 1284 93 25 séjour
2693 1285 77 24 aussi
2793 1285 72 25 lons.
2933 1284 40 26 Au
2993 1284 74 24 lende-

2361 1311 76 25 main
2460 1312 33 24 de
2516 1311 158 26 l'armistice
2698 1313 87 24 l'étais
2806 1315 136 24 persuadé
2961 1319 53 19 que
3037 1317 31 19 no-

2361 1342 41 21 tre
2420 1339 144 30 opération
2589 1342 195 27 commerciale
2803 1344 14 22 à
2844 1343 53 22 M...
2924 1343 92 24 aurait
3040 1343 41 22 été

2360 1369 33 22 de
2418 1370 93 25 courte
2537 1369 90 26 durée.
2656 1380 11 11 «
2693 1370 98 25 Errare
2817 1374 154 21 humanum
2992 1374 43 21 est
3059 1380 20 17 ».

2360 1402 48 19 car
2428 1403 67 19 mon
2518 1403 104 25 pauvre
2648 1400 46 24 D...
2719 1402 40 22 est
2783 1406 99 20 encore
2902 1401 113 25 amarré
3033 1406 50 18 sur

2359 1427 39 24 les
2411 1428 102 24 bouées
2525 1428 144 25 attendant
2686 1435 54 19 que
2751 1436 51 18 son
2816 1431 65 22 tour
2895 1430 100 24 vienne
3011 1435 71 19 pour

2360 1456 57 24 être
2433 1457 102 28 chargé
2604 1467 11 12 «
2635 1459 40 24 Au
2695 1461 122 22 moment
2832 1460 119 26 critique
2968 1459 37 24 où
3021 1460 60 22 tout

2359 1483 25 26 le
2406 1486 98 28 peuple
2524 1487 35 24 de
2582 1487 105 24 France
2708 1488 136 24 demande
2864 1491 18 21 à
2903 1489 104 24 grands
3025 1488 56 24 cris

2360 1512 27 25 la
2408 1514 119 25 solution
2552 1517 37 24 du
2614 1518 86 25 grand
2727 1518 137 25 Drob'ème
2890 1526 9 11 «
2924 1515 142 26 Ravitaille-

2357 1545 77 22 ment
2453 1552 11 12 »
2485 1551 34 18 ne
2754 1552 50 19 nis
2825 1545 65 26 qu'il
2909 1550 40 20 est
2974 1545 92 25 absolu-

2359 1573 76 24 ment
2452 1574 112 28 indigne
2582 1576 33 22 de
2631 1580 144 19 conserve.
2777 1573 2 31 -
2797 1576 123 28 pendant
2936 1577 63 26 plus
3015 1576 65 22 d'un

2359 1602 70 22 mois
2450 1607 56 18 une
2526 1604 138 27 propriété
2686 1609 105 19 comme
2813 1605 24 24 le
2855 1604 48 25 T>...
2928 1605 15 22 à
2962 1610 34 17 ne
3020 1603 59 24 rien

2357 1629 70 28 faire
2444 1630 13 24 ?
2472 1630 110 26 Pense;,
2602 1638 65 18 mon
2686 1633 65 22 cher
2767 1635 58 22 ami
2841 1633 9 24 !
2868 1633 34 22 Ce
2920 1633 96 22 navire
3034 1631 45 25 eill

2357 1664 37 24 pu
2418 1658 70 27 faire
2512 1662 14 20 3
2549 1664 119 26 voyage'
2698 1661 17 24 d
2724 1662 105 27 Algérie
2857 1663 25 22 et
2909 1663 172 27 transporter

2360 1693 34 19 en
2415 1688 104 26 France
2542 1690 80 24 18.000
2643 1694 97 21 tonnes
2765 1688 31 28 •le
2818 1690 43 24 blé
2882 1694 48 22 oui
2953 1693 129 22 auraient

2357 1722 35 21 pu
2417 1720 146 27 permettre
2581 1721 17 22 à
2620 1720 28 22 !rt
2667 1721 162 26 pouulation
2852 1722 32 24 de
2908 1727 116 19 manger
3043 1721 37 24 du

2356 1747 54 24 bon
2427 1748 65 27 pain
2512 1748 81 25 blanc
2623 1748 104 28 Depuis
2744 1748 63 30 plus
2826 1749 33 24 de
2878 1749 27 24 15
2923 1752 80 27 jours
3021 1749 47 28 j'at-

2356 1775 80 24 tends
2453 1778 48 22 des
2522 1778 97 26 ordres
2637 1783 70 21 pou--
2727 1780 99 24 mettre
2844 1786 65 18 mon
2927 1780 98 22 navire
3045 1785 33 17 en

2357 1805 185 27 chargement,
2567 1807 51 24 Les
2636 1806 97 26 ordres
2753 1812 35 19 ne
2819 1808 135 24 viennent
2983 1813 50 19 pas
3054 1807 26 25 et

2356 1835 94 26 quand
2471 1835 194 22 viendront-ils
2680 1835 12 22 ?
2753 1837 33 24 Et
2804 1838 122 24 oendant
2941 1844 31 18 ce
2988 1838 91 25 temps

2357 1861 22 24 le
2404 1864 37 21 D..
2478 1864 132 26 (pouvant
2628 1867 77 25 port*
2709 1871 13 19 r
2744 1865 67 24 7.000
2832 1867 100 24 tonnes
2954 1867 34 22 de
3008 1871 54 19 mar-

2357 1891 157 25 chandises'
2539 1893 84 28 pêcie
2644 1894 71 24 dans
2735 1893 26 24 le
2793 1896 63 22 port
2888 1896 33 22 de
2954 1896 56 22 M...
3032 1896 47 22 des

2357 1919 105 24 moules
2479 1928 51 21 par
2550 1922 25 25 lr
2596 1924 66 22 base
2685 1923 15 24 V
2743 1936 7 5 -
2772 1923 80 26 Vinqt
2869 1924 111 25 navires
3001 1922 77 26 vides

2359 1949 145 25 attendent
2530 1951 85 28 qu'un
2642 1952 74 28 postr
2748 1952 33 22 de
2806 1952 181 27 chargement
3013 1952 67 22 leur

2357 1977 53 25 soit
2427 1981 92 22 donné
2537 1982 26 22 et
2580 1981 30 22 30
2626 1980 117 28 navires,
2760 1982 103 24 bondés
2883 1982 32 22 de
2935 1982 125 24 marchan-

2357 2008 72 24 dises
2458 2008 142 26 attendent
2627 2008 59 26 leur
2713 2013 63 21 tour
2796 2009 34 25 de
2856 2009 222 27 déchargement.

2356 2036 99 25 Quand
2473 2039 71 24 donc
2563 2044 52 18 nos
2635 2040 161 27 politiciens
2815 2047 28 18 se
2863 2039 180 26 rendront-ils
3064 2041 17 24 a

2357 2065 146 27 l'évidente
2526 2068 27 24 et
2577 2068 94 28 quand
2696 2068 255 25 reconnaîtront-ils
2978 2075 53 20 que
3056 2070 24 22 le

2356 2096 89 24 grand
2464 2095 79 25 effort
2562 2099 15 22 fi
2600 2096 67 25 faire
2689 2104 70 20 pour
2777 2099 132 24 résoudre
2929 2099 26 25 le
2974 2098 91 25 problè-

2357 2130 44 20 me
2418 2125 38 25 du
2477 2125 215 26 ravitaillement
2711 2127 60 24 vise
2798 2127 38 24 les
2867 2126 113 26 navires
3000 2127 33 24 de
3052 2126 28 25 la

2356 2153 109 25 marine
2486 2156 171 25 marchande
2675 2154 12 24 1
2708 2157 129 24 Officiers
2870 2158 26 22 et
2927 2157 152 25 équipages

2357 2181 32 24 de
2425 2184 67 24 cette
2529 2184 104 26 grande
2666 2185 184 28 corporation,
2871 2185 99 28 depuis
3007 2185 58 27 long-

2357 2211 89 30 temps
2467 2213 22 24 si
2511 2215 115 24 obscure
2642 2217 26 21 et
2688 2216 21 22 si
2733 2215 106 25 oubliée
2859 2222 33 18 en
2915 2216 112 22 France,
3052 2220 28 18 se

2356 2239 168 27 demandent
2546 2249 31 19 ce
2595 2243 80 25 qu'on
2699 2243 93 25 attend
2830 2249 72 21 pour
2935 2243 40 25 les
3007 2243 72 25 faire

2355 2270 135 24 marcher.
2511 2271 73 24 Tous
2602 2275 200 22 comprennent
2820 2280 53 18 que
2893 2272 60 24 leur
2968 2274 57 22 rôle
3044 2277 34 19 ne

2357 2306 28 18 se
2408 2301 83 22 borne
2511 2308 50 21 pas
2583 2301 15 24 d
2620 2302 87 24 rester
2725 2302 123 27 pendant
2868 2302 47 24 des
2937 2302 71 24 mois
3031 2307 47 19 sur

2355 2334 38 18 un
2413 2329 97 25 navire
2531 2330 111 24 attaché
2663 2331 17 24 à
2702 2337 38 17 un
2765 2331 65 24 nuai
2852 2334 26 21 et
2902 2334 60 20 tous
2985 2336 78 19 recon-

2357 2355 124 27 naissent
2509 2360 86 27 qu'un
2621 2359 98 25 devoir
2741 2360 63 27 plue
2826 2360 163 26 impérieux,
3018 2360 60 27 plus

2355 2385 66 25 utile
2444 2386 59 25 leur
2519 2386 115 26 revient.
2657 2387 37 25 Ils
2717 2391 200 22 comprennent
2939 2391 70 24 tous,
3033 2393 45 19 ces

2355 2415 100 24 braves
2478 2422 73 20 gens,
2576 2424 52 21 que
2652 2419 27 22 la
2701 2419 125 25 question
2848 2418 81 26 vitale
2954 2419 37 24 du
3009 2425 69 20 pags

2356 2450 27 15 se
2407 2445 189 25 solutionnera
2619 2452 48 21 pin
2693 2446 25 24 la
2741 2451 59 19 n,c
2823 2450 25 21 et
2870 2453 52 20 que
2944 2448 65 22 c'est
3027 2452 51 19 nar

2355 2472 25 25 la
2399 2476 106 27 grande
2522 2476 80 25 bleue
2621 2483 53 21 que
2687 2481 73 19 nous
2778 2478 157 22 arriveront
2952 2478 41 22 les
3008 2477 67 25 blés,

2359 2500 24 27 !a
2402 2504 90 24 farine
2518 2504 39 25 les
2575 2506 105 22 cotons,
2700 2505 39 25 les
2757 2506 90 24 laines
2876 2507 40 22 les
2935 2506 85 24 cafés,
3039 2505 39 25 les

2357 2537 99 20 sucres,
2478 2532 39 25 les
2535 2533 158 25 matériaux
2713 2536 33 24 de
2765 2536 189 25 construction
2973 2536 25 24 et
3017 2536 60 24 tout

2356 2562 74 22 enfin
2445 2569 28 18 ce
2490 2569 53 22 quo
2557 2569 72 19 nous
2642 2569 92 18 avons
2750 2564 131 24 consacré
2895 2571 35 17 en
2946 2564 15 24 4
2975 2563 103 25 années

2356 2589 34 25 de
2406 2597 98 20 guerre
2523 2593 13 24 t>
2557 2591 26 24 la
2597 2591 116 25 défense
2731 2594 37 24 du
2785 2596 79 21 navs.
2883 2594 32 22 Et
2931 2598 145 21 personpe.

2355 2624 65 19 mon
2444 2621 65 25 cher
2532 2621 48 24 P...
2604 2628 34 18 ne
2662 2622 90 24 nara't
2777 2622 171 25 s'intéresser
2969 2623 18 24 à
3008 2622 67 25 cette

2357 2649 126 24 question
2509 2650 188 28 primordiale.
2726 2650 30 24 Si
2783 2656 71 18 nous
2883 2649 97 26 avions
3007 2656 71 18 pour

2357 2676 105 31 diriger
2485 2679 37 22 les
2549 2680 116 27 affaires
2693 2680 152 25 maritimes
2869 2680 47 24 des
2946 2680 69 25 Fnch
3044 2686 34 18 ou

2431 2706 93 22 Ppfnîn
2559 2708 24 22 t.*»
2608 2709 126 22 nuestion
2757 2714 30 17 ra
2791 2715 14 9 v
2811 2709 122 22 itnîP^ro'
2933 2715 7 9 ,
2943 2715 15 15 n
2963 2711 9 14 #
2994 2711 84 21 serait

2357 2735 54 22 vite
2425 2735 94 25 bâclée
2535 2738 25 24 et
2576 2738 65 25 déià
2654 2744 72 20 nous
2740 2738 117 25 aurions
2871 2739 38 25 du
2924 2738 44 25 bel
2986 2739 25 25 £t
3024 2739 54 24 bon

2355 2764 67 26 pain
2441 2765 89 26 blanc,
2549 2766 35 25 du
2603 2767 54 24 bon
2678 2767 61 25 café
2758 2767 79 24 sucré
2855 2772 67 20 avec
2941 2769 37 24 du
3000 2772 78 20 sucre

2355 2794 65 24 Sav,
2435 2797 25 20 et
2474 2797 63 21 tous
2552 2799 33 19 en
2600 2796 113 25 France,
2730 2802 71 19 nous
2817 2803 70 18 nous
2902 2794 176 28 plaindrions

2357 2823 91 24 moins
2465 2824 33 25 de
2515 2823 27 26 la
2559 2824 92 25 cherté
2668 2825 48 24 des
2733 2826 92 24 vivres
2843 2833 19 15 ».

2581 2863 59 26 X..„
2661 2863 139 27 capitaine
2819 2871 38 18 au
2874 2865 165 26 T.onq-cours

2357 2974 54 44 Une
2432 2972 165 46 déclaration
2615 2974 31 44 de
2665 2974 30 44 M.
2706 2973 176 46 Clemenceau
2896 2974 45 45 est
2954 2975 123 44 attendue

2388 3081 83 25 PARIS
2502 3083 26 24 IFI
2546 3083 152 25 rlcoeivbre.
2759 3083 40 25 On
2822 3083 67 25 croit
2908 3089 52 20 aii-c
2980 3083 24 25 le
3022 3083 40 27 pré-

2360 3111 90 24 sident
2470 3112 34 22 du
2526 3111 107 24 Conseil
2654 3116 15 19 a
2689 3111 154 25 l'intention
2863 3113 33 24 dr
2916 3113 117 24 prendre
3053 3113 22 22 la

2359 3139 93 32 parole
2471 3142 112 24 demain
2603 3148 70 21 pour
2693 3142 168 28 s'expliquer
2881 3148 47 18 sur
2948 3143 26 22 la
2993 3142 71 28 politi-

2360 3176 52 22 que
2426 3170 128 28 général',
2574 3172 35 21 du
2629 3171 228 24 Gouvernement.

2359 3288 67 54 UN
2451 3288 275 53 ATTENTAT
2746 3288 236 53 CRIMINEL

2481 3361 200 54 CONTRE
2705 3363 47 53 M.
2784 3363 41 53 A.
2855 3363 228 54 SARRAUT

2430 3445 172 35 gouverneur
2627 3438 118 43 général
2771 3442 33 30 de
2828 3436 183 37 l'ladc-Cbine

2393 3541 91 26 HANOI,
2507 3542 28 22 16
2556 3541 150 24 décembre.
2783 3540 25 22 M
2839 3540 94 25 Albert
2955 3540 122 24 Snrraut.

2362 3575 175 19 aouverneur
2555 3569 112 27 général.
2683 3570 32 24 de
2734 3569 184 25 l'indo-Chine
2935 3576 17 17 a
2969 3569 41 24 fié
3027 3569 38 24 vie-

2361 3600 65 24 lime
2443 3601 155 25 dimanche,
2615 3606 35 18 au
2667 3606 80 19 cours
2764 3601 33 22 de
2813 3599 217 27 Vinaunuration
3046 3600 31 22 de

2360 3630 26 22 la
2408 3630 70 27 foire
2500 3630 33 25 de
2556 3631 99 25 Hanoï,
2680 3631 79 22 d'une
2784 3628 131 26 tentative
2939 3627 125 26 d'assassi-

2361 3665 50 21 nat
2430 3661 33 22 de
2481 3661 27 22 la
2526 3661 63 27 part
2608 3661 65 22 d'un
2692 3658 99 26 ancien
2811 3661 84 26 nqenl
2915 3656 162 31 temporaire

2361 3690 47 21 des
2422 3689 118 25 services
2556 3690 78 24 civils
2648 3689 141 28 congédié.
2805 3689 33 26 M.
2857 3687 158 27 Desvignes,
3032 3687 45 27 qui

2362 3717 52 25 tira
2432 3725 48 18 sur
2497 3718 46 27 lui.
2563 3720 17 22 li
2598 3720 93 21 courte
2709 3716 126 25 dislance
2854 3720 66 20 avec
2939 3723 38 17 un
2995 3717 66 22 brow-

2361 3746 76 30 ning.

2393 3789 33 24 Le
2445 3788 126 25 criminel
2591 3789 48 28 qui
2659 3794 14 18 n
2694 3787 71 30 failli
2786 3789 54 24 être
2863 3788 98 27 lunché
2982 3791 51 24 par
3053 3785 24 22 la

2361 3819 76 27 foule
2459 3824 17 17 a
2499 3819 41 24 été
2563 3817 237 27 Immédiatement
2824 3817 97 27 arrêté,
2948 3819 35 22 T.a
3009 3815 67 24 balle,

2362 3848 47 25 qui
2427 3846 90 26 s'était
2536 3847 76 25 Inqée.
2629 3847 70 25 dans
2719 3848 22 21 le
2761 3846 74 25 flanc
2855 3844 72 26 droit
2946 3853 14 18 a
2979 3844 40 25 été
3038 3849 26 18 ex-

2362 3876 80 25 traite
2460 3882 52 24 peu
2531 3878 80 27 après
2630 3876 141 25 l'attentat.

2393 3917 81 26 Vital,
2489 3919 35 24 du
2541 3922 175 24 gouverneur
2731 3915 111 30 général
2857 3918 39 22 est
2913 3915 76 24 aussi
3004 3914 61 24 satis-

2362 3946 104 28 faisant
2487 3953 52 21 que
2559 3947 123 30 possible
2704 3948 24 21 et
2748 3947 39 22 les
2806 3944 142 25 médecins
2967 3950 34 19 ne
3022 3944 41 28 pré-

2363 3976 91 27 voient
2471 3981 110 19 aucune
2600 3976 204 27 complication.

3117 257 67 92 La
3230 257 74 97 fin
3351 260 98 90 des
3498 260 337 94 restrictions

3239 396 130 86 pour
3412 376 48 92 le
3507 378 202 105 pétrole

3146 543 21 25 Il
3184 549 18 24 y
3221 549 18 19 a
3254 544 133 30 quelques
3404 546 85 27 jours,
3541 554 9 12 t
3561 544 188 25 Ouest-Eclair
3759 556 9 9 »
3789 549 39 20 aa

3116 575 112 26 Donnait
3254 580 53 24 que
3334 575 40 22 les
3402 575 197 28 propriétaires
3626 574 213 25 d'automobile»

3115 601 115 26 allaient
3246 604 69 25 voir,
3333 605 17 22 à
3366 604 83 25 brève
3464 604 145 27 échéance,
3625 604 171 25 s'améliorer
3809 601 30 30 1«

3117 632 103 27 régime
3241 633 34 24 de
3293 634 172 22 restrictions
3488 634 47 33 qui
3557 634 59 24 leur
3640 634 67 22 était
3731 633 109 30 imposât

3116 660 98 28 depuis
3237 663 34 24 de
3294 667 25 19 si
3341 663 81 28 longs
3445 669 71 18 mois
3535 672 6 14 :
3561 670 38 17 im
3622 665 158 28 promettait
3802 657 35 34 do)

3117 691 59 22 leur
3189 690 106 25 donner
3311 693 33 22 de
3360 692 129 24 l'essence
3503 699 35 17 en
3556 693 64 28 plus
3633 693 105 27 grande
3752 693 85 24 abon-,

3116 719 94 24 dance.

3144 749 224 24 L'amélioration
3386 756 37 18 va
3442 751 56 22 être
3521 751 64 28 plus
3606 751 98 28 rapide
3724 752 26 20 et
3772 750 65 30 plus:

3117 778 120 24 sérieuse
3254 780 83 28 qu'on
3359 780 120 25 n'aurait
3498 785 37 24 pu
3557 780 25 24 le
3602 784 102 25 penser
3731 781 32 24 Et
3783 778 54 25 ellei

3117 811 61 20 sera
3193 807 137 28 générale,
3350 814 35 18 ne
3402 815 28 18 se
3448 809 119 24 bornant
3586 815 50 22 pas
3656 808 180 31 uniquement

3113 842 58 19 aux
3191 837 189 25 automobiles.
3400 837 72 25 Nous
3489 843 118 24 croyons
3626 839 102 24 savoir,
3745 844 35 18 en
3797 839 26 22 ef-

3117 868 46 25 let,
3190 868 64 27 qu'à
3278 868 77 22 dater
3383 868 35 24 du
3448 869 33 22 r*
3504 869 111 27 janvier
3639 869 144 27 prochain,
3810 867 27 24 le,

3116 901 155 20 commerce
3287 898 32 24 de
3339 898 138 27 l'essence,
3498 898 37 24 du
3555 899 106 30 pétrole
3678 900 26 21 et
3722 899 34 22 du
3780 901 38 20 ma-

3117 928 63 22 zout
3200 928 204 24 redeviendrait
3420 928 213 28 complètement
3652 928 74 24 libre.
3749 928 21 22 Il
3790 927 44 27 n'y

3117 956 91 25 aurait
3229 956 64 28 plus
3318 963 109 18 aucune
3452 958 73 22 carte
3548 964 32 17 en
3743 959 28 21 et
3796 954 39 25 les

3116 985 171 24 restrictions
3309 986 120 24 seraient
3450 986 178 28 supprimées.

3143 1012 157 26 Excellente
3320 1016 137 25 nouvelle,
3481 1016 46 28 qui
3549 1020 63 18 sera
3634 1016 63 22 bien
3720 1012 117 26 accueil-,

3118 1043 34 24 lie
3170 1050 52 21 par
3235 1044 76 24 toute
3332 1045 26 22 la
3378 1045 111 22 France.

3167 1097 189 24 L'HIBTOIRE
3381 1098 73 24 D'UN
3482 1097 97 24 COLIS
3606 1097 176 25 MILITAIRE

3145 1149 57 25 Elle
3223 1152 44 24 est
3285 1150 63 25 bien
3372 1152 125 24 curieuse
3522 1150 150 25 l'aventure
3694 1150 46 30 qui
3764 1156 71 19 nous

3117 1182 40 20 est
3181 1180 94 24 contée
3296 1187 51 17 nar
3369 1187 35 17 un
3431 1182 110 24 Breton,
3567 1182 210 22 ""'"r.i-rr'aître
3803 1181 32 21 de

3117 1208 26 22 la
3162 1208 73 25 flotte
3252 1209 47 28 qui
3318 1215 28 18 se
3364 1211 96 22 trouve
3480 1208 195 25 actuellement
3692 1209 18 24 à
3724 1209 116 25 Corfou.l

3116 1237 38 24 Sa
3180 1239 100 22 femme
3305 1238 38 25 lui
3372 1238 77 25 avait
3475 1238 124 30 expédié,
3627 1240 47 22 des
3698 1239 137 24 Côtes-du-
3857 1246 12 22 t

3116 1267 80 26 Nord,
3216 1273 37 18 un
3270 1267 69 25 colis
3352 1269 150 24 contenant
3522 1273 53 20 une
3589 1269 77 30 paire
3683 1267 33 25 de
3731 1270 102 24 sa->ots,

3117 1296 72 24 deux
3211 1298 93 27 paires
3325 1298 34 24 de
3383 1298 162 27 chaussons,
3566 1297 69 24 trois
3672 1298 92 28 paires
3803 1297 32 22 de

3117 1325 178 28 chaussettes,
3335 1325 72 25 deux
3429 1325 137 31 caleçons,
3589 1332 38 18 un
3648 1331 128 20 morceau
3802 1325 33 24 de

3116 1354 100 25 viande
3230 1356 33 22 de
3279 1361 66 24 porc
3358 1358 30 22 et
3403 1362 53 19 une
3472 1355 150 28 andouille,
3638 1357 24 22 le
3678 1357 59 24 tout
3751 1357 84 28 ayant

3117 1389 54 19 une
3187 1384 98 24 valeur
3296 1385 33 22 de
3346 1385 30 24 45
3391 1385 100 24 francs.
3507 1384 47 27 Or,
3572 1384 91 31 quelle
3678 1391 33 19 ne
3784 1391 51 24 pas

3113 1417 33 19 sa
3163 1414 196 27 stupéfaction,
3378 1420 34 18 en
3430 1416 120 21 ouvrant
3568 1415 25 22 le
3607 1415 77 25 colis,
3700 1414 45 30 d'y
3763 1416 57 21 trou-

3117 1447 56 22 ver,
3188 1448 56 18 non
3260 1449 51 22 pas
3322 1444 41 24 les
3378 1443 115 25 denrées
3509 1449 25 19 et
3546 1444 90 30 objets
3651 1449 33 20 en
3699 1444 135 30 question,

3116 1473 73 22 mais
3207 1473 64 22 bien
3289 1473 37 22 du
3347 1474 98 22 beurre
3468 1479 34 18 en
3523 1474 89 22 boites
3632 1479 57 18 non
3710 1474 124 24 soudées,

3116 1501 69 25 trois
3197 1502 118 28 paquets
3328 1502 32 24 de
3378 1501 46 28 riz,
3441 1508 39 18 un
3494 1502 33 25 de
3541 1502 89 31 figues
3644 1502 104 28 sèches,
3763 1502 72 25 deux

3117 1531 32 24 de
3167 1532 90 22 crème
3273 1531 104 30 d'orge,
3394 1538 38 17 un
3450 1533 33 22 de
3497 1531 131 27 haricots,
3645 1538 38 18 un
3698 1533 34 24 de
3749 1531 73 24 lentil-

3115 1560 48 24 les!
3181 1560 73 24 Tous
3270 1567 44 17 ces
3332 1560 92 25 divers
3442 1563 116 28 paquets
3574 1561 102 25 étaient
3693 1560 141 25 d'ailleurs

3118 1590 125 25 éventrés
3260 1592 27 21 et
3306 1590 61 25 leur
3385 1593 118 21 contenu
3521 1597 28 18 se
3570 1590 94 25 mêlait
3686 1591 17 24 à
3723 1591 48 24 des
3790 1591 31 28 pâ-

3113 1619 41 24 tes
3176 1619 197 26 alimentaires,
3394 1620 17 24 à
3433 1619 47 25 des
3501 1619 149 30 balayures
3685 1619 32 26 de
3752 1619 81 25 tahac

3117 1650 104 22 carotte
3239 1651 26 22 et
3283 1650 89 22 même
3391 1656 18 17 il
3428 1655 35 18 un
3481 1650 125 28 fromage
3622 1650 56 24 mal
3697 1649 138 24 conservé.

3144 1678 70 26 Quel
3249 1678 92 25 habile
3380 1678 237 31 prestidigitateur
3652 1678 77 26 avait
3765 1678 70 24 donc

3117 1708 168 24 transformé
3308 1709 73 22 ainsi
3399 1708 103 24 viande
3522 1710 30 22 et
3572 1709 93 22 sabots
3684 1714 33 18 en
3737 1715 38 17 un
3798 1710 26 21 in-

3117 1736 54 24 fect
3193 1736 129 30 mélange
3346 1736 32 26 de
3404 1737 115 24 denrées
3554 1737 190 25 alimentaires
3780 1742 56 18 non

3118 1766 155 24 utilisables
3333 1768 40 22 On
3402 1772 34 18 ne
3467 1766 24 24 le
3515 1773 86 17 saura
3626 1767 111 28 jamais,
3767 1772 66 18 sans

3117 1795 90 25 doute.
3223 1795 40 24 En
3276 1795 63 24 tous
3357 1801 54 21 cas,
3426 1795 25 24 le
3467 1795 52 25 fait
3531 1796 43 24 est
3589 1795 56 25 très
3661 1795 180 52 regrettable.j

3209 1853 61 34 Une
3287 1854 103 33 ralion
3407 1854 38 33 de
3465 1864 89 24 sucre
3572 1853 67 43 plus
3657 1854 83 43 forte

3144 1929 35 22 M.
3209 1929 81 22 Boret
3314 1929 77 22 vient
3415 1928 169 24 d'annoncer
3606 1926 66 30 qu'il
3698 1932 35 17 va
3771 1932 48 20 nng-

3117 1958 106 22 menter
3242 1957 34 24 de
3294 1958 30 24 50
3340 1958 43 26 0/0
3399 1959 79 21 notre
3498 1957 92 22 ration
3606 1958 33 22 de
3657 1962 86 18 sucre.
3765 1957 71 21 Mais

3116 1987 182 27 gardez-vous
3313 1987 79 24 d'une
3410 1985 54 31 joie
3480 1985 183 30 prématurée.
3680 1984 73 24 Cette
3770 1990 50 21 aug-

3116 2016 162 26 mentation.
3304 2022 71 18 nous
3399 2017 63 22 n'en
3482 2011 202 27 bénéficierons
3718 2021 52 22 que
3810 2013 26 24 le

3115 2044 66 28 jour
3200 2046 35 24 où
3261 2044 39 25 les
3326 2044 156 25 raffineries
3507 2046 99 24 auront
3630 2043 206 26 suffisamment

3116 2075 33 24 de
3171 2075 124 25 charbon
3317 2081 72 24 pour
3412 2075 143 30 fabriquer
3574 2075 28 22 et
3626 2074 35 24 où
3697 2074 25 22 le
3756 2078 79 19 sucre

3115 2109 104 24 pourra
3237 2107 56 22 être
3313 2106 115 24 conduit
3448 2106 48 22 des
3514 2107 94 21 usines
3627 2104 71 25 dans
3718 2104 39 25 leà
3776 2108 45 19 cen-

3115 2135 56 24 tres
3189 2135 33 24 de
3241 2134 229 26 consommation.
3496 2135 84 27 Donc,
3599 2140 72 20 pour
3691 2140 53 24 que
3764 2137 71 20 nous

3116 2169 87 22 ayons
3229 2164 158 30 davantage
3411 2165 34 24 de
3472 2169 89 24 sucre,
3592 2164 19 24 il
3639 2164 59 22 faut
3726 2169 52 24 que
3809 2160 26 25 la

3115 2193 70 25 crise
3203 2194 50 24 des
3268 2194 156 28 transports
3444 2200 30 19 se
3489 2194 52 25 soit
3561 2193 128 24 atténuée
3704 2192 117 25 sensible-

3117 2225 83 21 ment.
3222 2224 97 26 Ouand
3339 2225 24 22 le
3381 2223 146 25 sera-t-elle
3544 2224 11 21 ?

3144 2251 70 25 C'est
3235 2259 34 19 au
3293 2254 93 24 retour
3409 2255 34 24 de
3458 2251 131 27 Londres,
3613 2258 52 20 que
3686 2251 37 22 M.
3744 2250 90 25 Boret,

3113 2282 128 24 ministre
3263 2284 35 22 du
3326 2282 222 24 ravitaillement,
3574 2288 19 18 a
3618 2282 126 22 annoncé
3770 2278 65 26 ou'il

3113 2310 122 30 espérait
3256 2310 119 31 pouvoir
3397 2310 106 25 bientôt
3524 2310 164 26 augmenter
3706 2310 33 24 de
3762 2309 30 24 50
3813 2309 22 27 %

3113 2340 26 24 la
3156 2341 92 22 ration
3261 2342 37 21 de
3313 2346 86 19 sucre.

3143 2369 47 26 N'y
3211 2369 69 22 a-t-il
3302 2375 50 21 pas
3377 2370 56 24 lieu
3459 2369 30 24 de
3517 2373 99 22 penser
3637 2374 52 20 que

3115 2398 208 24 améliorations
3343 2400 67 21 vont
3426 2404 100 19 encore
3543 2398 118 24 résulter
3678 2398 50 24 des
3745 2398 77 24 dispo-

3113 2428 100 22 sitions
3237 2428 46 27 qui
3311 2430 48 22 ont
3381 2434 35 21 pu
3443 2430 56 21 etre
3526 2428 87 22 orises
3633 2434 35 17 au
3694 2433 81 17 cours
3801 2427 33 22 de

3113 2456 69 25 cette
3207 2459 194 21 conversation
3424 2454 154 26 Interalliée
3600 2458 9 20 'f
3633 2456 71 24 C'est
3726 2461 31 18 CP
3781 2460 56 20 au»

3113 2492 71 18 nous
3202 2491 122 19 sommes
3341 2486 54 24 allé
3416 2486 151 22 demander
3587 2487 17 21 à
3619 2486 35 22 M.
3674 2486 90 21 Boret.
3785 2484 47 24 oui

3111 2518 73 20 nous
3197 2520 18 18 a
3229 2515 57 24 très
3302 2517 172 21 exactement
3490 2515 125 24 rénondu
3633 2520 7 17 :
3658 2523 9 11 «
3683 2512 152 25 .T'examine

3113 2543 25 25 la
3159 2544 154 27 possibilité
3332 2545 33 22 de
3386 2543 120 25 faciliter
3527 2544 38 22 les
3580 2544 196 25 importations
3796 2543 37 22 du

3113 2578 155 19 commerce
3293 2572 69 25 libre
3387 2578 70 22 peur
3482 2575 63 22 tous
3566 2578 38 18 les
3627 2572 128 26 produits
3778 2577 56 18 non

3113 2600 117 28 cédulés,
3255 2602 162 24 c'est-à-dire
3441 2607 57 18 non
3531 2602 90 25 réglés
3652 2608 51 18 Dar
3724 2602 48 21 des
3790 2606 31 18 ac-

3112 2630 83 24 cords
3213 2630 157 26 intéralli's.
3391 2631 38 25 En
3448 2637 30 19 ce
3495 2631 46 25 oui
3560 2636 133 19 concerne
3711 2630 33 24 de
3759 2636 57 18 nom-

3112 2661 89 22 breux
3235 2660 118 26 articles,
3378 2660 39 22 les
3454 2659 139 28 quantités
3627 2659 122 25 allouées
3771 2661 17 21 h
3807 2660 28 22 la

3112 2688 105 26 France
3237 2693 65 21 vont
3320 2689 57 25 être
3393 2688 187 27 augmentées.
3596 2688 35 25 Ce
3650 2695 61 18 sera
3730 2688 89 24 notam-

3113 2721 76 21 ment
3207 2719 26 22 le
3249 2725 47 18 cas
3318 2720 34 22 du
3373 2725 86 18 sucre,
3477 2720 37 21 du
3533 2718 70 24 café,
3620 2719 50 22 des
3685 2721 148 20 conserves

3115 2752 34 19 en
3171 2747 97 26 boîtes,
3294 2747 50 25 des
3367 2747 123 27 légumes
3515 2752 66 20 sers,
3606 2747 46 24 des
3674 2745 85 28 lards,
3787 2746 46 24 des

3113 2778 128 25 graisses.
3262 2778 38 24 da
3319 2776 74 25 malt,
3410 2778 38 22 du
3467 2774 129 25 houblon.

3113 2868 326 71 L'ATTENTAT
3471 2870 65 69 DE
3572 2868 260 71 LISBONNE

3158 3007 59 22 LES
3242 3006 262 25 CONDOLEANCES
3529 3008 40 21 DE
3594 3007 40 22 LA
3660 3006 125 24 FRANCE

3143 3063 92 27 PARIS.
3255 3063 27 22 Î6
3300 3063 150 25 décembre.
3516 3064 33 22 M.
3572 3063 115 27 Pichon.
3705 3063 124 24 ministre

3113 3092 48 24 des
3184 3092 113 25 affaires
3318 3092 168 30 étrangères,
3508 3094 41 22 est
3569 3093 53 25 ;ilié
3644 3094 92 27 porter
3757 3093 17 24 à
3794 3093 35 22 M.

3112 3123 33 24 de
3164 3123 176 24 Bettencourt
3357 3124 163 27 Bodriguez.
3540 3125 126 22 ministre
3685 3125 33 22 de
3736 3125 79 22 Portu-

3112 3154 46 28 gal
3185 3159 35 18 en
3247 3154 112 26 France,
3386 3155 90 24 toutes
3502 3155 40 24 les
3569 3155 201 24 condoléances
3794 3155 40 22 diï

3112 3185 219 26 gouvernement
3348 3185 18 22 à
3386 3185 145 22 l'occasion
3550 3185 33 22 de
3601 3185 176 22 l'assassinat
3794 3184 35 22 du

3112 3213 143 31 président
3274 3214 115 25 Sidonio
3407 3216 77 24 Paës.

3144 3244 51 26 D«
3210 3244 96 25 ordres
3321 3246 47 24 ont
3384 3246 41 24 été
3442 3244 106 25 donnés
3562 3252 72 22 pour
3647 3252 53 22 que
3717 3244 39 22 les
3771 3244 45 24 dra-

3117 3278 91 25 peaux
3222 3275 90 27 soient
3326 3275 53 22 mis
3392 3281 35 18 en
3442 3276 92 24 berne,
3549 3282 33 15 en
3598 3276 93 22 raison
3707 3275 37 22 du
3758 3273 73 24 deut)

3115 3304 33 24 de
3182 3304 26 24 la
3240 3304 174 32 République
3444 3304 168 31 portugaise,
3647 3304 78 25 alliée
3750 3304 32 24 de
3804 3304 24 26 U

3115 3333 111 25 France.

3249 3384 9 11 •
3293 3376 86 22 DEUX
3400 3376 254 22 ARRESTATIONS

3146 3433 130 27 LISBONNE,
3301 3436 26 22 16
3347 3435 150 25 décembre.
3568 3435 35 24 I.e
3625 3435 113 24 docteur
3758 3435 74 24 Brito

3117 3464 145 28 Camacho,
3280 3465 99 28 député
3392 3467 27 21 et
3435 3467 63 22 chef
3513 3467 37 21 du
3565 3471 103 21 groupe
3684 3465 146 22 unioniste,

3116 3494 70 24 ainsi
3203 3501 53 18 oue
3274 3496 33 22 M.
3326 3495 162 26 Magalhaes
3503 3496 85 25 Lima,
3607 3502 37 17 un
3660 3495 48 24 des
3725 3494 116 33 leaders|

3116 3524 195 28 républicains,
3335 3527 50 22 ont
3405 3526 43 24 été
3472 3526 111 26 arrêtés,
3607 3531 30 18 ce
3661 3526 110 22 dernier
3795 3524 46 32 du;

3116 3555 51 22 fait
3184 3556 100 24 au'une
3302 3553 79 26 lettre
3399 3556 46 22 nui
3465 3555 39 24 lui
3526 3557 65 21 étiit
3609 3555 128 24 adressée
3755 3562 17 15 a
3790 3554 40 24 été

3115 3586 111 24 trouvée
3249 3592 32 18 en
3308 3587 157 26 possession
3491 3587 32 22 de
3547 3585 152 25 l'assassin.

3113 3689 33 45 La
3168 3690 87 44 Messe
3275 3690 31 44 de
3322 3690 90 44 minuit
3432 3698 64 35 sera
3516 3689 126 45 célébrée
3660 3689 74 45 cette
3750 3696 81 38 année

3144 3796 90 25 PARIS.
3260 3797 26 22 16
3306 3797 152 24 décembre.
3533 3797 146 24 L'autorité
3703 3796 115 25 diocésai-

3115 3831 33 19 ne
3167 3831 14 19 a
3202 3828 43 24 été
3266 3826 139 26 consultée
3441 3833 48 19 sur
3510 3826 26 25 la
3565 3826 168 26 célébration
3754 3826 34 24 de
3808 3826 24 24 la

3113 3860 91 20 messe
3223 3857 34 24 de
3275 3856 102 24 Minuit
3393 3857 13 21 à
3429 3857 28 22 la
3476 3857 53 22 fête
3548 3857 33 22 de
3600 3854 73 25 Noël.
3694 3856 33 21 Le
3746 3855 71 22 cardi-

3115 3883 230 32 nal-archevêque
3365 3887 96 22 estime
3478 3885 65 30 qu'il
3565 3892 19 18 v
3601 3893 19 17 a
3641 3886 53 24 lieu
3717 3886 33 24 <le
3768 3883 52 24 célé-

3113 3914 64 25 brer
3194 3915 69 24 cette
3281 3917 87 22 année
3387 3915 25 22 la
3431 3920 90 19 messe
3539 3915 69 24 dans
3627 3914 38 24 les
3680 3914 99 25 éelises
3798 3913 33 22 où

3115 3943 54 25 l'on
3187 3945 78 24 avait
3278 3945 128 24 routume
3424 3946 32 22 de
3475 3944 22 25 le
3516 3944 71 25 faire
3604 3943 228 26 précédemment,

3113 3972 18 22 à
3151 3972 93 25 moins
3270 3973 250 24 d'empêchements
3547 3972 213 25 exceptionnels.

241 4088 157 22 Feuilleton
417 4091 28 19 de
463 4085 210 25 L'Oucst-Eclair
791 4084 30 25 17

299 4116 37 24 du
351 4117 28 24 17
392 4116 143 25 décembre
549 4116 65 24 1918.

105 4209 389 89 Tempête
511 4208 307 71 sourde

228 4323 58 34 Par
321 4315 361 43 ALBÉRICH-CHABRO^

125 4431 73 24 Vous
230 4435 81 20 savez
345 4436 52 22 que
430 4430 76 24 votre
540 4429 102 24 salaire
674 4430 43 21 est
750 4430 66 21 tenu

98 4470 25 18 ie
159 4466 64 30 plus
256 4463 85 27 élevé,
377 4465 17 22 à
429 4468 81 19 cause
546 4463 50 24 des
627 4462 91 24 beaux
752 4462 64 30 prix

99 4504 52 24 que
178 4502 72 19 nous
276 4498 119 24 retirons
424 4496 33 24 de
484 4501 52 19 nos
562 4501 93 19 verres
684 4501 69 24 pour
781 4494 26 24 vi-

99 4534 90 26 traux,
216 4533 34 27 et,
283 4531 24 24 si
338 4528 28 31 je
398 4531 24 24 le
452 4531 118 26 voulais,
604 4530 116 30 j'aurais
751 4527 66 26 chez

99 4566 56 24 moi
189 4565 112 24 demain
333 4566 63 21 tous
428 4565 40 22 les
500 4564 149 24 souffleurs
681 4564 48 22 des
762 4566 44 20 ver-

99 4599 85 26 reries
207 4599 17 25 à
242 4599 86 25 vitres
347 4599 135 24 blanches
502 4599 32 22 de
555 4598 210 27 Rive-de-Giers,
788 4598 33 22 de

100 4633 171 27 Terrenoire,
295 4638 37 20 ou
354 4633 89 25 même
464 4633 33 25 de
521 4632 27 25 la
570 4632 139 30 Belgique.
731 4631 92 24 Faites

99 4675 48 19 vo*
164 4668 149 25 réflexions
328 4668 61 24 d'ici
409 4668 15 24 à
442 4669 111 22 demain
570 4667 65 31 soir,
653 4670 37 25 et,
705 4665 27 31 je
751 4671 67 19 vous

99 4703 26 25 le
150 4703 203 26 recommande,
379 4708 34 18 en
435 4703 77 27 dépit
535 4703 56 22 des-
607 4702 131 24 mauvais
759 4704 46 19 con-

99 4737 133 27 seilleurs,
253 4737 94 24 tachez
367 4742 51 24 que
439 4742 48 18 vos
507 4736 167 24 résolutions
694 4740 33 19 ne
748 4736 58 21 tour-

100 4775 69 21 nent
189 4776 50 25 pas
262 4772 15 24 à
301 4774 78 21 votre
400 4770 150 30 préjudice.
588 4769 40 24 En
667 4768 154 27 attendant,

296 4806 44 24 «il
358 4809 69 19 vous
446 4805 77 30 plaît,
542 4805 15 22 à
578 4809 58 18 mes
654 4802 123 30 affaires,
797 4805 26 21 et

102 4840 70 25 allez
191 4846 57 18 aux
267 4840 99 24 vôtres.

122 4873 50 25 Les
196 4872 123 30 grévises
343 4878 30 17 se
398 4872 151 27 retiraient,
575 4871 26 22 la
627 4871 111 28 plupart
763 4870 53 22 tête

99 4912 81 21 l*sse,
197 4912 27 18 se
241 4909 130 20 trouvant
387 4905 169 22 convaincus
573 4904 34 24 de
622 4905 103 25 sottise,
743 4904 59 27 quel-

99 4944 64 24 ques
175 4944 60 20 uns.
257 4938 47 24 des
325 4938 152 26 étrangers,
498 4942 66 19 avec
585 4938 48 21 des
653 4941 163 19 murmures.

99 4971 99 30 Uyrille
216 4972 80 24 retint
318 4971 71 24 deux
407 4971 33 24 de
458 4975 104 20 ceux-ci
582 4970 52 30 p'ar
651 4970 24 24 le
692 4970 73 27 bras,
784 4972 35 24 et.

99 5010 61 20 ivec
180 5004 132 30 violence,
332 5009 27 20 et
374 5004 164 25 blêmissant
555 5004 148 28 jusqu'aux
725 5003 92 25 lèvres,

100 5039 12 26 Il
131 5039 58 24 cria
210 5043 35 19 au
267 5043 104 25 groupe
391 5036 87 26 entier
498 5037 33 24 de
550 5042 45 19 ses
614 5036 139 30 disciples,
774 5036 30 22 dû-

102 5074 20 27 [A
136 5078 48 18 sur
200 5073 25 22 le
240 5070 70 25 seuil
325 5072 34 24 de
374 5072 27 24 la
416 5073 77 28 porte
510 5078 6 18 :

170 5113 104 24 Lâches
295 5113 6 13 '
325 5112 122 30 poltrons
469 5112 5 30 !
496 5112 72 24 mais
588 5117 69 18 vous
678 5115 33 19 ne
731 5114 85 24 voyez

102 5152 48 22 p*s
169 5152 52 24 que
236 5150 41 20 cet
295 5147 110 22 homme
423 5152 15 17 a
458 5150 66 25 peur
541 5146 32 22 de
592 5150 69 19 vous
677 5145 63 22 'Jien
758 5141 64 32 plus

102 5186 50 24 que
168 5186 70 18 vous
255 5184 94 20 autres
369 5185 70 19 vous
456 5179 94 22 n'avez
569 5183 69 25 peur
656 5179 33 24 de
709 5178 39 22 lui
768 5177 11 22 î
797 5176 24 24 si

102 5219 64 19 vous
188 5213 92 24 saviez
301 5218 105 18 comme
429 5213 19 22 il
469 5218 15 18 a
506 5217 69 24 peur
594 5217 53 22 que
666 5212 28 27 je
717 5210 74 28 parle
815 5210 7 22 !

100 5246 32 24 •h
152 5246 7 24 I
177 5246 24 24 si
219 5245 27 30 je
263 5245 118 31 pouvais
399 5245 92 28 parler
511 5245 7 22 !
536 5245 24 21 si
578 5245 27 28 je
624 5244 118 30 pouvais
759 5248 46 24 par-

102 5284 37 22 ,er
152 5280 33 24 L..

124 5313 120 22 ïauvan.
267 5311 128 24 l'orateur
413 5311 34 24 de
465 5313 59 22 tout
543 5311 18 24 à
579 5310 112 25 l'heure,
712 5309 105 25 mécon-

132 5381 215 30 (Reproduction
369 5381 149 26 interdite.)

850 4085 58 24 tent
932 4084 33 24 de
990 4084 79 24 s'être
1094 4084 106 28 engagé
1226 4084 70 24 dans
1323 4090 53 18 une
1403 4084 98 24 affaire
1526 4084 47 30 qui

852 4117 109 28 prenait
977 4119 24 24 si
1018 4117 115 28 étrange
1149 4120 143 26 tournure,
1310 4120 35 22 et.
1364 4123 37 18 au
1420 4117 76 27 fond,
1514 4117 59 24 tout

850 4149 105 25 dévoué
974 4149 18 26 à
1010 4150 157 27 Marsanne,
1187 4149 39 25 dit
1245 4155 38 19 un
1302 4155 53 25 peu
1374 4150 148 25 rudement
1539 4155 34 20 au

849 4182 65 25 ■chef
931 4183 34 24 de
984 4183 27 24 la
1029 4183 83 28 grève
1129 4191 7 18 :

928 4217 32 24 Et
981 4218 137 28 pourquoi
1143 4218 81 22 est-ce
1248 4221 54 24 que
1325 4217 30 24 tu
1378 4221 35 19 ne
1436 4217 137 30 parlerais

855 4247 64 31 pasî
938 4250 120 30 Puisque
1077 4254 72 19 nous
1167 4253 119 20 sommes
1305 4250 103 24 devant
1424 4250 24 24 le
1465 4253 109 26 patron,

850 4286 65 21 c'est
938 4284 24 25 le
985 4287 123 21 moment
1129 4285 33 22 de
1183 4285 39 22 lui
1246 4284 59 24 dire
1325 4285 61 22 tout
1407 4290 30 18 ce
1459 4290 53 24 que
1534 4284 39 22 les

853 4323 52 18 uns
919 4323 35 18 ou
971 4318 39 22 les
1025 4318 92 22 autres
1131 4323 72 18 nous
1219 4322 86 20 avons
1319 4323 48 18 sur
1383 4318 25 22 le
1423 4322 76 19 cœur
1513 4322 47 19 con-

854 4352 39 21 tre
919 4349 39 25 lui
986 4358 7 15 :
1019 4350 78 28 parle
1123 4350 202 27 franchement,
1355 4350 156 27 camarade,
1540 4355 34 18 ou

852 4382 111 30 tais-toi,
983 4389 33 22 ça
1033 4383 70 22 n'est
1120 4389 51 22 pas
1188 4389 99 24 propre
1306 4384 141 22 d'accuser
1465 4389 34 18 en
1517 4383 45 24 des-

850 4421 73 18 sous.

879 4448 103 27 Cyrille
1002 4454 34 18 ne
1055 4449 115 28 pouvait
1188 4455 50 24 pas
1257 4449 98 28 parler.
1377 4449 24 25 Il
1417 4449 107 30 passait
1543 4455 31 18 sa

852 4481 77 22 main
944 4481 110 28 longue,
1071 4481 125 28 ivoirine,
1214 4488 47 18 sur
1277 4488 51 18 son
1343 4482 77 25 front
1431 4487 34 19 en
1481 4487 93 21 sueur,

850 4518 48 19 sur
914 4520 44 18 ses
973 4519 73 24 yeux
1062 4514 213 25 véritablement
1289 4517 105 27 égarés,
1411 4517 86 27 ayant
1514 4515 61 24 l'air

852 4547 33 24 de
914 4547 93 24 suivre
1038 4553 54 18 une
1123 4547 158 30 apparition
1313 4547 107 30 céleste,
1453 4547 27 25 la
1509 4553 48 25 sup-

853 4579 89 30 pliant
960 4580 33 24 de
1016 4579 38 25 lui
1075 4580 86 25 délier
1181 4581 26 24 la
1227 4581 103 31 langue
1352 4586 70 26 pour
1440 4584 70 27 Jeter
1531 4581 32 24 l'a-

856 4612 130 25 nathème
1007 4618 52 25 que
1082 4613 119 25 méritait
1221 4615 130 30 l'homme
1372 4613 54 25 haï.
1452 4616 31 22 Et
1505 4615 72 24 voici

850 4652 53 25 que
922 4648 175 30 l'apparition
1116 4654 28 18 se
1162 4650 31 21 Ut
1208 4650 90 26 réelle,
1317 4654 56 19 non
1389 4649 152 24 seulement
1560 4651 13 20 fi

852 4684 44 19 ses
913 4685 80 22 yeux,
1012 4682 72 21 mais
1100 4687 54 17 aux
1173 4687 71 22 yeux
1261 4682 32 24 de
1311 4684 63 21 tous
1390 4682 39 24 les
1447 4682 126 24 verriers,

850 4717 56 19 aux
927 4719 73 24 yeux
1024 4714 34 24 de
1080 4715 156 24 Marsanne.
1260 4716 57 28 qui,
1341 4715 92 25 accoté
1455 4721 15 24 p
1475 4716 43 22 r^s
1540 4721 7 15 (
1548 4714 8 22 '
1560 4719 13 18 e

854 4748 25 20 la
901 4749 77 27 porte
999 4748 122 22 derrière
1144 4747 116 30 laquelle
1284 4749 18 22 11
1325 4749 139 28 percevait
1486 4748 90 22 même

853 4779 38 24 les
915 4780 116 24 souffles
1057 4780 138 24 haletants
1221 4781 48 22 des
1294 4781 125 27 commis,
1446 4781 128 24 semblait

855 4813 175 25 maintenant
1050 4814 168 28 impassible,
1244 4814 98 24 laisser
1364 4815 27 24 la
1414 4813 161 25 conclusion

855 4845 33 26 de
907 4847 25 22 la
948 4847 69 22 lutte
1033 4847 17 24 à
1069 4847 25 24 la
1111 4847 115 24 fatalité.
1246 4847 105 27 Là-bas,
1369 4853 35 19 au
1422 4847 60 25 ilelù
1500 4848 33 22 de
1551 4847 24 22 la

850 4886 67 18 cour
938 4886 46 22 qui
1005 4879 118 24 s'étalait
1144 4880 102 24 devant
1266 4881 40 22 les
1325 4881 133 26 bureaux,
1480 4886 25 19 et
1527 4885 46 19 sur

853 4912 24 24 le
895 4913 110 25 chemin
1024 4919 34 18 au
1077 4913 69 24 bord
1165 4913 33 24 de
1219 4913 25 25 la
1261 4915 87 27 Loire,
1370 4915 60 24 Alix
1449 4918 27 20 et
1493 4913 65 24 Char-

853 4946 64 24 lotte
938 4948 149 28 passaient,
1110 4951 28 19 se
1159 4946 125 24 donnant
1307 4946 21 24 le
1350 4946 73 26 bras,
1446 4946 70 25 dans
1538 4951 35 19 un

852 4981 131 26 gracieux
1012 4980 178 24 enlacement.
1224 4980 98 24 Vêtues
1350 4978 34 25 de
1411 4980 80 24 robes
1521 4980 54 24 très

852 5013 109 27 claires,
984 5014 56 22 «les
1063 5011 163 25 semblnient
1250 5013 72 24 deux
1345 5014 97 28 jeunes
1466 5014 109 22 déesses

854 5047 124 21 montées
997 5046 37 24 du
1054 5047 59 22 sein
1135 5046 33 22 de
1187 5046 25 24 la
1234 5046 99 24 rivière
1354 5047 47 28 qui
1423 5046 93 24 faisait
1540 5049 34 19 un

854 5081 85 20 suave
960 5080 67 22 fond
1050 5080 58 27 gris
1129 5080 33 22 de
1186 5080 73 28 perle
1280 5085 13 17 «
1318 5080 76 22 leurs
1415 5079 162 24 silhouettes

854 5112 99 24 sveltes
994 5113 76 22 Deux
1100 5112 97 28 jeunes
1227 5112 111 25 déesses
1367 5112 208 30 d'apaisement,

853 5145 249 24 d'adoucissement
1119 5146 90 27 parmi
1225 5146 39 22 les
1280 5146 125 22 hommes
1422 5151 54 18 aux
1494 5144 81 24 luttes

854 5178 154 25 farouches,
1026 5181 25 20 et
1069 5179 26 22 la
1111 5179 90 24 vision
1218 5179 69 22 était
1299 5179 22 24 si
1341 5179 157 26 attrayante
1514 5183 61 24 que.

855 5215 67 25 pour
940 5218 54 18 une
1015 5212 115 25 minute,
1149 5211 94 22 l'oubli
1263 5211 69 24 total
1351 5212 33 22 de
1403 5212 59 22 tout
1480 5215 30 19 ce
1527 5210 48 28 qui

854 5244 93 22 n'était
966 5250 50 21 pas
1032 5244 58 24 cela
1110 5250 28 18 se
1155 5244 30 24 fit
1204 5244 70 22 dans
1293 5243 25 25 la
1337 5244 99 28 pensée
1455 5244 47 24 des
1520 5244 43 27 gré-

854 5277 84 25 vistes
961 5280 27 21 et
1012 5277 71 24 dans
1107 5276 67 25 celle
1200 5277 33 24 de
1257 5277 157 24 Marsanne.
1442 5276 71 24 Mais
1537 5276 40 24 les

854 5311 97 26 jeunes
969 5310 116 24 femmes
1104 5309 182 27 atteignaient
1306 5314 37 19 un
1364 5309 81 27 angle
1465 5309 48 22 des
1534 5308 28 24 bâ-

854 5343 120 26 timents,
997 5342 61 25 Alix
1080 5343 132 24 tournant
1233 5342 27 24 la
1280 5342 53 25 tête
1357 5347 67 24 pour
1444 5341 132 30 regarder

857 5375 122 30 inquiète
1000 5380 63 19 vers
1083 5375 40 25 les
1142 5374 132 25 bureaux.

1676 4087 40 24 Eh
1735 4087 63 25 bien
1819 4088 6 24 !
1843 4085 156 30 camarade,
2019 4085 77 31 parle
2114 4085 71 25 donc
2205 4085 5 31 !
2230 4085 94 30 répéta

1604 4119 119 26 Sauvait,
1742 4120 118 25 laissant
1878 4120 106 25 tomber
2002 4126 31 19 sa
2050 4121 76 24 main
2145 4124 47 19 sur
2210 4119 117 30 l'épaule

1604 4152 33 25 de
1657 4152 103 28 Cyrille

1631 4185 71 25 Mais
1721 4186 107 24 celui-ci
1850 4187 118 24 baissait
1985 4186 40 24 les
2046 4191 73 25 yeux
2139 4185 188 25 sombrement

1604 4218 117 27 enivrés,
1744 4219 113 28 éblouis,
1880 4221 26 21 et
1926 4220 81 24 d'une
2028 4219 65 24 voix
2113 4219 100 27 amère,
2236 4218 90 26 brève,

1605 4250 176 26 découragée.

1684 4285 21 24 A
1724 4285 64 28 quoi
1808 4285 54 25 bon
1883 4286 92 30 parler
1994 4285 12 25 î
2022 4285 69 28 AMI,
2112 4286 22 25 si
2154 4291 33 25 ça
2206 4291 34 18 ne
2259 4290 70 19 vous

1609 4317 78 24 suffit
1704 4323 59 24 pas,
1782 4324 70 24 pour
1870 4324 69 19 vous
1956 4317 126 26 soulever
2099 4319 25 24 le
2143 4323 83 21 cœur,
2245 4317 83 25 d'être

1610 4350 119 28 parqués
1748 4356 107 18 comme
1873 4351 34 22 du
1928 4350 85 25 bétail
2029 4351 35 25 !...

1639 4382 149 24 Marsanne
1804 4387 46 20 eut
1866 4388 37 18 un
1920 4383 99 30 regard
2036 4384 33 22 de
2085 4383 103 30 mépris
2204 4387 70 25 pour
2288 4385 43 20 oev

1609 4415 111 22 homme
1737 4422 12 15 H
1769 4415 25 22 la
1811 4415 81 25 haine
1909 4415 152 31 paralysée,
2078 4415 141 30 étranglée
2232 4419 51 26 par
2298 4421 31 18 sa

1610 4448 119 22 chimère
1752 4448 126 24 d'amour
1902 4450 34 24 ,et
1958 4448 46 26 lui,
2028 4454 86 24 ayant
2135 4454 32 19 su
2190 4448 141 24 maîtriser

1610 4479 27 24 la
1656 4480 96 24 sienne
1772 4480 137 28 jusqu'ici,
1930 4480 25 25 la
1976 4481 70 28 plier
2065 4487 35 18 au
2121 4480 102 25 service
2245 4480 15 25 d
2298 4485 28 18 sa

1610 4511 131 30 destinée,
1765 4513 20 25 il
1806 4520 28 18 se
1857 4514 124 24 redressa
2002 4514 71 25 dans
2094 4520 38 19 un
2153 4518 175 20 mouvement

1610 4546 126 28 superbe,
1760 4546 87 25 revint
1869 4552 34 19 au
1925 4547 94 25 milieu
2040 4548 32 24 de
2087 4548 32 32 Ja
2137 4547 76 31 pièce
2235 4546 5 34 :

1687 4579 34 24 Ne
1741 4580 11 17 f
1752 4585 79 19 ovcez
1850 4586 51 22 pas
1917 4584 41 20 cet
1975 4579 111 26 homme
2105 4584 14 21 ù
2140 4580 98 31 parler,
2257 4578 72 26 dit-il

1611 4617 65 20 avec
1706 4617 37 20 un
1772 4612 87 25 calme
1885 4613 158 26 souverain,
2073 4618 52 26 que
2156 4613 175 24 voulez-vous

1611 4644 71 26 donc
1707 4646 64 30 qu'il
1798 4650 69 20 vous
1890 4645 90 25 révèle
2006 4646 11 25 T
2040 4652 51 19 son
2118 4651 84 20 sacrer
2229 4648 6 9 '
2261 4645 70 25 mais

1611 4677 89 25 C'était
1720 4680 32 22 de
1773 4681 142 28 s'imposer
1932 4683 106 21 comme
2059 4685 63 19 mon
2144 4681 78 24 Trère.
2241 4684 32 18 en
2293 4683 25 19 es-

1613 4711 97 30 pérant
1733 4713 30 22 de
1785 4719 28 17 se
1835 4714 66 21 faire
1925 4714 156 24 bâillonner
2104 4719 50 25 par
2176 4717 52 19 une
2250 4711 80 24 liasse

1611 4746 33 22 de
1665 4744 91 25 billets
1778 4747 33 22 de
1832 4746 109 28 banque
1974 4747 61 22 Mon
2059 4748 72 24 frère
2154 4748 6 22 !
2181 4747 26 30 Je
2229 4746 45 24 l'ai
2295 4749 35 19 en

1612 4779 63 22 effet
1693 4780 80 22 traité
1791 4785 105 19 comme
1913 4785 37 18 un
1969 4780 79 25 frère,
2065 4785 41 20 cet
2122 4780 86 27 hiver,
2225 4779 56 24 lors
2297 4779 33 24 de

1612 4817 48 18 son
1677 4813 133 26 accident,
1827 4817 24 19 et
1866 4819 70 18 vous
1950 4819 81 18 savez
2044 4815 21 22 si
2083 4813 44 28 j'ai
2144 4819 32 19 su
2190 4812 25 25 le
2228 4813 84 24 récom-

1613 4850 99 22 penser
1730 4846 93 27 quand
1844 4846 19 22 il
1881 4851 40 19 est
1941 4852 73 19 venu
2033 4846 143 25 travailler
2197 4847 69 22 Sans
2284 4851 47 17 ma

1611 4878 105 22 maison
1767 4881 85 25 voyez
1872 4878 70 25 donc
1963 4885 30 18 ce
2011 4885 52 24 que
2085 4885 69 18 vous
2171 4884 67 18 avez
2257 4878 15 24 à
2293 4880 25 20 at-

1611 4911 96 22 tendre
1724 4911 33 24 de
1776 4917 28 18 ce
1824 4911 96 27 Judas;
1938 4912 17 25 il
1977 4918 69 18 vous
2065 4912 105 25 trahira
2189 4916 105 19 comme
2311 4909 18 26 il

1611 4945 54 22 m'a
1681 4945 79 26 trahi,
1778 4944 26 30 je
1819 4950 84 25 pense
1920 4952 7 18 :
1942 4950 33 19 en
1994 4949 57 21 tout
2067 4951 56 20 cas,
2141 4950 64 19 avec
2224 4944 52 25 moi
2294 4950 35 18 ou

1612 4983 67 19 avec
1695 4977 38 25 lui
1754 4977 5 25 :
1778 4978 149 24 choisissez
1945 4978 6 24 I

1643 5010 48 25 Les
1715 5011 141 30 grévistes,
1881 5014 98 25 muets,
2003 5009 148 26 marchant
2176 5015 115 25 presque
2315 5009 17 24 à

1613 5049 50 25 pas
1681 5044 32 24 de
1730 5044 73 30 loup,
1824 5050 28 18 se
1870 5043 154 27 retirèrent,
2043 5048 158 21 emmenant
2222 5041 107 31 (Vrille,

1612 5081 35 20 au
1672 5078 76 24 front
1772 5078 91 24 baissé
1887 5076 133 31 toujours,
2048 5078 139 26 farouche,
2210 5075 120 31 dompté,

1613 5113 217 26 apparemment,
1848 5111 34 24 du
1902 5111 98 22 moins.

1642 5144 79 24 Resté
1737 5144 66 28 sêul,
1824 5144 149 22 Marsanne
1988 5145 125 27 changea
2131 5143 143 24 d'altitude
2294 5141 4 31 :
2313 5141 20 24 il

1613 5176 141 25 s'affaissa
1778 5181 72 24 pour
1872 5177 74 22 ainsi
1971 5176 60 24 dire
2057 5183 48 18 sur
2131 5176 139 25 lui-même
2297 5178 32 21 et,

1612 5213 39 19 au
1674 5210 56 24 lieu
1753 5211 33 22 de
1811 5210 139 28 -ejoindre
1974 5210 117 24 aussitôt
2113 5215 44 18 ses
2181 5207 148 30 employés,

1615 5244 72 21 resta
1706 5241 21 26 le
1744 5243 51 24 dos
1812 5245 96 21 contre
1924 5239 28 26 la
1970 5244 85 26 porte,
2074 5243 164 28 empêchant
2256 5244 77 19 toute

1615 5275 144 24 intrusion.
1779 5276 100 26 Livide,
1897 5280 35 19 on
1952 5275 92 24 aurait
2062 5281 35 24 pu
2115 5275 87 24 croire
2222 5278 38 18 un
2278 5274 41 22 ins-

1613 5310 60 21 tant
1689 5308 67 28 quil
1773 5307 90 25 cédait
1878 5309 14 24 6
1912 5307 25 25 la
1954 5308 118 28 tempête
2088 5308 100 24 sourde
2205 5309 73 21 cotre
2296 5306 25 22 la-

1615 5341 89 27 quelle
1726 5347 28 19 se
1775 5341 133 25 débattait
1930 5347 51 19 son
2003 5341 61 24 âme
2085 5340 154 25 téméraire,
2261 5340 72 24 mais

1613 5374 20 25 il
1648 5380 84 24 passa
1746 5380 48 19 son
1811 5374 146 25 mouchoir
1971 5379 48 20 sur
2034 5380 31 19 sa
2081 5374 87 30 figure
2184 5373 47 31 qui
2248 5373 85 24 main-

2360 4087 97 21 tenant
2471 4083 150 27 ruisselait,
2640 4089 48 18 sur
2704 4090 44 18 ses
2763 4089 71 24 yeux
2849 4083 137 28 auxquels
3002 4087 57 19 mon-

2360 4117 89 24 taient
2466 4117 72 24 deux
2559 4116 107 27 'armes,
2686 4120 27 21 et
2732 4117 77 22 enfin
2828 4117 25 24 le
2871 4116 50 22 mit
2940 4117 76 21 entre
3034 4119 44 19 ses

2361 4150 156 24 mâchoires
2541 4150 119 28 crispées
2685 4155 70 24 pour
2778 4155 18 22 y
2820 4149 100 24 retenir
2943 4149 69 24 cette
3035 4153 30 18 ex-

2361 4183 151 25 clamation
2531 4183 119 24 d'inouïe
2668 4183 122 25 détresse
2810 4189 7 18 :

2435 4215 60 26 Alix
2515 4215 5 26 !
2536 4217 63 24 Alix
2615 4215 6 26 !

2438 4251 92 24 Pierre
2551 4250 7 25 !

2392 4296 61 24 Alix
2476 4294 100 25 entrait
2595 4300 52 25 par
2667 4300 53 18 une
2743 4297 76 27 porte
2839 4294 35 24 du
2896 4294 76 26 tond,
2994 4294 86 27 ayant

2362 4329 152 24 contourné
2537 4328 40 25 les
2598 4328 156 24 bâtiments.
2779 4326 57 25 Elle
2857 4326 162 28 s'avançait,
3044 4325 38 24 les

2363 4363 90 22 mains
2471 4362 124 26 tendues,
2613 4362 26 24 la
2656 4362 89 30 figure
2763 4362 139 24 anxieuse.
2922 4359 158 26 Marsanne,

2362 4400 33 19 en
2413 4395 191 30 l'apereevant,
2621 4400 47 19 eut
2682 4400 38 19 un
2735 4398 112 20 sursaut
2862 4394 57 30 qui,
2936 4394 80 24 d'une
3032 4394 33 22 im-

2365 4429 135 28 pétuosité
2526 4429 67 22 dont
2619 4428 20 24 11
2663 4435 35 18 ne
2726 4433 48 25 put
2802 4428 137 24 maîtriser
2962 4427 106 30 l'impru-

2365 4462 93 27 dence,
2478 4462 25 24 le
2517 4462 58 28 jeta
2593 4468 48 18 sur
2660 4462 26 24 la
2704 4463 83 28 jeune
2804 4462 100 22 femme
2921 4465 105 20 comme
3045 4465 37 19 un

2365 4495 83 24 fauve
2469 4496 45 28 qui
2535 4496 74 24 vient
2628 4496 33 24 de
2681 4496 180 28 reconquérir
2878 4501 32 18 sa
2930 4494 76 28 proie
3026 4498 56 18 aux

2363 4530 80 24 dents
2458 4530 65 24 d'un
2542 4533 79 20 autre
2635 4530 91 25 fauve.
2746 4530 21 24 Il
2784 4528 155 28 l'étreignit,
2957 4526 124 25 l'étouffa

2366 4565 92 21 contre
2477 4569 31 18 sa
2524 4563 118 28 poitrine
2660 4570 7 17 :

2438 4606 79 27 Mais,
2535 4607 99 26 Pierre,
2653 4607 27 24 tu
2699 4612 43 19 me
2759 4607 53 22 fais
2826 4606 37 24 du
2881 4605 63 27 mal,
2962 4609 102 19 murmu-

2366 4638 112 26 ru-t-clle
2507 4639 146 25 haletante.

2394 4672 32 26 Et
2450 4672 122 31 lorsqu'il
2594 4677 46 21 eut
2663 4680 35 19 un
2725 4678 51 27 peu
2798 4672 124 24 desserré
2942 4677 45 18 ses
3011 4671 64 24 bras

2444 4707 70 25 Mais
2531 4707 84 28 alors,
2637 4706 89 26 c'était
2745 4706 72 25 donc
2837 4706 59 24 bien
2919 4709 83 25 grave
3024 4704 11 22 î
3053 4707 31 20 tu

2366 4741 118 22 crains...

2435 4773 50 24 J'ai
2502 4773 91 24 craint
2608 4774 26 22 la
2650 4774 79 28 peine
2745 4778 52 25 que
2812 4776 27 19 tu
2857 4773 116 28 pouvais
2988 4773 80 28 éprou-

2367 4812 47 19 ver
2432 4807 33 24 de
2484 4809 59 20 tout
2559 4807 60 24 cela
2637 4806 22 24 si
2678 4806 26 24 la
2720 4811 81 25 grevé
2818 4805 69 25 était
2902 4805 124 25 devenue
3046 4804 26 25 sé-

2367 4841 97 25 rieuse,
2485 4841 72 22 mais
2576 4840 58 22 sois
2654 4839 156 30 tranquille,
2830 4845 31 18 ce
2882 4839 64 25 soir,
2968 4839 39 22 les
3027 4843 43 19 ver-

2367 4873 67 22 riers
2454 4878 51 22 que
2525 4872 102 30 Cyrille
2647 4879 17 17 a
2682 4872 148 24 détournés
2849 4874 93 20 seront
2961 4874 61 20 tous
3041 4872 28 22 de-

2367 4910 66 20 vant
2451 4906 40 25 les
2510 4907 84 22 fours.

2439 4939 32 24 Et
2486 4939 40 25 lui
2544 4939 12 24 î
2572 4939 30 24 fit
2617 4935 67 31 Alix,
2702 4939 64 24 d'un
2784 4942 46 20 ton
2849 4939 32 22 de
2897 4938 98 30 prière.

2440 4972 48 25 Lui
2509 4970 5 31 !
2530 4977 163 24 commença
2711 4971 148 24 Marsanne
2876 4976 66 19 avec
2960 4976 37 19 un
3015 4970 70 24 éclat

2367 5006 107 24 terrible
2497 5006 71 25 dans
2589 5006 31 30 la.
2637 5006 64 25 voix
2724 5009 26 21 et
2769 5006 72 24 dans
2861 5004 39 25 les
2948 5010 46 19 >ux
3019 5003 65 31 qu'il

2367 5036 112 32 éteignit
2502 5040 59 24 tout
2582 5039 33 25 de
2636 5039 79 27 suite,
2739 5040 32 24 ch
2793 5039 63 24 bien
2881 5036 5 32 !
2908 5037 46 28 lui,
2975 5037 20 25 11
3019 5039 65 21 vaut

2367 5072 92 24 mieux
2480 5072 65 30 qu'il
2565 5073 56 24 s'en
2641 5072 70 25 aille.

2439 5105 107 25 Pauvre
2563 5104 201 26 Bose-B!anchc
2780 5104 6 25 1

2441 5139 57 24 Elle
2517 5145 32 17 ne
2568 5139 131 22 souffrira
2718 5144 57 25 pas.
2793 5139 72 22 Sous
2882 5139 84 25 main,
2982 5138 26 28 je
3027 5141 44 24 pro-

2367 5172 109 22 curerai
2507 5172 15 24 à
2554 5170 99 31 Cyrille
2685 5177 38 18 un
2754 5171 231 24 embauchement
3014 5170 70 24 dans

2367 5204 117 30 quelque
2503 5205 118 22 verrerie
2636 5204 34 22 de
2686 5205 27 22 la
2727 5204 159 28 montagne.

2437 5237 40 24 Tu
2492 5242 31 20 es
2535 5237 57 24 bon
2607 5237 7 24 !

2443 5271 58 24 Elle
2522 5270 21 24 le
2562 5270 157 24 remerciait
2739 5270 79 26 ainsi,
2841 5270 40 24 les
2901 5270 72 24 deux
2993 5269 92 24 mains

2367 5306 103 27 jointes
2486 5309 48 18 sur
2551 5310 44 18 ses
2614 5302 120 31 épaules,
2753 5302 25 26 le
2796 5303 150 28 regardant
2961 5306 69 19 avec
3046 5306 38 19 un

2367 5337 105 24 sourire
2491 5336 138 25 adorable.
2650 5337 79 24 Alors
2750 5336 18 24 ii
2786 5336 162 25 l'embrassa
2966 5336 34 22 de
3019 5340 50 18 nou-

2368 5375 77 20 veau,
2461 5370 73 24 mais
2549 5370 66 24 d'un
2633 5369 92 25 baiser
2740 5370 33 25 de
2791 5370 54 24 très
2863 5369 85 24 dcuce
2966 5368 119 24 tendre»-

3112 4085 38 20 se,
3175 4085 35 18 en
3236 4080 39 25 lui
3301 4080 156 30 répondant
3482 4080 35 25 du
3543 4080 67 25 fond
3635 4080 60 24 vrai
3723 4080 33 24 de
3778 4085 51 18 son

3116 4113 61 24 âme
3196 4120 6 15 :

3184 4147 30 24 Je
3233 4152 34 19 ne
3283 4147 60 24 suis
3361 4153 51 24 pas
3429 4146 63 26 bon,
3510 4146 69 28 Alix,
3599 4147 71 24 mais
3686 4146 26 30 je
3731 4147 97 22 t'aime.

3142 4191 56 25 Sur
3219 4194 69 21 cette
3309 4192 90 24 même
3424 4191 135 28 question,
3585 4196 70 25 pour
3677 4192 73 24 ainsi
3774 4192 57 24 dire

3115 4227 59 21 tout
3187 4224 97 27 idéale,
3298 4225 33 24 de
3347 4225 26 24 la
3390 4224 94 25 liberté
3498 4225 38 22 du
3550 4226 146 27 logement,
3712 4225 119 24 d'autres

3115 4257 98 31 grèves
3242 4258 54 24 fort
3327 4258 144 25 sérieuses,
3502 4257 125 25 terribles
3657 4258 96 27 même,
3785 4257 34 25 s'é-

3116 4293 86 21 taient
3227 4291 162 30 prolongées
3412 4291 71 24 dans
3509 4291 27 24 la
3559 4291 93 30 région
3717 4291 52 24 rmi
3791 4291 41 24 les

3117 4324 125 26 verriers,
3260 4330 27 19 et
3302 4325 89 22 même
3410 4326 15 21 à
3443 4324 148 28 Novezans,
3611 4324 24 22 le
3652 4325 112 28 paradis
3781 4328 38 20 ter-

3117 4359 84 21 restre
3223 4359 37 21 du
3283 4357 102 24 monde
3410 4357 151 27 industriel,
3586 4357 27 24 la
3634 4358 83 27 grève
3739 4358 93 22 aurait

3116 4391 67 24 duré
3202 4395 66 19 ave?
3288 4397 35 17 un
3344 4393 137 25 agitateur
3498 4394 78 20 autre
3595 4396 52 22 que
3665 4390 110 28 Cyrille,
3795 4397 35 17 au

3115 4423 50 24 but
3182 4430 65 17 sans
3267 4424 158 28 ambiguïté.
3446 4424 40 22 En
3507 4431 28 17 se
3553 4424 92 24 disant
3665 4424 25 25 le
3709 4424 72 24 frère
3798 4424 33 22 de

3117 4454 157 30 Marsanne,
3292 4457 20 24 il
3331 4459 74 24 avait
3422 4461 59 20 tout
3498 4459 33 24 de
3549 4459 71 24 suite
3638 4459 97 25 éveillé
3752 4457 65 25 beau-

3117 4496 71 24 coup
3202 4491 63 28 plus
3280 4492 33 22 de
3327 4491 133 25 méfiance
3477 4496 51 24 que
3543 4492 33 24 de
3591 4492 39 24 foi
3646 4492 71 24 dans
3731 4491 103 30 l'esprit

3117 4524 34 24 de
3168 4530 43 19 ses
3229 4525 163 22 camarades
3412 4533 6 18 ;
3436 4524 58 25 cela
3511 4526 110 22 sonnait
3639 4526 67 22 faux
3725 4526 15 22 à
3757 4525 76 24 leurs

3116 4557 107 25 oreilles
3249 4558 72 24 ainsi
3333 4557 4 39 -
3350 4563 51 25 que
3425 4564 46 18 ses
3496 4559 125 22 discours
3647 4564 47 19 sur
3718 4558 115 30 l'égalité
3846 4557 1 39 j

3117 4589 65 32 qu'il
3206 4589 57 26 leur
3285 4592 76 22 avait
3383 4592 63 24 faits
3468 4592 70 24 dans
3559 4599 30 18 sa
3611 4592 70 25 belle
3703 4592 130 24 chambre
3846 4581 1 48 j

3116 4625 130 28 d'artiste,
3265 4628 35 25 où
3319 4629 17 25 il
3354 4628 76 25 avait
3446 4628 117 25 commis
3582 4628 197 30 l'imprudence
3798 4628 32 25 de
3846 4615 1 48 j

3117 4658 39 27 les
3174 4659 96 25 réunir
3291 4654 4 35 :
3314 4661 81 26 enfin,
3417 4667 48 19 son
3487 4663 115 22 attitude
3621 4661 102 24 devant
3744 4658 24 26 le
3785 4665 46 24 pa-
3846 4654 1 35 :

3118 4694 70 28 tron,
3210 4698 30 19 sa
3263 4694 96 25 fureur
3380 4694 60 25 vide
3464 4698 25 21 et
3510 4695 182 30 d'apparence
3715 4693 100 31 poltron-

3118 4731 43 19 ne,
3184 4726 105 25 acheva
3312 4729 33 22 de
3369 4728 40 24 les
3431 4727 239 25 désaffectionner.
3697 4728 89 22 Avant
3809 4726 25 24 le

3117 4757 65 27 soir,
3200 4760 41 22 les
3256 4760 133 30 grévistes
3407 4762 124 22 votèrent
3548 4762 26 22 la
3592 4761 38 22 fin
3647 4761 32 22 de
3699 4759 26 25 la
3743 4760 89 28 grève,

3117 4792 130 25 toutefois
3272 4799 31 18 en
3328 4794 113 28 signant
3465 4799 54 20 une
3544 4794 116 28 pétition
3685 4798 72 25 pour
3778 4796 52 25 que

3117 4824 99 30 Cyrille
3234 4827 41 22 fût
3293 4827 120 24 autorisé
3431 4830 13 20 i\
3464 4830 150 26 reprendre
3631 4833 32 17 sa
3678 4826 79 30 place
3774 4827 17 21 à
3807 4822 25 25 la

3118 4858 126 24 verrerie.

3148 4891 35 24 La
3201 4892 113 28 pétition
3332 4893 41 22 fut
3389 4892 107 24 oubliée
3511 4898 51 24 par
3578 4892 158 25 Marsanne,
3752 4893 27 21 et
3796 4890 38 24 les

3117 4924 119 24 verriers
3255 4925 154 25 oublièrent
3425 4926 34 24 de
3477 4924 137 25 réclamer
3631 4930 34 18 en
3684 4924 99 24 faveur
3801 4923 32 24 de

3119 4958 58 24 leur
3196 4959 98 24 ancien
3314 4959 155 24 camarade.
3490 4957 100 28 Cyrille
3609 4958 104 24 n'avait
3732 4956 98 30 Janr.ai?

3118 4989 148 27 récherché
3287 4998 90 18 aucun
3399 4993 78 24 d'eux
3500 4997 70 24 pour
3591 4991 54 22 ami
3669 4998 7 18 ;
3696 4989 25 25 le
3742 4990 91 22 déseri

3119 5030 27 19 se
3165 5024 31 26 fit
3211 5026 215 25 naturellement
3444 5028 100 22 autour
3562 5026 32 25 de
3613 5024 48 25 lui.
3681 5026 26 24 et
3725 5026 17 24 il
3762 5029 17 22 y
3796 5027 27 19 v*

3118 5057 57 24 vait
3191 5063 33 17 en
3242 5057 61 24 bête
3321 5057 131 25 farouche
3470 5063 53 20 que
3540 5059 24 24 le
3581 5057 94 24 besoin
3692 5056 91 24 même
3800 5056 30 22 rt(

3117 5085 27 26 la
3164 5088 76 28 proie
3262 5094 33 17 ne
3320 5091 63 27 peut
3420 5089 96 22 attirer
3553 5089 70 24 dans
3660 5086 39 24 les
3735 5085 102 25 abord»

3117 5122 37 21 du
3185 5122 103 22 monde
3326 5121 99 24 habité.
3464 5122 143 22 Plusieurs
3645 5120 84 22 offres
3765 5119 70 24 d'eto

3117 5153 184 25 bauchement
3334 5154 34 24 lui
3402 5156 111 21 vinrent
3529 5156 48 22 des
3598 5153 112 24 maîtres
3728 5152 33 24 de
3778 5157 44 19 ver-

3117 5189 84 22 reries
3223 5189 120 24 écartées
3363 5189 72 22 dans
3470 5187 39 22 les
3543 5186 103 25 vallées
3679 5185 39 24 du
3752 5185 83 24 Fores

3118 5228 26 19 et
3164 5222 32 25 ds
3217 5222 169 31 l'Auvergne.
3406 5220 103 30 Cyrille
3529 5222 137 30 dédaigna
3686 5226 45 19 ces
3751 5226 66 18 avan-

3118 5255 52 22 ces.

3148 5340 27 25 [A
3191 5339 113 26 suivre.)
3536 5339 130 25 ALSÉRICH
3679 5339 131 25 CHABROL

222 197 22 22 12

1783 182 4 32 ;
1799 182 339 27 lyouest-sai&ix»

146 3892 64 22 PAR
230 3889 181 27 ECONOMIE.
432 3888 152 24 ACHETEZ
604 3887 172 25 TOUJOURS

99 3943 12 14 <
130 3932 270 25 L'OUEST-ECLAIR
422 3944 11 13 .
452 3932 41 24 AU
513 3931 98 24 MEME
630 3931 188 24 MARCHAND

283 3976 44 21 OU
351 3973 253 24 ABONNEZ-VOUS
626 3974 8 21 !
