3913 5539
128 260 2773 400 L'Ouest-Eclair

3110 304 118 27 Awat.

3056 366 142 21 ANNONCES
3213 366 2 21 :

3045 399 57 19 JtUeê
3120 405 50 15 aou»
3188 407 74 20 reçu*

3014 424 53 19 dm»
3084 430 38 14 dm
3133 424 99 21 Bureau
3244 432 6 14 i

3064 463 21 18 A
3097 462 117 21 KKKKKS

3012 491 124 26 Miblll
3142 493 112 24 M-Mli

3074 529 21 17 A
3112 528 86 18 VAKIS

3011 556 17 24 1,
3045 555 44 19 lu
3104 555 26 19 i»
3145 555 21 19 U
3181 555 79 21 Imtu

3032 588 21 14 et,
3064 585 54 18 dula
3130 587 71 17 toutou
3211 588 30 15 Jee

3012 609 98 24 Agences
3117 609 18 20 U
3143 608 112 21 PubliaU.

3357 335 106 24 MARDI

3361 373 102 92 17

3306 482 202 47 DECEMBRE

3381 544 56 24 1918

3345 587 21 20 S.
3381 589 90 22 Laza-e

3286 625 229 13 'wananan

3622 302 35 24 N°
3678 301 73 24 7.077.

3566 361 201 22 ABONNmCNTa
3776 353 19 32 V

3556 398 31 19 Vm
3600 404 28 14 ia
3640 411 32 8 ...
3691 398 44 24 301
3735 398 31 24 p.

3550 431 37 19 Six
3599 435 73 17 mon..
3699 432 70 21 Ilfr.

3552 462 60 20 TroU
3622 465 51 18 omU
3710 463 41 21 <f.
3762 465 33 20 SQ

3553 495 33 19 Ua
3599 497 73 19 mol»..
3705 496 15 20 1
3731 497 35 20 fr.

3563 578 53 21 trcli
3631 579 51 21 dan
3693 582 47 18 teoi
3751 582 32 20 la

3561 611 97 22 tenaz
3671 613 26 20 de
3710 615 67 22 |nli.

262 700 143 19 MWOTIU»
428 700 135 21 raUTIOUf

204 749 131 31 I—l—l
363 742 141 37 OESBBÉES
516 749 35 30 OU
566 750 52 30 LOO

751 713 398 43 JOURNAL-
1206 710 561 48 RÉPUBLICAIN
1827 718 461 50 QUOTIDIEN

3150 651 110 34 ÎO
3308 660 347 27 CENTIMES

3040 703 135 27 TÉLÉPHONE
3189 713 7 18 :
3213 709 165 24 Administrât*)!
3389 717 8 19 ;
3412 709 51 25 1.87
3478 724 15 6 -
3507 711 107 25 Rédaction
3625 719 9 18 i
3644 715 59 30 148,
3717 716 48 25 £BB

3131 752 87 19 Adruw
3233 752 156 26 JiUçrapMjué
3397 763 7 12 i
3420 755 116 21 OUCLAIR
3542 768 12 5 -
3563 757 102 21 RENNES

2402 722 70 22 FIL
2492 717 339 27 TÉr,ÉCrILA_PHIQTXB

2535 764 171 27 SPÉCIAL

138 892 128 90 Ca
286 898 574 107 prolongation
898 900 98 81 de
1033 895 476 89 l'armistice

751 1019 59 34 est
844 1028 51 25 un

81 1085 296 80 nouvel
431 1077 241 89 échec
722 1103 222 83 pour
1004 1076 563 113 l'Allemagne

40 1287 13 21 »
111 1286 34 24 Le
164 1287 58 24 mot
241 1286 34 22 de
294 1286 72 22 Foch
387 1292 7 17 :
415 1294 11 11 «
444 1285 177 24 Maintenant
640 1290 52 22 que
712 1284 26 28 Je
759 1284 40 24 les

80 1318 79 27 tiens,
175 1318 28 28 je
217 1324 35 18 ne
268 1318 39 24 les
320 1318 80 25 lèche
416 1318 63 30 plus
495 1330 20 17 »,
531 1319 43 22 est
586 1318 128 28 toujours
728 1317 69 24 vrai.

79 1351 34 24 Et
133 1351 22 24 il
177 1351 24 22 le
222 1351 105 24 restera
350 1351 110 28 jusqu'à
483 1351 26 24 la
530 1350 162 24 conclusion
716 1351 33 22 de
771 1351 28 21 la

79 1384 74 27 paix.
177 1384 41 24 On
239 1384 69 28 peut
325 1390 34 18 en
477 1383 133 24 l'absolue
632 1384 164 24 conviction.

79 1416 72 25 C'est
169 1416 70 24 dans
257 1417 27 24 la
302 1416 196 30 prolongation
516 1417 35 24 de
568 1417 161 24 l'armistice
746 1422 53 24 que

79 1455 72 19 nous
170 1455 34 19 en
222 1452 135 21 trouvons
374 1455 57 18 une
449 1450 129 25 nouvelle
598 1455 110 24 preuve.

106 1482 45 24 On
168 1483 54 22 sait
237 1483 80 28 qu'en
334 1483 93 22 retour
444 1483 39 22 du
498 1482 73 25 délai
588 1483 65 24 d'un
670 1483 72 24 mois
757 1488 30 18 ac-

79 1515 80 24 cordé
189 1515 18 25 à
235 1515 178 28 l'Allemagne
443 1514 57 26 lors
526 1517 33 24 de
588 1518 150 22 l'entrevue
765 1515 34 24 de

79 1548 110 28 Trêves,
211 1548 25 25 le
259 1550 30 24 33
309 1548 154 28 décembre,
485 1551 26 22 le
534 1551 71 22 haut
626 1548 156 25 commande-

79 1584 77 22 ment
177 1581 65 25 allié
265 1583 64 24 s'est
348 1583 109 24 réservé
481 1583 27 24 la
529 1584 103 24 faculté
654 1584 145 28 d'occuper

79 1615 27 24 la
120 1620 67 18 ïone
203 1617 97 22 neutre
315 1611 87 28 située
419 1623 37 18 au
470 1617 72 22 nord
556 1617 33 24 de
602 1617 131 28 Cologne,
751 1622 47 18 sur

78 1648 27 24 la
123 1648 58 24 rive
197 1648 87 25 droite
302 1649 38 24 du
357 1650 81 27 Rhin,
457 1650 163 24 c'est-à-dire
635 1656 56 18 une
706 1649 92 24 bande

79 1682 34 22 de
132 1682 106 24 terrain
262 1682 76 28 large
359 1682 33 24 de
412 1683 31 22 10
462 1682 159 25 kilomètres
643 1683 17 22 à
680 1682 61 24 l'est
762 1683 38 21 du

79 1714 97 24 fleuve.
197 1715 22 24 Il
239 1715 57 24 s'en
315 1716 57 22 suit
390 1721 54 22 que
462 1716 40 24 les
521 1716 80 24 alliés
619 1716 119 28 peuven'.
757 1721 30 18 oc-

79 1752 85 24 cuper
178 1749 91 22 toutes
287 1749 40 22 les
343 1749 70 22 têtes
430 1749 33 22 de
480 1750 70 27 pont
563 1749 99 28 depuis
679 1749 28 22 la
725 1749 60 22 fron-

78 1780 67 22 tière
167 1780 176 25 hollandaise
364 1781 111 28 jusqu'à
495 1782 84 22 l'aval
599 1781 146 25 immédiat
764 1781 35 22 de

78 1812 116 26 Worms.
213 1814 111 26 Quelles
340 1814 70 26 sont,
428 1814 71 22 dans
515 1820 45 18 ces
575 1814 165 30 conditions,
757 1814 40 22 les

79 1845 203 28 conséquenoes
302 1846 151 24 heureuses
475 1847 33 22 de
529 1853 31 18 ce
580 1847 102 24 nouvel
704 1852 79 19 arran-

78 1879 112 26 gement
201 1878 12 22 î

106 1910 73 22 Elles
193 1911 119 24 éclatent
325 1918 56 17 aux
393 1918 80 20 yeux.
490 1912 51 24 Les
554 1912 79 25 alliés
647 1913 48 24 ont
706 1912 93 25 toutes

79 1943 119 22 facilités
213 1949 70 22 pour
296 1944 157 24 déboucher
465 1950 34 17 en
515 1945 170 30 Westphalie
699 1951 48 19 sur
761 1951 39 18 un

78 1975 77 24 front
170 1977 122 25 continu.
311 1977 30 22 Si
357 1976 185 31 l'occupation
559 1978 120 30 possible
697 1978 90 24 s'effec-

77 2010 54 25 tue,
145 2009 41 24 les
198 2010 115 28 troupes
326 2010 193 30 britanniques
530 2013 30 24 et
572 2011 93 30 belges
678 2013 122 30 peuvent

79 2042 117 26 prendre
224 2043 157 27 possession
410 2043 33 25 de
470 2044 163 24 Dusseldorf
660 2050 67 19 avec
755 2049 45 19 ses

77 2074 97 25 230.000
194 2075 150 27 habitants,
366 2081 43 20 ses
430 2076 125 26 filatures
572 2080 48 28 qui
640 2080 78 24 n'ont
736 2079 60 22 subi

78 2114 92 19 aucun
187 2108 83 30 dégftt
286 2109 35 24 du
340 2109 52 25 fait
407 2111 34 24 de
458 2112 28 22 la
503 2118 107 22 guerre,
628 2117 44 19 ses
690 2111 96 25 établis-

77 2143 122 24 sements
228 2143 229 30 métallurgiques
484 2145 69 24 dont
579 2145 27 25 la
634 2146 165 27 production

78 2179 72 19 nous
162 2176 84 24 serait
260 2176 64 24 d'un
339 2177 64 24 aide
415 2177 120 25 efficace.
550 2179 40 22 La
602 2179 66 22 ville
683 2179 34 22 de
730 2179 52 22 Mul-

78 2206 76 25 heim
174 2207 161 30 elle-même,
357 2210 48 27 qui
425 2216 31 17 se
472 2211 99 24 trouve
593 2210 17 21 à
627 2216 56 19 une
703 2211 93 28 portée

79 2239 33 25 de
131 2245 90 19 canon
242 2241 33 24 de
294 2242 37 27 75,
353 2243 32 21 de
405 2242 98 24 l'antre
523 2244 33 22 de
576 2245 105 28 Krupp,
700 2245 96 26 Essen,

79 2272 86 24 serait
181 2275 119 28 occupée
317 2281 52 22 par
384 2282 52 17 nos
454 2277 196 28 avant-postes.
670 2277 117 30 I,'impor-

79 2307 79 22 tance
180 2307 37 22 du
236 2311 71 25 gage
326 2314 34 17 ne
380 2310 66 26 peut
465 2310 71 22 donc
556 2310 139 28 échapper
715 2311 17 24 à
751 2310 46 28 qui

80 2343 53 22 que
155 2343 32 19 ce
206 2340 61 25 soit.
288 2340 58 24 Elle
367 2341 89 24 éclate
477 2348 98 19 encore
595 2343 161 28 davantage
776 2342 24 24 si

79 2370 54 25 l'on
150 2374 66 21 veut
231 2373 64 22 bien
314 2380 30 18 se
363 2375 131 24 souveniT
510 2381 54 22 que
582 2376 66 24 c'est
664 2381 58 19 non
739 2381 45 19 seu-

79 2402 104 26 lement
197 2406 113 24 d'Essen
328 2413 53 21 que
398 2408 180 27 l'Allemagne
594 2408 71 25 tient
680 2409 28 24 la
725 2408 60 30 puis-

79 2443 84 18 sance
182 2438 152 25 matérielle
354 2440 34 22 de
410 2446 43 18 ses
471 2441 117 26 armées,
607 2441 73 24 mais
698 2447 100 18 encore

80 2470 80 24 d'une
176 2472 105 26 grande
294 2473 89 25 partie
398 2473 37 24 du
446 2473 96 25 bassin
556 2474 34 24 de
604 2476 27 22 la
646 2474 85 30 Rhur,
745 2479 53 25 que

80 2502 40 25 les
136 2505 112 27 troupes
262 2505 97 25 alliées
373 2506 209 25 entameraient.

107 2545 89 26 Enfin,
213 2545 184 28 l'occupation
411 2549 33 22 de
458 2549 91 24 Wesel
563 2550 86 24 serait
664 2555 56 18 une
732 2555 51 18 nou-

79 2577 72 25 velle
172 2581 27 21 et
221 2580 167 28 importante
411 2585 113 19 memaoe
548 2583 92 22 contre
664 2582 123 22 l'Allema-

81 2615 60 22 gne.
164 2611 99 30 Wesel,
286 2619 34 18 en
338 2614 74 28 effet,
432 2615 45 22 est
496 2621 57 17 non
573 2614 154 25 seulement
744 2620 57 18 une

80 2642 66 26 ville
164 2643 182 28 industrielle,
363 2647 73 24 mais
449 2647 54 24 elle
520 2648 164 22 commande
700 2649 28 21 la
744 2647 44 24 val-

83 2675 43 26 lée
145 2678 33 24 de
200 2679 30 22 la
249 2679 94 30 Lippe;
366 2679 53 25 elle
441 2681 41 24 est
502 2686 57 19 une
578 2681 136 22 véritable
733 2681 67 22 base

83 2711 176 30 stratégique,
289 2712 117 28 puisque
433 2713 34 22 de
496 2713 30 22 là
553 2715 158 25 rayonnent
738 2719 64 18 vers

71 2741 105 28 •Essen,
195 2750 63 18 vers
275 2745 124 25 Munster
418 2747 26 22 et
461 2752 63 18 vers
542 2747 27 24 la
588 2745 144 28 Hollamde,
752 2747 51 22 des

83 2774 76 25 voles
171 2777 104 24 ferrées
287 2779 57 28 qui,
359 2779 22 24 si
394 2779 97 25 besoin
506 2779 76 27 était.,
594 2786 72 18 nous
680 2779 123 25 seraient

83 2809 64 24 d'un
170 2810 87 27 grand
281 2816 141 20 concours.
446 2811 85 30 Ainsi,
555 2812 27 25 la
605 2812 196 28 prolongation

84 2843 34 26 d«
136 2843 167 28 l'armistice,
324 2844 56 24 loin
400 2845 83 24 d'être
501 2851 72 25 pour
592 2846 133 24 l'Entente
745 2851 56 19 une

85 2876 135 26 reculade,
235 2881 35 20 ne
286 2877 53 24 fait
351 2877 152 27 qu'asseoir
517 2878 33 25 de
566 2878 63 28 plus
641 2884 37 18 en
692 2877 65 31 plus
770 2882 33 20 sa

84 2909 169 28 suprématie
281 2910 137 26 militaire.
450 2911 21 24 H
500 2917 34 19 ne
562 2911 117 30 pouvait
693 2916 34 20 en
744 2911 59 25 être

847 1289 156 24 autrement
1023 1292 67 19 avec
1110 1292 38 19 un
1169 1287 110 25 réaliste
1302 1292 107 19 comme
1430 1286 25 25 le
1476 1287 71 24 maré-

848 1322 63 24 chal
928 1320 81 24 Foch.

878 1354 110 24 Comme
1011 1355 105 22 d'autre
1137 1356 70 26 part,
1231 1361 34 17 en
1286 1355 67 22 cette
1377 1355 130 22 entrevue
1528 1354 37 24 du

848 1388 27 22 13
889 1388 151 27 déoembre,
1055 1387 133 25 l'Entente
1204 1394 17 17 a
1234 1393 33 18 en
1280 1387 78 24 outre
1372 1385 59 30 pris
1446 1387 48 24 des
1507 1387 44 30 pré-

847 1421 126 22 cautions
992 1421 165 24 financières
1176 1428 52 21 que
1248 1422 56 22 l'on
1320 1421 131 24 trouvera
1470 1421 81 24 ci-des-

847 1457 73 25 sous,
938 1460 35 17 on
990 1455 67 27 peut
1071 1460 35 18 en
1123 1460 122 21 augurer
1259 1460 53 21 que
1329 1453 28 24 la
1372 1455 113 22 marche
1501 1459 64 18 vers

846 1489 56 19 une
917 1487 67 27 paix
1000 1496 11 12 «
1028 1487 74 27 juste
1117 1488 27 24 et
1160 1487 115 24 durable
1292 1493 11 12 »
1320 1488 155 22 s'accentue
1491 1487 60 30 rapi-

848 1519 118 28 dement,
983 1520 35 27 et,
1037 1525 31 18 ce
1084 1520 48 27 qui
1149 1521 69 22 vaut
1233 1520 104 27 mieux,
1357 1521 146 22 sûrement.

1460 1553 27 25 G.
1505 1553 28 26 T.

849 1613 44 38 Un
909 1615 158 44 protocole
1084 1616 146 43 financier
1248 1618 90 33 enlre
1354 1615 85 37 l'Aile
1448 1625 103 40 magne

1089 1669 27 32 et
1131 1665 48 34 les
1195 1664 99 37 Allies

868 1736 91 25 PARIS.
981 1736 28 24 16
1032 1736 152 26 décembre.
1251 1737 43 24 Un
1315 1736 139 31 protocole
1474 1739 74 24 finan-

836 1767 58 22 cier
913 1772 17 17 a
947 1767 45 22 été
1007 1767 77 28 signé
1102 1768 17 22 à
1135 1768 110 28 Trêves,
1266 1768 17 24 à
1299 1767 146 25 l'occasion
1466 1768 38 24 du
1521 1775 27 17 re-

835 1795 208 25 nouvellement
1070 1798 33 24 de
1128 1798 167 24 l'armistice.
1319 1798 22 24 Il
1370 1799 124 24 contient
1519 1800 43 24 les

835 1825 109 25 clauses
963 1827 142 24 suivantes
1127 1834 7 17 :
1163 1834 7 7 •

867 1857 27 22 1°
913 1858 190 28 Engagement
1117 1859 33 22 de
1167 1859 27 22 la
1207 1860 63 27 part
1286 1860 32 21 de
1333 1860 177 26 VAllemagne
1530 1860 32 22 de

836 1892 35 20 ne
892 1892 52 25 pas
967 1886 133 31 disposer,
1122 1893 66 19 sans
1213 1890 99 22 accord
1331 1889 141 30 préalable
1494 1894 67 19 avec

834 1918 39 26 les
894 1918 91 28 Alliés,
1010 1919 32 22 de
1059 1925 51 18 son
1131 1919 125 24 encaisse
1274 1919 167 31 métallique,
1462 1920 32 24 de
1514 1925 43 19 ses

837 1949 80 27 effets
935 1955 37 17 ou
990 1949 92 24 avoirs
1097 1956 50 18 sur
1162 1956 37 19 ou
1214 1951 18 22 à
1247 1951 155 27 l'étranger,
1420 1951 74 24 ainsi
1508 1957 53 24 que

834 1978 47 24 des
898 1980 110 24 valeurs
1023 1981 155 22 mobilières
1198 1982 158 27 étrangères
1371 1984 188 26 appartenant

839 2010 59 22 tant
922 2016 37 17 au
984 2014 219 25 gouvernement
1222 2013 26 24 et
1272 2016 57 20 aux
1351 2013 104 24 caisses
1475 2011 73 31 publi-

839 2043 76 25 ques.
935 2041 104 28 qu'aux
1054 2042 174 28 particuliers
1248 2043 26 22 et
1293 2041 120 26 sociétés.

867 2069 27 25 B°
900 2070 189 31 Engagement
1106 2072 33 24 île
1156 2072 26 24 la
1201 2074 61 27 part
1281 2073 33 25 de
1331 2073 177 28 l'Allemagne
1530 2073 33 24 de

837 2101 119 26 prendre
994 2101 128 25 d'accord
1155 2108 66 18 avec
1257 2105 40 25 les
1330 2105 233 27 gouvernements

837 2130 87 30 alliés,
946 2132 39 22 les
1007 2137 123 20 mesures
1149 2134 169 22 nécessaires
1339 2138 71 25 pour
1430 2133 90 28 régler
1538 2134 24 24 le

836 2160 64 28 plus
920 2160 176 30 rapidement
1117 2164 120 27 possible
1257 2164 39 22 les
1316 2163 157 24 conditions
1492 2165 70 22 dans

837 2190 145 30 lesquelles
1010 2192 37 25 les
1069 2192 149 25 intéressés
1245 2196 135 27 pourront
1402 2194 109 24 obtenir
1535 2194 28 24 la

837 2222 156 24 restitution
1013 2224 47 21 lies
1077 2225 76 21 titres
1169 2225 104 27 perdus
1292 2230 37 18 ou
1343 2225 77 22 volés
1435 2225 72 26 dans
1524 2225 38 22 les

836 2251 111 27 régions
972 2254 131 22 envahies
1126 2256 26 21 et
1173 2254 26 24 la
1219 2255 107 22 rentrée
1350 2258 34 19 en
1402 2256 158 28 possession

837 2283 33 21 de
886 2283 72 21 leurs
972 2284 78 22 biens
1064 2284 163 27 séquestrés.

862 2313 28 24 3°
911 2313 163 28 Obligation,
1097 2319 65 18 sous
1181 2315 136 22 certaines
1338 2314 165 27 conditions,
1526 2315 33 22 de

836 2341 91 28 régler
952 2342 17 24 à
993 2342 73 25 leurs
1090 2343 158 27 échéances,
1277 2344 38 24 les
1341 2343 130 25 créances
1493 2346 66 22 dues

837 2378 57 18 aux
914 2373 287 27 Alsaciens-Lorrains
1225 2375 25 22 et
1274 2375 33 22 de
1331 2374 158 30 n'apporter
1515 2381 31 18 au-

836 2406 70 20 cune
927 2404 113 22 entrave
1077 2404 17 24 à
1123 2404 26 24 la
1169 2404 67 24 libre
1260 2402 164 32 disposition
1448 2411 52 24 par
1520 2406 39 22 les

834 2431 291 30 Alsaciens-Lorrains,
1162 2434 46 22 des
1244 2434 161 30 propriétés,
1440 2434 119 30 valeurs,

835 2463 74 24 titres
926 2466 34 19 ou
979 2463 104 30 dépôts,
1101 2465 60 22 leur
1175 2466 185 26 appartenant
1378 2466 25 21 et
1419 2466 85 22 situés
1524 2471 34 19 en

835 2490 168 30 Allemagne.

1078 2538 77 35 Mise
1181 2551 39 24 au
1246 2541 80 44 poinl

868 2611 91 27 PARIS,
973 2613 30 24 16
1018 2613 151 26 décembre.
1228 2615 113 28 D'après
1356 2616 120 24 certains
1492 2616 59 28 jour-

839 2647 85 21 naux,
947 2642 26 24 le
996 2642 143 26 maréchal
1162 2643 83 28 Foch,
1269 2646 189 30 accompagné
1476 2647 34 22 de
1534 2647 30 21 40

840 2670 129 28 officiers,
984 2679 28 17 se
1029 2674 85 24 serait
1128 2675 89 24 rendu
1231 2675 17 24 à
1264 2675 102 25 Trêves
1383 2676 17 24 à
1413 2676 99 24 l'Hôtel
1530 2676 35 25 de

841 2700 27 25 la
888 2701 80 25 Poste
993 2702 35 24 où
1054 2702 60 30 loge
1139 2702 27 25 la
1188 2705 183 24 Commission
1398 2706 164 24 allemande.

840 2730 74 25 Cette
933 2732 184 25 information
1143 2734 41 24 est
1208 2735 132 25 inexacte.
1364 2737 38 24 Le
1422 2737 143 24 maréchal

840 2760 74 25 Foch
927 2763 30 24 et
970 2763 119 24 l'amiral
1107 2765 139 27 Weymiss
1264 2766 63 22 sont
1345 2766 106 25 arrivés
1469 2767 17 22 à
1501 2766 48 25 Trê-

841 2796 54 22 ves.
914 2794 204 27 accompagnés
1136 2794 32 25 de
1187 2796 13 22 6
1220 2796 130 24 officiers.
1371 2797 35 25 Le
1423 2797 142 24 maréchal

841 2822 71 24 Foch
939 2828 15 18 a
981 2824 144 28 convoqué
1152 2824 41 24 les
1219 2824 255 31 plénipotentiaires
1502 2825 51 26 alle-

840 2852 100 24 mands
953 2852 72 25 dans
1038 2858 48 19 son
1100 2854 83 28 train,
1199 2855 34 22 où
1250 2855 38 25 les
1299 2856 144 28 questions
1456 2861 93 20 concer-

841 2883 71 21 nant
933 2881 26 25 la
985 2883 196 31 prolongation
1207 2884 33 26 de
1266 2883 158 27 l'armistice
1450 2884 48 26 ont
1524 2884 41 26 été

840 2910 113 28 réglées.

305 3034 99 53 LE
455 3022 378 64 CONGRÈS
879 3030 156 57 DES
1076 3030 66 57 C.
1173 3030 73 57 O.
1277 3032 63 54 S.

113 3198 35 24 Le
164 3198 120 27 Congrès
300 3198 48 24 des
364 3197 26 24 C.
406 3198 31 24 O.
456 3198 25 24 S.
502 3196 133 28 (Conseils
652 3195 151 25 d'ouvriets

85 3231 26 20 et
131 3228 115 27 soldats)
269 3229 33 21 de
324 3229 74 21 toute
418 3226 182 28 l'Allemagne
621 3226 64 24 s'est
706 3224 97 24 ouvert

85 3257 176 28 aujourd'hui
285 3257 28 22 16
333 3257 145 24 décembre
498 3257 17 22 à
537 3256 102 24 Berlin.
661 3256 37 22 La
720 3253 83 24 veille

84 3289 115 22 avaient
215 3293 34 18 eu
269 3288 64 27 lieu,
354 3289 71 21 dans
443 3292 31 19 ce
493 3287 57 27 but,
569 3287 50 22 des
635 3285 132 34 élections
788 3283 15 24 à

84 3318 92 24 Berlin
203 3322 28 19 et
256 3319 71 22 dans
354 3318 26 24 la
407 3318 135 24 banlieue.
573 3317 50 27 I.es
648 3314 154 26 socialistes

85 3350 187 28 majoritaires
293 3348 112 24 avaient
425 3348 102 25 obtenu
547 3348 43 22 349
606 3346 74 27 voix,
703 3346 40 22 les
764 3345 26 22 in-

84 3380 172 28 dépendants
270 3380 50 26 381.
338 3380 39 22 les
391 3380 90 22 classe
494 3378 130 24 libérales
637 3378 34 22 79.
689 3377 70 24 Sous
774 3381 30 18 ce

85 3415 65 19 nom
171 3410 239 28 d'indépendants,
431 3415 37 18 on
487 3410 59 22 doit
563 3407 181 27 comprendre
764 3405 39 21 les

84 3439 141 30 partisans
252 3439 33 24 de
313 3439 91 24 Haase
433 3439 25 24 et
488 3439 33 22 de
548 3438 94 27 Barth,
661 3443 35 18 en
712 3436 90 24 même

83 3470 91 28 temps
190 3476 56 21 que
261 3476 71 18 ceux
350 3471 33 21 de
402 3469 175 24 Liebknecht.

113 3510 43 24 On
180 3511 128 28 présume
332 3516 54 22 que
409 3509 104 30 l'appui
536 3509 48 22 des
608 3508 27 24 C.
660 3508 31 24 O.
717 3508 26 24 S.
767 3511 37 17 va

84 3542 150 22 constituer
253 3542 27 21 la
298 3540 155 31 principale
482 3541 76 22 force
587 3539 37 22 du
653 3540 133 25 gouverne-

84 3572 78 22 ment
176 3570 107 24 d'Ebert
299 3572 93 22 contre
409 3570 39 22 les
463 3569 172 24 extrémistes
651 3568 33 22 de
699 3565 103 25 Berlin.

84 3600 84 24 Ebert
189 3607 28 18 se
241 3600 106 24 servira
370 3601 33 22 de
425 3605 45 18 ces
494 3599 115 24 comités
632 3595 170 30 disciplinés,

84 3632 67 28 qu'il
171 3631 177 24 considérera
371 3631 17 24 à
407 3631 71 27 juste
500 3630 64 25 titre
585 3633 106 20 comme
712 3625 77 24 l'éma-

84 3661 97 24 nation
194 3661 33 25 de
241 3661 25 24 la
281 3661 110 25 volonté
406 3661 154 28 populaire,
574 3664 71 24 pour
656 3656 148 31 empêcher

84 3692 25 22 le
128 3693 110 22 contact
255 3691 87 25 direct
359 3697 67 18 avec
443 3691 41 24 les
503 3689 159 25 bolcheviks
683 3687 33 24 de
735 3685 66 24 l'est.

84 3720 190 28 L'Allemagne
291 3722 70 25 n'est
376 3728 50 21 pas
443 3722 26 22 la
485 3720 107 26 Bussie.
609 3719 27 22 et
652 3715 151 26 l'anarchie

84 3751 71 24 dans
176 3752 26 22 la
221 3757 51 18 rue
293 3752 46 26 n'y
359 3752 43 22 est
420 3752 85 26 qu'un
528 3749 156 27 symptôme
704 3744 85 25 transi-

84 3781 76 26 toire.
182 3782 52 22 Des
253 3782 118 22 témoins
391 3780 162 30 rapportent
573 3784 28 18 ce
621 3778 58 22 mot
699 3777 32 22 de
752 3774 39 25 sol-

84 3811 63 22 dats
167 3811 156 22 allemands
343 3811 136 22 revenant
497 3810 37 21 du
555 3810 77 22 front
651 3809 27 22 et
697 3806 46 28 qui
765 3804 26 22 di-

84 3841 69 26 sent,
169 3846 33 19 en
217 3840 113 28 parlant
344 3841 37 22 du
397 3840 187 24 bolchevisme
600 3844 6 15 :
625 3847 9 11 «
648 3837 74 22 Nous
738 3840 50 18 vou-

84 3869 61 24 lons
161 3870 106 24 rentrer
283 3870 71 22 dans
371 3875 54 17 une
442 3870 89 26 patrie
544 3869 30 22 et
587 3872 59 18 non
661 3867 71 22 dans
748 3869 54 19 une

84 3899 144 26 porcherie.
244 3908 19 14 ».

112 3939 38 22 I.a
169 3939 171 30 Bépublique
360 3938 167 25 allemande,
547 3935 92 27 quand
661 3935 51 22 elle
733 3939 70 17 aura

83 3970 65 27 posé
163 3974 44 18 ses
221 3969 111 25 assises,
347 3967 131 25 rétablira
495 3967 105 22 l'ordre.
618 3961 184 28 L'Allemand,

84 3998 90 22 même
187 3999 183 27 républicain,
385 3998 109 26 préfère
508 3996 100 25 l'ordre
624 3996 18 22 à
653 3994 30 24 la
697 3992 105 25 liberté.

84 4028 85 32 Après
188 4028 25 24 le
233 4028 123 24 désastre
376 4026 35 25 où
430 4028 70 22 l'ont
516 4025 142 24 entraînée
678 4029 45 18 ses
742 4026 46 20 con-

83 4057 113 25 voitises
215 4057 190 27 territoriales,
426 4058 69 22 cette
515 4057 97 22 nation
632 4054 111 25 réaliste
763 4056 27 18 re-

83 4088 119 24 prendra
219 4091 43 20 ses
276 4088 81 28 plans
374 4088 33 22 de
423 4087 174 28 pénétration
613 4082 188 30 économique.

84 4116 56 24 Elle
154 4117 94 25 créera
260 4117 47 22 dps
320 4117 175 24 orcanismes
509 4115 162 25 industriels
684 4114 69 22 dont
763 4111 40 24 les

81 4148 86 21 trusts
181 4150 27 20 et
221 4147 38 24 les
273 4147 99 25 cartels
384 4148 222 25 d'avant-guerre
620 4144 131 22 n'auront
762 4141 40 24 été

84 4182 53 19 que
154 4176 40 24 les
210 4176 156 26 embryons.
384 4176 43 22 On
444 4176 60 22 sent
522 4174 65 28 déjà
602 4175 116 28 poindre
736 4174 67 22 cette

83 4200 213 30 préocninatiori
324 4206 33 22 dp
384 4206 209 22 l'anrès-cuerre
622 4202 181 27 économique

84 4235 65 22 chez
168 4235 40 22 les
228 4235 162 24 industriels
409 4237 48 24 des
476 4235 97 26 région
592 4235 139 22 rhénanes
750 4235 53 25 que

83 4269 52 19 nos
159 4267 231 21 correspondants
418 4267 33 22 de
478 4271 98 19 guerre
605 4266 48 21 ont.
667 4269 37 24 pu
723 4264 67 22 inter-

83 4294 109 24 viewer.
223 4296 198 25 L'AHemaime.
451 4294 213 28 présentement,
683 4296 120 22 manque

84 4324 33 22 de
132 4317 131 32 matières
280 4326 163 26 premières:
459 4326 25 22 le
500 4324 125 24 matériel
641 4324 34 22 de
691 4328 45 19 ses
750 4320 40 24 usi-

84 4358 50 18 nes
195 4352 119 25 laissons
332 4355 33 24 de
383 4355 59 24 côté
458 4361 31 18 re
504 4354 100 25 qu'elle
619 4359 72 18 nous
709 4358 15 17 a
742 4350 61 24 volé

125 4390 14 14 a
157 4384 41 21 été
215 4385 56 21 fort
285 4384 92 24 nhlmé
392 4385 123 26 pendant
529 4384 27 21 Ta
574 4388 106 21 guerre,
697 4381 38 22 du
751 4380 52 24 fait

84 4411 33 22 de
137 4411 24 24 la
183 4414 164 24 production
370 4414 136 24 intensive
535 4414 74 22 Pour
628 4411 138 24 remédier
788 4410 15 22 à

85 4443 43 21 cet,
146 4443 54 21 état
223 4444 32 21 de
276 4444 105 24 choses,
404 4444 40 22 les
464 4442 163 25 industriels
648 4439 155 26 allemands

76 4470 125 25 .devront,
215 4473 71 22 faire
301 4473 47 22 des
365 4474 144 26 emprunt*
524 4473 17 24 h
556 4473 156 24 l'étranger,
730 4470 58 27 prin-

84 4500 164 25 cipalement
266 4507 66 19 «ou»
347 4502 25 25 la
494 4502 32 21 de
543 4502 130 22 matières
689 4499 99 25 premiè-

84 4534 51 19 res.
154 4530 35 25 Ils
206 4530 157 26 n'ignorent
378 4538 50 20 pas
454 4532 104 22 d'autre
574 4532 71 24 part,
660 4528 83 27 qu'ils
757 4534 31 19 au-

84 4560 64 22 ront
168 4561 32 22 de
221 4559 184 28 trps,grosses
426 4561 167 24 indemnités
614 4561 33 22 de
669 4565 97 18 cruerre
788 4559 14 22 A

84 4593 93 20 paver.
198 4590 65 24 D'où
282 4591 26 24 la
326 4591 143 26 nécessité.
488 4597 70 19 r>onr
573 4596 54 18 eux
657 4589 146 27 d'inspirer

84 4618 142 24 ronflance
241 4626 56 17 aux
313 4620 111 24 nations
439 4622 167 26 étrangères.
625 4620 72 22 Cette
712 4619 77 22 néces-

84 4648 50 22 sité
161 4649 178 24 l'Allerne-me
354 4651 103 21 entière
472 4651 41 21 est
607 4650 109 22 résolue
731 4649 18 24 à
763 4648 39 26 s'y

84 4678 163 24 conformer.
272 4680 69 25 C'est
360 4681 174 22 assurément
554 4680 71 22 dans
644 4684 30 17 ce
693 4678 109 22 dessein

84 4711 53 19 nue
150 4713 45 19 ses
208 4709 253 22 révolutionnaires
475 4709 118 24 laissent,
604 4710 27 21 le
645 4708 106 25 Capital
768 4707 34 24 où

84 4737 20 21 il
120 4737 41 22 est
178 4737 5 26 •
200 4737 66 24 chez
281 4737 40 24 les
337 4739 158 25 banquiers,
514 4739 161 24 industriels
691 4739 27 22 et
732 4741 53 20 com-

84 4767 149 22 merçants:
254 4769 65 20 c'est
343 4768 70 22 dan=
436 4774 30 17 ce
489 4769 107 21 dessein
622 4767 74 22 aussi
722 4766 80 24 qu'ils

84 4794 117 24 laissent,
234 4796 133 24 subsister
396 4796 159 25 l'armature
585 4794 155 26 extérieure
769 4795 33 21 de

84 4822 137 27 l'Emmre.
241 4826 59 22 tout,
319 4832 33 17 en
371 4827 172 25 consentant,
562 4827 34 22 de
614 4828 90 22 temps
723 4826 17 22 à
758 4831 31 18 au-

84 4854 48 26 tre,
149 4854 47 22 des
211 4854 139 24 sacrifices
365 4856 34 22 de
416 4861 150 20 personnes
580 4857 138 22 devenues
733 4860 53 17 com-

84 4884 208 27 promettantes.
313 4885 45 24 tel,
381 4885 187 27 aujourd'hui,
589 4886 25 21 le
638 4886 20 22 D
660 4890 9 12 r
691 4885 59 22 Soif

113 4922 191 28 L'Allemagne
326 4924 178 28 méthodique
526 4930 34 18 ne
581 4925 63 24 hait
664 4925 59 24 rien
744 4925 59 21 tant

84 4958 53 24 que
156 4951 161 27 l'anarchie.

112 4991 57 26 Elle
184 4998 84 18 saura
281 4998 28 18 se
324 4994 126 27 garantir
462 4995 94 22 contre
569 4994 24 24 le
606 4993 194 25 bolchevisme.

646 5024 28 22 E.
696 5023 27 24 L.
743 5022 46 25 8.-

148 5080 40 35 La
208 5081 169 35 dém'siioi
394 5082 35 34 de
446 5081 69 44 Soif
530 5083 47 33 est
594 5082 139 41 acceptée

113 5163 92 27 BERKE,
223 5164 28 24 16
267 5164 151 24 décembre.
476 5165 43 22 On
535 5164 102 24 mainde
652 5165 32 22 de
700 5165 100 26 Berlin,

84 5192 19 21 à
118 5193 32 25 ]a
168 5194 65 22 date
252 5194 37 22 du
308 5194 30 22 15
357 5194 151 26 décembre,
529 5200 54 21 que
604 5194 28 22 la
651 5194 151 24 démission

86 5222 37 25 du
138 5223 115 24 docteur
268 5222 67 26 Soif,
353 5224 146 22 secrétaire
516 5224 89 24 d'Etat
620 5230 56 18 aux
691 5223 112 25 affaires

84 5251 168 30 étrangères,
270 5258 17 17 a
304 5252 41 24 été
361 5254 133 27 acceptée.

116 5323 129 46 L'esprit
261 5337 13 21 «
288 5324 223 37 réactionnaire
527 5337 13 22 »
556 5324 74 38 dam
647 5324 123 37 l'armée

113 5409 117 30 ZtißiCH,
250 5409 30 25 16
299 5411 151 25 décembre.
521 5411 111 28 D'après
652 5411 48 24 des
723 5411 67 24 infor-

227 5444 103 24 venant
352 5441 34 24 de
407 5441 103 26 Berlin,
534 5441 48 24 des
604 5443 113 26 troupes
738 5446 65 19 nou-

841 3193 150 25 vellement
1004 3194 123 24 arrivées
1141 3195 125 24 refusent
1281 3195 33 22 de
1330 3195 175 24 reconnaître
1521 3196 40 22 les

837 3224 128 24 Conseils
980 3224 48 25 des
1044 3224 126 24 ouvriers
1187 3226 26 24 et
1228 3224 115 27 soldats,
1359 3224 73 24 ainsi
1448 3231 53 21 que
1518 3224 40 26 les

841 3254 123 24 diverses
989 3254 171 25 institutions
1186 3256 65 22 nées
1276 3256 33 24 de
1331 3255 30 24 la
1384 3256 170 22 Bévolution.

841 3283 73 25 Cette
930 3285 117 24 attitude
1059 3285 66 30 jette
1141 3285 26 25 la
1181 3285 123 30 surprise
1318 3291 37 19 au
1369 3286 60 24 sein
1444 3285 37 25 du
1495 3291 61 24 goit

840 3317 169 20 vernement.

868 3345 35 22 Le
922 3353 9 11 «
951 3345 156 24 Vorwaerts
1123 3353 21 20 »,
1162 3351 103 22 organe
1283 3345 102 24 officiel
1401 3350 71 30 pour
1487 3344 60 25 l'ins-

841 3376 67 26 tant,
922 3374 137 25 demande
1074 3374 27 24 la
1115 3374 162 26 destitution
1291 3374 33 25 de
1337 3374 139 30 plusieurs
1489 3380 64 20 con>

841 3405 150 22 mandants
1017 3406 118 21 d'unités
1161 3406 34 22 de
1221 3406 28 22 la
1273 3406 85 27 garde
1384 3406 170 28 prussienne.

841 3435 112 28 D'après
969 3435 28 25 la
1013 3444 11 11 «
1042 3435 111 25 Gazette
1168 3436 32 24 de
1218 3436 67 24 Voss
1302 3444 20 18 »,
1341 3436 48 24 des
1404 3436 105 24 soldats
1526 3436 32 24 de

841 3464 28 22 la
882 3465 87 26 garde
983 3465 164 27 prussienne
1163 3465 50 22 ont
1224 3465 84 24 retiré
1320 3465 26 24 le
1362 3465 124 27 drapeau
1500 3471 45 17 rou-

841 3498 33 24 ge
888 3494 48 28 qui
951 3493 100 25 flottait
1064 3500 48 18 sur
1126 3495 100 24 l'Hôtel
1239 3495 33 24 de
1286 3495 70 24 Ville
1371 3496 33 22 de
1419 3495 136 24 Potsdam.

965 3562 154 38 350.000
1136 3567 137 34 ouvriers
1294 3576 35 24 en
1348 3565 89 45 grève

870 3638 122 27 LONDRES,
1016 3638 27 24 16
1064 3638 151 24 décembre.
1287 3638 41 24 On
1350 3638 102 24 mande
1473 3638 71 24 d'Am-

841 3667 122 22 sterdam
983 3667 64 28 qu'à
1067 3667 93 24 Berlin
1180 3667 94 25 350.000
1294 3667 125 25 ouvriers
1441 3674 27 18 se
1487 3669 60 24 trou-

841 3696 126 25 veraient
980 3703 34 18 en
1029 3698 91 28 grève,
1135 3697 18 24 à
1166 3697 27 24 la
1207 3698 71 24 suite
1292 3698 33 24 de
1339 3698 28 24 la
1382 3698 180 28 propagande

842 3726 168 25 bolcheviste
1033 3733 33 18 en
1090 3728 99 24 faveur
1212 3728 34 25 de
1267 3728 30 25 la
1318 3728 83 28 grève
1422 3726 137 31 générale.

842 3756 112 24 Aucune
978 3758 112 22 entrave
1114 3758 70 22 n'est
1206 3759 130 27 apportée
1359 3758 17 24 à
1397 3764 31 18 ce
1450 3762 93 20 mouve-

841 3788 78 24 ment
937 3793 51 22 par
1006 3788 24 24 le
1050 3789 224 27 gouvernement.

874 3816 84 28 (Nous
978 3823 35 18 ne
1032 3817 130 28 publions
1183 3819 69 25 cette
1272 3819 130 25 nouvelle
1421 3824 53 22 que
1496 3824 65 18 sous

841 3844 40 25 les
895 3846 124 25 réserves
1035 3848 119 27 d'usage.
1172 3848 39 22 La
1225 3847 156 30 complicité
1396 3848 38 22 du
1448 3853 98 24 gouver-

837 3876 113 22 nement
964 3878 26 21 et
1002 3876 37 22 du
1050 3876 188 25 bolchevisme
1252 3878 41 24 est
1305 3878 81 24 chose
1400 3876 63 30 plus
1475 3876 72 28 qu'in-

841 3905 222 25 vraisemblable.
1078 3907 33 24 Et
1122 3908 72 28 puis,
1209 3913 30 19 ce
1252 3908 98 24 chiffre
1364 3908 33 22 de
1410 3907 97 24 350.000
1521 3908 40 24 est

841 3934 64 24 bien
919 3940 64 21 gros
1000 3935 17 26 !)

862 4020 11 20 «
892 4007 78 35 Nous
985 4019 35 24 ne
1033 4012 198 31 rencontrons
1252 4020 56 32 pas
1325 4009 211 44 d'opposition

960 4059 145 41 politique
1115 4058 132 35 sérieuse
1259 4070 12 21 »
1291 4059 40 34 dit
1350 4058 90 35 Ebert

869 4141 124 28 LONDRES,
1016 4142 27 22 16
1063 4142 151 25 décembre.
1284 4143 37 22 Le
1341 4143 219 27 correspondant

841 4170 48 22 des
909 4179 11 12 «
941 4170 81 28 Daily
1042 4172 79 25 News
1157 4172 18 24 à
1193 4172 93 25 Berlin
1306 4179 17 18 a
1343 4173 159 24 interviewé
1524 4174 33 22 M.

841 4199 89 27 Ebert,
951 4201 48 27 qui
1018 4201 40 22 lui
1078 4207 17 17 a
1114 4201 52 24 fait
1186 4202 27 22 la
1232 4202 170 24 déclaration
1421 4202 137 26 suivante,

841 4234 35 19 en
896 4235 30 18 ce
946 4231 47 27 qui
1015 4235 135 19 concerne
1169 4232 28 22 la
1218 4232 133 24 situation
1371 4232 130 30 générale
1522 4233 37 22 du

841 4261 220 24 gouvernement
1082 4261 5 24 :

870 4309 9 11 «
895 4299 41 24 En
950 4303 119 27 prenant
1082 4302 26 22 le
1124 4300 124 30 pouvoir,
1263 4309 71 17 nous
1348 4309 87 18 avons
1450 4304 109 27 accepté

840 4329 28 22 la
880 4330 102 27 charge
994 4330 33 22 de
1042 4330 28 24 la
1083 4330 59 28 pire
1155 4330 190 30 banqueroute
1359 4333 85 28 qu'ait
1457 4332 103 28 jamais

841 4363 109 19 connue
964 4358 133 25 l'histoire
1113 4362 38 21 du
1165 4362 109 22 monde.
1290 4363 73 22 Nous
1380 4369 87 17 avons
1482 4363 34 22 de
1531 4368 30 18 ce

839 4388 53 24 fait
915 4390 109 27 accepté
1048 4389 26 24 le
1097 4390 80 27 poids
1200 4390 66 25 d'un
1289 4393 119 24 fardeau
1430 4391 125 24 colossal.

841 4417 71 24 Mais
930 4417 27 24 la
976 4420 133 24 situation
1126 4427 17 17 a
1159 4422 77 22 aussi
1254 4427 43 18 ses
1315 4423 161 28 avantages,
1493 4422 69 24 dont

841 4447 24 24 le
883 4449 61 28 plus
963 4448 154 31 important
1128 4452 44 22 est
1187 4456 63 24 que,
1269 4453 202 27 actuellement,
1489 4457 72 19 nous

840 4482 34 19 ne
887 4480 182 24 rencontrons
1082 4486 109 18 aucune
1204 4481 157 28 opposition
1375 4481 133 32 politique
1522 4481 26 26 sé-

839 4507 98 25 rieuse.
953 4507 52 26 Nos
1018 4509 126 24 ennemis
1157 4509 17 24 à
1187 4511 154 25 l'intérieur
1352 4518 34 18 ne
1400 4514 63 26 sont
1476 4511 84 31 qu'un

841 4543 104 24 groupe
961 4539 33 24 de
1010 4539 172 26 fantaisistes
1198 4541 17 24 ti
1230 4541 27 24 la
1272 4541 54 24 tAte
1341 4543 124 25 troublée
1480 4543 26 24 et
1522 4547 38 18 un

840 4569 39 22 lot
893 4569 200 26 d'anarchistes
1108 4571 227 28 irresponsables,
1350 4572 66 25 dont
1431 4572 39 24 les
1485 4572 65 24 tacti-

840 4603 69 21 ques
930 4598 144 28 négatives
1095 4604 64 20 sont
1180 4600 183 30 uniquement
1384 4603 137 22 destinées
1544 4603 17 21 à

841 4626 70 24 faire
928 4629 33 22 de
978 4629 200 27 l'obstruction,
1196 4630 70 25 dans
1283 4637 39 18 un
1338 4631 48 25 but
1403 4632 67 25 dont
1487 4631 63 25 l'évi-

840 4657 85 24 dence
943 4658 78 24 saute
1039 4664 56 18 aux
1111 4664 80 22 yeux.

870 4708 11 11 «
900 4700 35 22 La
954 4700 76 22 seule
1048 4706 113 19 menace
1179 4707 84 21 grave
1280 4707 53 21 que
1349 4708 72 18 nous
1439 4707 90 22 ayons
1544 4702 18 22 à

840 4728 129 24 craindre
984 4728 90 25 réside
1090 4730 71 24 dans
1176 4730 27 24 la
1220 4731 133 22 situation
1369 4731 189 30 économique.

840 4756 191 30 L'expérience
1046 4760 33 21 de
1094 4761 26 22 la
1134 4766 98 21 guerre
1246 4767 72 17 nous
1331 4767 17 17 a
1361 4761 130 28 enseigné
1506 4767 53 22 que

840 4787 41 22 les
896 4787 125 25 hommes
1036 4791 50 22 ont
1100 4792 130 26 supporté
1245 4796 48 17 sur
1307 4792 26 21 le
1348 4792 76 22 front
1437 4792 63 28 plus
1515 4796 31 24 pa-

839 4817 145 24 tiemment
1002 4819 39 22 les
1059 4820 138 24 sacrifices
1214 4820 80 27 qu'ils
1312 4826 35 17 ne
1364 4821 197 27 supporteront

841 4846 28 24 la
888 4846 100 26 misère
1006 4847 66 24 chez
1091 4854 60 18 eux.
1172 4850 27 22 Si
1220 4854 70 18 nous
1309 4850 120 24 sommés
1448 4850 112 30 appelés

841 4876 18 22 à
883 4878 85 21 rester
994 4883 35 18 au
1055 4879 125 27 pouvoir,
1207 4884 54 19 une
1286 4878 122 25 solution
1433 4879 33 25 de
1491 4880 69 22 cette

841 4905 128 28 question
989 4907 41 22 est
1046 4906 85 25 vitale
1152 4913 70 24 pour
1239 4913 79 20 nous.
1341 4920 11 12 »
1388 4917 15 13 N

873 4946 44 26 (Le
940 4952 217 22 gouvernement
1179 4950 83 24 Ebert
1281 4950 54 24 crie
1359 4950 106 24 misère.
1491 4950 71 25 C'est

842 4982 53 18 une
912 4977 122 28 tactique
1048 4978 69 24 dont
1131 4980 39 24 les
1187 4980 84 24 Alliés
1287 4985 33 18 ne
1338 4983 93 21 seront
1447 4987 51 22 pas
1513 4981 32 22 du-

841 5010 56 25 pes.
924 5008 58 21 Aux
1006 5008 191 30 témoignages
1221 5009 33 24 de
1278 5015 69 19 ceux
1370 5010 48 28 qui
1442 5011 116 26 ont-vu,

841 5033 182 32 l'Allemagne
1041 5043 17 18 a
1076 5039 34 22 de
1127 5040 64 27 quoi
1211 5044 116 22 manger
1345 5042 27 21 et
1387 5046 37 18 en
1442 5046 48 17 use
1508 5040 39 24 lar-

842 5067 129 26 gement.)

840 5174 41 52 M,
905 5174 98 64 Lloyd
1023 5174 129 65 George
1167 5186 39 41 va
1232 5176 107 64 partir
1359 5187 84 52 peur
1460 5169 99 63 Paris

870 5295 125 25 LONDHt-i,
1019 5295 26 22 1C
1064 5296 151 26 décembre.
1289 5296 32 24 ',<3
1341 5296 219 30 coirespondant

841 5322 215 31 parlementaire
1076 5324 35 24 du
1131 5322 79 32 Daily
1232 5324 116 30 Express
1368 5324 39 25 dit
1424 5331 53 27 que
1495 5326 64 24 MM.

840 5353 86 28 Lloyd
944 5354 113 28 George.
1078 5354 176 27 Bonar-Law,
1274 5354 122 28 Dalfour,
1416 5355 73 25 ainsi
1507 5361 52 24 que

840 5381 139 28 plusieurs
1005 5386 94 21 autres
1126 5383 142 24 ministres
1293 5387 26 20 et
1345 5385 32 24 de
1406 5385 154 24 nombreux

839 5412 229 28 fonctionnaires,
1108 5413 136 28 partiront
1281 5413 105 25 samedi
1426 5413 132 30 prochain

839 5446 72 22 pour
931 5441 87 27 Paris.

1626 904 214 107 LE
1959 906 1009 107 PRESIDENT
3081 906 710 110 WILSON

1824 1063 72 104 à
1956 1062 444 107 l'Hôtel
2456 1065 155 104 de
2662 1063 315 109 Ville
3032 1065 154 106 de
3250 1065 353 107 Paris

1630 1274 90 28 PARIS,
1740 1276 27 24 16
1781 1276 151 25 décembre.
1994 1278 21 22 A
2028 1277 14 24 2
2060 1277 26 25 h.
2101 1277 22 28 5,
2140 1276 22 25 le
2180 1278 142 30 président

1602 1305 33 24 de
1654 1305 27 26 la
1696 1305 171 31 République
1885 1307 27 24 et
1931 1307 71 24 Mme
2022 1307 135 24 Polncaré
2176 1310 63 22 sont
2257 1309 53 22 arri-

1602 1336 47 24 vés
1665 1338 18 21 à
1700 1336 92 25 l'hôtel
1813 1338 37 22 du
1866 1338 143 28 président
2023 1338 117 24 Wilson.
2161 1338 34 24 Le
2216 1338 106 30 cortège

1602 1367 102 24 officiel
1721 1368 65 24 s'est
1801 1368 89 24 formé
1905 1370 26 21 et
1949 1370 43 21 est
2006 1369 76 28 parti
2096 1370 18 21 à
2127 1369 15 22 2
2156 1369 26 24 h.
2204 1370 44 28 1/4.

1630 1397 76 24 Dans
1720 1397 30 24 la
1765 1398 136 27 première
1918 1400 110 24 voiture
2043 1400 113 25 avaient
2173 1401 58 28 pris
2246 1400 77 30 place

1602 1428 24 22 le
1648 1428 142 27 président
1805 1429 107 24 Wilson
1930 1431 27 22 et
1975 1431 25 24 le
2019 1429 141 30 président
2180 1431 33 24 de
2230 1431 27 22 la
2275 1433 33 22 Ré-

1600 1457 141 31 publique.
1773 1459 74 25 Dans
1873 1461 26 22 la
1930 1461 145 24 deuxième
2104 1462 115 27 voiture.
2248 1462 72 24 Mme

1602 1488 113 28 Wilson,
1736 1489 72 25 Mme
1827 1493 141 27 Poincaré,
1988 1493 61 24 Mlle
2067 1493 105 22 Wilson
2192 1494 28 21 et
2237 1493 24 25 Je
2281 1494 28 28 gé-

1599 1520 78 24 néral
1693 1520 103 24 Léorat.
1813 1521 77 25 Dans
1905 1522 40 25 les
1962 1524 93 24 autres
2072 1524 122 24 voitures
2211 1525 111 22 avaient

1600 1548 58 30 pris
1672 1550 78 30 place
1768 1552 38 24 les
1820 1558 190 26 personnages
2024 1553 33 25 de
2074 1553 28 25 la
2117 1553 80 25 suite.

1629 1579 50 26 Les
1701 1581 73 24 deux
1795 1584 161 26 Présidents
1977 1586 48 22 ont
2046 1581 43 27 été
2108 1585 57 22 très
2184 1585 138 25 vivement

1600 1610 136 25 acclamés
1757 1613 27 22 et
1805 1613 47 25 des
1873 1613 119 25 hourras
2014 1615 170 30 frénétiques
2210 1617 47 21 ont
2281 1615 41 24 été

1599 1642 123 26 poussés.
1744 1643 51 24 LPS
1817 1643 142 27 honneurs
1977 1645 105 24 étaient
2099 1645 104 25 rendus
2225 1651 51 28 par
2296 1645 25 25 le

1598 1671 25 21 6»
1644 1671 132 25 bataillon
1798 1674 33 24 de
1852 1674 156 27 chasseurs,
2029 1675 70 24 dont
2114 1676 30 22 la
2159 1681 126 22 musique
2304 1682 18 17 a

1599 1701 65 28 joué
1682 1701 120 28 l'hymne
1820 1703 154 26 américain
1993 1704 30 25 et
2042 1707 27 22 la
2087 1704 185 25 Marseillaise.

1746 1765 260 38 L'enthousiasme
2027 1767 35 35 de
2083 1767 89 35 Paris

1629 1837 53 24 Dès
1698 1843 56 18 une
1773 1837 85 26 heure
1874 1840 26 22 et
1915 1840 97 26 demie,
2031 1840 30 22 la
2078 1839 78 30 place
2172 1840 33 22 de
2219 1840 30 22 la
2267 1841 37 21 Ma-

1599 1865 109 25 deleine
1731 1869 41 21 est
1794 1869 78 25 noire
1892 1870 34 24 de
1946 1871 110 24 monde.
2081 1871 39 22 La
2141 1869 76 26 fouie
2237 1876 17 18 a
2277 1876 30 19 en-

1598 1896 66 25 vahi
1677 1899 63 21 tout
1754 1903 30 18 ce
1801 1898 97 30 qu'elle
1911 1906 17 17 a
1943 1905 38 22 pu
1998 1900 150 26 escalader,
2166 1900 98 28 depuis
2281 1902 40 22 les

1598 1928 128 24 marches
1746 1928 37 24 du
1799 1929 100 30 temple
1919 1931 27 22 et
1964 1930 39 24 les
2019 1930 96 30 grilles
2131 1930 47 30 qui
2196 1936 35 19 en
2251 1931 57 22 limi-

1598 1958 59 22 tent
1674 1957 106 30 l'accès,
1801 1959 150 31 jusqu'aux
1965 1961 161 27 reverbères
2139 1962 27 22 et
2185 1967 56 19 aux
2258 1962 63 24 toits

1599 1987 48 25 des
1668 1988 132 28 maisons,
1826 1991 71 22 mais
1920 1991 99 24 l'ordre
2043 1993 43 22 est
2106 1993 111 28 partout
2237 1993 67 22 main-

1598 2019 67 22 tenu
1688 2024 52 22 par
1761 2019 28 25 la
1807 2020 99 31 troupe
1931 2022 26 22 et
1980 2021 27 24 la
2026 2022 81 24 tenue
2127 2021 131 30 générale
2280 2021 41 25 est

1598 2049 128 27 parfaite.
1752 2049 71 27 Tout
1844 2056 35 19 au
1900 2050 66 30 long
1989 2052 35 25 du
2049 2052 152 26 boulevard
2226 2052 79 25 Males-

1599 2078 106 28 herbes.
1723 2085 31 18 ce
1774 2082 63 21 sont
1853 2081 40 25 les
1910 2082 148 24 chasseurs
2080 2083 17 24 fi
2114 2082 64 27 pied
2194 2082 46 30 qui
2261 2082 60 24 font

1598 2107 26 25 la
1641 2109 72 25 haie.
1734 2109 83 27 Place
1833 2111 33 25 de
1884 2113 27 24 la
1926 2111 162 28 Madeleine,
2106 2113 47 24 des
2172 2113 148 28 goumiers,

1599 2139 48 24 des
1664 2140 96 28 spahis
1774 2141 27 24 et
1815 2141 48 25 des
1880 2143 123 27 dragons
2016 2144 50 30 qui
2079 2143 111 30 portent
2206 2150 37 18 au
2256 2144 65 24 bout

1599 2169 33 25 de
1651 2170 26 24 la
1694 2171 80 24 lance
1789 2171 27 24 la
1833 2173 111 24 flamme
1964 2179 84 20 rouge
2068 2174 26 22 et
2112 2173 126 27 blanche,
2257 2174 64 22 d'un

1598 2200 25 22 si
1637 2199 48 28 joli
1701 2202 65 24 effet
1787 2203 50 24 Les
1852 2203 120 30 troupes,
1988 2203 58 25 très
2057 2204 86 24 fêtées
2158 2209 52 24 par
2222 2204 27 24 la
2264 2204 43 24 fou-

1597 2228 34 30 le,
1654 2231 63 22 sont
1737 2232 219 25 abondamment
1975 2233 112 24 fleuries
2105 2235 28 24 et
2150 2235 170 28 applaudies.

1628 2261 20 22 A
1664 2261 13 24 2
1693 2262 27 22 h.
1735 2262 46 26 1/2.
1799 2268 54 19 une
1869 2267 128 21 sonnerie
2014 2264 33 22 de
2065 2264 120 22 clairons
2199 2264 119 24 retentit.

1598 2291 51 22 Les
1665 2293 113 26 troupes
1799 2298 28 17 se
1846 2294 116 24 mettent
1978 2300 37 18 au
2035 2294 84 30 garde
2140 2295 17 22 à
2177 2300 77 19 vous.
2270 2295 51 22 Les

1598 2319 136 26 cavaliers
1756 2323 126 24 montent
1905 2326 15 22 à
1939 2326 98 22 cheval
2057 2326 30 22 et
2104 2326 116 22 mettent
2241 2326 80 24 sabre

1598 2355 35 18 au
1649 2350 74 26 clair.
1739 2352 57 24 Peu
1813 2353 87 28 après,
1918 2359 37 19 un
1972 2354 80 25 ordre
2068 2361 28 17 se
2109 2354 136 24 transmet
2262 2354 59 24 tout

1598 2383 35 20 au
1656 2379 66 31 long
1741 2382 47 25 des
1808 2383 119 25 cordons
1950 2385 33 25 de
2002 2385 122 30 troupes.
2146 2386 52 24 Les
2216 2385 105 25 soldats

1597 2408 159 30 présentent
1787 2413 40 24 les
1858 2419 98 20 armes.
1987 2415 76 22 Deux
2087 2415 143 27 généraux
2257 2420 46 22 pas-

1598 2441 63 22 sent
1676 2447 34 17 en
1728 2444 66 24 auto
1840 2445 76 24 toute
1931 2437 110 35 vitesse,
2055 2446 159 27 inspectant
2231 2445 24 24 le
2270 2450 39 19 ser-

1597 2470 60 25 vice
1676 2471 191 27 d'ordre.-Une
1885 2474 150 30 patrouille
2050 2476 126 28 d'agents
2192 2476 129 24 evelistes

1596 2500 40 22 les
1661 2502 56 24 suit
1742 2503 33 24 de
1796 2502 71 28 près,
1893 2504 74 25 ainsi
1989 2511 53 22 que
2066 2506 34 22 M.
2127 2504 24 25 le
2172 2506 90 27 préfet
2285 2505 32 24 de

1597 2529 90 26 Police
1701 2538 34 17 en
1748 2533 74 24 auto.
1840 2535 129 25 Nouvelle
1983 2536 131 25 sonnerie
2127 2536 35 24 de
2177 2536 120 24 clairons
2316 2529 5 32 :

1598 2559 25 24 le
1637 2562 107 26 cortège
1761 2563 176 25 présidentiel
1954 2570 81 24 passe
2050 2571 37 18 au
2101 2567 71 26 petit
2185 2567 60 22 trot.

1625 2590 35 24 Le
1680 2593 145 27 président
1840 2594 110 25 Wilson
1967 2596 41 22 est
2027 2596 57 22 très
2101 2596 130 22 acclamé.
2254 2595 54 24 Visi-

1596 2619 122 26 blement
1740 2622 71 28 ému,
1834 2624 19 24 il
1879 2624 106 24 réDond
2006 2631 69 18 avec
2099 2626 145 27 cordialité
2265 2630 56 18 aux

1597 2650 201 26 acclamations
1814 2654 33 24 de
1864 2655 27 22 la
1904 2654 80 24 foule.
2004 2656 24 21 Il
2042 2656 41 21 est
2096 2656 13 21 2
2125 2655 27 22 h.
2169 2654 37 25 35.

1628 2679 80 26 Place
1724 2682 33 22 de
1772 2683 117 28 l'Opéra,
1909 2683 48 25 des
1970 2685 85 24 fleurs
2070 2686 64 22 sont
2146 2685 111 24 lancées
2275 2691 46 18 sur

1598 2709 24 24 le
1643 2711 109 26 cortège
1773 2718 51 24 par
1840 2714 50 24 des
1907 2714 106 25 soldats
2035 2715 161 25 canadiens,
2213 2717 107 22 massés

1598 2745 56 19 aux
1671 2741 120 26 fenêtres
1811 2743 32 25 de
1861 2743 61 26 leur
1937 2745 206 24 commissariat
2159 2745 120 27 général,
2297 2746 24 22 et

1598 2776 51 22 par
1671 2771 50 24 des
1740 2777 119 25 groupes
1883 2774 167 25 d'ouvrières
2069 2776 48 24 des
2140 2776 125 24 maisons
2288 2776 33 24 de

1596 2803 115 22 couture
1734 2803 125 26 voisines,
1885 2804 26 24 et
1936 2804 126 27 toujours
2083 2803 39 26 les
2145 2805 103 22 mêmes
2270 2805 39 22 cla-

1596 2833 94 20 meurs
1710 2837 28 18 se
1760 2831 125 27 répètent
1904 2833 231 25 inlassablement
2153 2842 6 18 :
2180 2843 12 12 «
2209 2835 67 25 Vive
2296 2835 25 25 le

1598 2859 143 28 président
1759 2862 106 25 Wilson
1886 2865 7 21 !
1909 2856 156 33 Viven#les
2082 2865 155 24 Etats-Unis
2257 2867 7 21 I
2282 2874 9 12 »

1624 2889 99 26 Juchés
1743 2897 50 19 sur
1807 2891 25 26 le
1851 2893 53 25 toit
1920 2893 81 25 d'une
2019 2894 107 25 voiture
2144 2893 176 28 automobile,

1597 2921 47 24 des
1658 2922 110 30 mpriiu
1787 2922 172 30 américains,
1977 2926 177 22 en-costume
2169 2923 64 25 bleu
2251 2929 53 19 som-

1593 2950 47 24 bre
1656 2952 27 22 et
1702 2952 94 25 coiffés
1814 2953 120 28 du-petit
1952 2954 103 24 bonnet
2074 2954 91 26 blanc,
2185 2954 135 25 scandent

1594 2980 33 24 de
1651 2981 155 27 vigoureux
1831 2982 120 27 hourras
1976 2989 54 24 que
2052 2983 27 24 la
2104 2983 74 24 foule
2199 2985 118 30 reprend

1592 3009 201 28 enthousiaste.
1975 3026 7 4 -
2003 3017 6 7 '

1624 3040 92 25 Même
1744 3041 146 30 affluence,
1916 3044 106 24 mêmes
2050 3044 270 26 applaudissements

1596 3069 60 25 tout
1674 3070 24 25 le
1716 3070 71 30 long
1804 3072 34 22 de
1854 3073 126 24 l'avenue
2001 3073 33 25 de
2050 3073 117 27 l'Opéra,
2185 3073 78 30 place
2283 3074 38 24 du

1594 3098 265 28 Théâtre-Français
1890 3103 26 24 et
1943 3107 48 20 rue
2021 3104 33 25 de
2085 3104 98 24 Rivoli.
2202 3105 37 22 La
2270 3110 50 18 rue

1596 3128 184 31 Saint-Denis,
1804 3133 28 25 la
1848 3132 79 27 place
1946 3133 37 22 du
2006 3133 124 25 Châtelet
2145 3135 27 24 et
2193 3135 126 24 l'avenue

1593 3158 122 26 Victoria
1735 3162 63 24 sont
1815 3163 92 25 noises
1929 3163 33 24 de
1977 3164 110 25 monde.
2108 3164 39 24 De
2165 3165 155 22 nombreux

1597 3189 113 24 curieux
1731 3193 64 22 sont
1818 3193 97 26 juchés
1938 3200 48 18 sur
2006 3193 39 25 les
2068 3195 104 24 arbres,
2193 3195 70 24 dont
2281 3194 39 24 les

1597 3219 149 26 premières
1767 3222 138 26 branches
1922 3224 64 22 sont
2003 3224 135 28 pourtant
2153 3226 129 24 difficiles
2303 3226 17 22 a

1596 3248 145 28 atteindre.

1624 3278 54 25 Sur
1701 3279 28 25 la
1750 3280 77 26 place
1848 3282 33 24 de
1905 3282 228 27 l'Hôtel-de-Ville.
2156 3283 33 25 de
2211 3283 106 32 chaque

1596 3308 59 25 côté
1678 3309 33 25 de
1740 3312 119 27 l'entrée,
1884 3318 54 19 une
1967 3313 76 25 foule
2065 3313 191 26 considérable
2277 3315 43 24 est

1596 3338 161 26 maintenue
1776 3347 51 21 par
1845 3348 38 18 un
1904 3344 56 24 fort
1975 3344 102 24 cordon
2100 3345 124 26 d'agents
2242 3345 25 24 et
2287 3345 32 24 de

1596 3369 99 26 gardes
1716 3371 190 28 municipaux.
1928 3374 51 25 Les
1996 3374 93 30 places
2111 3380 48 19 sur
2174 3376 41 24 les
2236 3376 70 24 estra-

1596 3398 56 26 des,
1683 3400 94 28 bancs,
1811 3405 167 24 escabeaux,
2009 3405 125 27 échelles,
2172 3406 26 21 et
2226 3406 93 22 autres

1594 3432 117 22 moyens
1733 3431 33 22 de
1785 3432 119 26 fortune,
1926 3433 64 25 sont
2010 3433 110 25 enlevés
2137 3436 17 24 à
2172 3435 148 30 n'importe

1593 3459 63 26 quel
1671 3461 70 24 prix.
1756 3461 56 25 Sur
1827 3463 48 24 des
1890 3464 163 24 immeubles
2072 3465 32 22 de
2118 3464 28 24 la
2160 3471 51 17 rue
2225 3467 32 24 de
2275 3465 30 22 Ri-

1596 3487 61 28 voli,
1672 3490 60 22 face
1781 3493 28 22 la
1822 3493 89 26 place,
1928 3494 74 24 deux
2017 3495 105 24 grands
2135 3495 116 24 calicots
2265 3495 41 24 voi-

1594 3520 99 24 sinent.
1710 3520 56 25 Sur
1781 3522 26 22 le
1820 3526 122 22 premier
1957 3526 40 22 est
2009 3526 70 24 écrit
2093 3533 7 15 :
2117 3534 11 11 «
2140 3524 139 26 Welcome
2296 3533 20 19 »,

1594 3549 26 21 et
1635 3554 48 18 sur
1696 3549 24 25 le
1735 3553 102 24 second
1853 3560 6 18 :
1873 3554 150 24 «Honneur
2029 3553 64 25 liux
2106 3554 96 24 Poilus
2217 3565 20 14 ».
2252 3555 50 24 Sou-

1593 3579 76 26 dain.
1685 3586 38 18 un
1743 3583 243 25 commandement
2001 3585 119 25 retentit.
2140 3586 50 22 T.es

1593 3608 37 24 du
1648 3609 39 21 96»
1704 3611 138 26 régiment
1859 3613 176 25 d'infanterie
2055 3614 46 27 qui
2119 3615 60 22 font
2198 3615 26 22 la
2246 3615 70 24 haie,

1594 3638 115 25 rendent
1730 3639 38 25 les
1787 3641 151 26 honneurs.
1958 3644 35 24 Le
2016 3644 107 31 cortège
2141 3644 177 28 présidentiel

1593 3667 143 27 débouche
1761 3671 33 24 de
1814 3671 126 25 l'avenue
1967 3674 128 24 Victoria.
2121 3676 57 22 Son
2199 3680 117 22 passage

1594 3698 40 24 est
1659 3700 78 24 salué
1761 3707 51 22 par
1837 3702 33 24 de
1892 3703 195 25 chaleureuses
2108 3703 201 26 acclamations

1593 3728 51 25 Les
1664 3731 159 22 mouchoirs
1843 3732 26 24 et
1886 3733 40 22 les
1946 3733 146 30 chapeaux
2109 3733 135 27 s'agitent.
2268 3735 48 24 Les

1593 3759 54 22 cris
1677 3759 32 25 de
1730 3767 7 18 :
1766 3769 12 13 «
1798 3762 66 25 Vive
1884 3762 106 26 Wilson
2014 3765 8 22 !
2052 3764 100 24 Vivent
2171 3763 39 27 les
2231 3765 86 24 Etats-

1593 3789 70 24 Unis
1688 3791 6 22 1
1719 3800 11 12 »
1754 3793 63 21 sont
1841 3793 116 27 poussés
1980 3800 51 22 par
2054 3793 27 25 la
2107 3793 78 26 foule
2204 3795 98 24 enthou-

1593 3819 92 26 siaste.
1704 3821 19 22 Il
1740 3821 41 24 est
1793 3821 27 24 14
1835 3822 26 22 h.
1878 3823 27 22 40
1920 3823 93 27 quand
2029 3824 27 22 la
2073 3824 120 28 pemière
2211 3826 105 25 voiture

1594 3849 37 22 du
1778 3852 89 24 arrive
1885 3853 17 24 à
1920 3852 98 26 l'Hôtel
2036 3853 33 25 de
2088 3853 77 25 Ville.

1670 3908 39 34 La
1729 3909 176 37 décoration
1924 3912 34 34 de
1976 3912 109 35 l'Hôtel
2105 3913 35 33 it
2157 3912 77 35 Ville

1623 3977 106 25 L'Hôtel
1749 3979 33 24 de
1798 3979 69 25 Ville
1887 3981 40 24 est
1943 3983 195 28 superbement
2153 3983 106 25 décoré.
2281 3984 37 24 La

1593 4012 69 20 cour
1680 4007 150 26 intérieure
1853 4011 52 24 fait
1928 4017 38 18 un
1989 4012 81 24 cadre
2094 4012 170 28 magnifique
2284 4015 33 22 de

1593 4037 124 25 lumière,
1740 4039 32 22 de
1788 4041 152 28 drapeaux,
1962 4041 33 25 de
2013 4042 83 24 fleurs
2111 4044 28 22 et
2159 4043 33 24 de
2207 4043 110 30 plantes

1592 4072 77 19 rares
1689 4074 35 19 au
1746 4068 92 26 Gloria
1859 4071 79 24 Victis
1963 4071 33 24 de
2015 4072 109 24 Mercié.
2146 4074 52 22 Les
2222 4074 94 24 salons

1594 4097 32 24 de
1648 4097 27 24 la
1698 4100 109 24 maison
1828 4106 148 20 commune
1997 4102 37 24 où
2056 4106 99 20 eurent
2173 4102 54 24 lieu
2255 4103 61 28 déjà

1592 4127 63 24 tant
1668 4128 32 24 de
1717 4129 158 28 splendides
1891 4131 163 28 réceptions,
2069 4133 64 24 sont
2147 4139 39 17 un
2200 4131 104 26 éblouis-

1593 4159 64 22 sant
1683 4157 83 25 décor
1791 4159 69 24 dont
1879 4160 39 24 les
1943 4162 93 22 motifs
2059 4162 176 28 principaux,
2256 4168 46 24 par-

1592 4186 60 24 tout
1671 4188 116 28 répétés,
1807 4191 63 22 sont
1885 4191 26 22 le
1931 4192 123 28 drapeau
2073 4192 129 24 national
2222 4193 78 24 améri-

1593 4217 64 24 cain
1677 4224 57 18 aux
1749 4218 28 24 48
1793 4219 97 24 étoiles
1907 4221 26 22 et
1952 4222 25 21 le
1994 4220 124 30 pavillon
2138 4222 178 27 présidentiel

1593 4244 71 27 bleu,
1687 4252 69 19 avec
1775 4247 91 28 l'aigle
1886 4251 178 24 surmontant
2083 4256 39 19 un
2143 4251 50 25 écu
2211 4258 57 18 aux
2289 4252 27 24 13

1592 4276 105 24 bandes
1719 4278 136 24 alternées
1870 4279 133 24 blanches
2021 4281 27 21 et
2063 4286 102 22 rouges
2180 4287 74 18 azur.

1623 4305 20 22 A
1661 4305 113 26 l'entrée
1794 4307 37 22 du
1851 4307 80 25 salon
1949 4315 28 19 se
1994 4310 126 24 tiennent
2135 4310 24 24 le
2177 4311 141 28 président

1593 4336 26 22 et
1638 4333 41 26 les
1700 4337 137 24 membres
1859 4336 37 25 du
1913 4339 107 24 bureau
2042 4341 37 22 du
2101 4341 110 22 Conseil
2226 4342 73 24 muni-

1592 4364 79 28 cipal,
1691 4365 24 22 le
1730 4365 90 28 préfet
1834 4367 33 25 de
1884 4368 27 22 la
1928 4368 80 25 Seine
2027 4370 27 22 et
2070 4369 25 24 le
2114 4370 89 28 préfet
2218 4371 33 24 de
2270 4377 31 22 po-

1593 4393 51 26 lice
1663 4396 47 27 qui
1728 4396 138 27 reçoivent
1885 4396 38 25 les
1941 4398 107 25 invités.

1592 4466 204 57 Discours
1824 4469 52 54 de
1902 4470 59 54 M.
1988 4470 51 56 A.
2067 4470 244 56 Mithouard

1689 4541 151 43 président
1858 4543 38 34 du
1913 4543 119 35 Conseil
2052 4545 163 44 municipal

1708 4611 144 26 Monsieur
1865 4615 25 22 le
1904 4612 154 30 Président,

1622 4651 50 24 J'ai
1693 4650 155 31 l'honneur,
1867 4659 34 18 en
1920 4654 131 30 présence
2072 4657 33 22 de
2125 4655 34 25 M.
2181 4659 22 21 le
2224 4655 73 25 Prési-

1593 4681 66 25 dent
1678 4683 34 22 de
1734 4683 26 22 la
1780 4683 177 34 itépublique,
1980 4684 34 22 de
2034 4690 69 19 vous
2125 4685 143 28 présenter
2288 4687 24 24 le

1593 4710 109 24 Conseil
1721 4713 149 28 municipal
1889 4714 32 24 de
1941 4716 77 25 Paris
2036 4717 25 21 et
2079 4716 27 28 je
2126 4721 43 18 me
2187 4714 54 30 fais
2261 4721 50 19 son

1597 4741 148 30 interprète
1776 4746 34 19 en
1841 4744 161 24 souhaitant
2034 4744 27 24 la
2093 4744 151 25 bienvenue
2276 4752 35 18 au

1594 4770 63 27 chef
1676 4772 33 22 de
1729 4774 70 21 cette
1817 4774 106 27 grande
1942 4774 97 24 nation
2057 4775 69 22 dont
2145 4775 25 21 le
2191 4781 119 22 secours,

1592 4804 152 21 survenant
1760 4802 18 21 à
1793 4801 103 24 l'heure
1912 4805 162 27 opportune,
2093 4809 17 17 a
2126 4805 25 22 si
2165 4805 131 22 heureuse-

1592 4831 77 24 ment
1682 4830 133 31 précipité
1831 4831 25 24 la
1871 4832 113 25 victoire
2000 4843 8 18 ;
2021 4834 17 22 à
2053 4834 136 24 l'honnête
2202 4835 110 22 homme

1594 4858 67 25 dont
1688 4861 26 21 la
1741 4861 158 24 conscience
1926 4863 43 27 fut
1995 4869 54 18 une
2075 4863 131 30 politique
2232 4865 26 22 et
2285 4865 26 24 la

1596 4889 110 30 loyauté
1723 4896 54 19 une
1795 4890 167 31 diplomatie.

1709 4929 136 30 Madame,

1624 4972 79 24 Paris
1736 4975 39 22 est
1806 4974 163 26 infiniment
2000 4975 126 24 heureux
2156 4976 25 22 et
2210 4975 99 25 touché

1593 5001 132 31 qu'ayant
1746 5003 187 28 accompagné
1954 5004 142 22 Monsieur
2115 5006 24 22 le
2158 5003 152 28 Président,

1591 5035 70 22 vous
1674 5035 67 25 ayez
1756 5031 63 24 bien
1832 5031 85 25 voulu
1930 5034 111 28 ajouter
2053 5034 18 24 à
2083 5035 69 22 cette
2166 5033 144 28 solennité,

1596 5061 22 22 le
1633 5062 111 22 charme
1762 5065 25 21 et
1802 5061 26 22 la
1844 5062 81 28 grâce
1942 5065 33 21 de
1989 5065 77 22 votre
2081 5062 139 31 présence.
2239 5065 72 22 Nous

1593 5091 113 25 savions
1737 5091 47 26 dès
1817 5092 164 31 longtemps,
2014 5096 74 20 votre
2120 5093 190 28 dévouement,

1592 5121 76 21 votre
1681 5120 112 26 activité
1806 5121 115 24 discrète
1936 5124 25 21 et
1974 5124 180 26 bienfaisante
2170 5128 56 18 aux
2238 5124 73 24 côtes

1593 5151 33 22 de
1641 5151 74 25 votre
1728 5150 105 24 illustre
1848 5151 98 30 époux,
1963 5153 71 22 mais
2048 5153 59 22 rien
2120 5157 35 19 ne
2171 5153 67 22 tient
2254 5156 58 20 tant

1594 5185 35 17 au
1656 5186 77 18 cœur
1754 5181 48 22 des
1828 5180 142 26 Parisiens
1996 5189 52 22 que
2073 5181 83 25 d'être
2180 5181 90 24 admis
2295 5183 17 24 à

1594 5211 143 22 connaître
1760 5215 70 19 ceux
1851 5213 47 26 qui
1919 5211 38 24 les
1978 5213 47 21 ont
2047 5213 115 27 conquis
2183 5217 52 24 par
2255 5212 57 24 leur

1596 5239 87 27 bonté.
1706 5241 80 24 Aussi
1806 5241 85 28 Paris,
1910 5246 53 24 par
1982 5246 46 19 ma
2046 5242 71 27 voix,
2138 5246 67 20 vous
2224 5242 73 25 accla-

1594 5274 43 19 me
1656 5271 25 21 et
1698 5270 100 30 dépose
1815 5272 17 20 à
1848 5275 48 22 vos
1915 5271 84 28 pieds,
2019 5271 133 25 Madame,
2172 5271 123 24 l'homma-

1594 5304 32 24 ge
1644 5300 32 24 de
1694 5306 31 18 sa
1741 5298 138 30 gratitude
1897 5301 26 25 et
1938 5301 32 24 de
1988 5306 51 19 son
2054 5302 113 27 respect.

1710 5339 142 26 Monsieur
1869 5341 24 24 le
1910 5342 152 27 Président,
2289 5349 8 15 <

1623 5381 70 27 C'est
1711 5387 65 20 avec
1795 5387 54 20 une
1867 5381 122 25 émotion
2004 5381 136 32 profonde
2158 5387 52 25 que
2229 5382 26 24 la
2272 5387 27 19 ca-

1594 5412 84 30 pitale
1700 5411 130 25 accueille
1851 5412 177 28 aujourd'hui
2048 5412 24 25 le
2092 5413 119 30 premier
2230 5411 70 32 prési-

1596 5441 64 25 dent
1689 5441 46 25 des
1766 5441 152 25 Etats-Unis
1949 5443 81 26 qu'on
2059 5443 38 25 ait
2125 5446 37 20 vu
2190 5443 123 26 franchir

2356 1274 110 26 l'Océan
2481 1278 25 22 et
2522 1278 79 22 notre
2617 1276 73 24 hôtel
2708 1276 32 24 de
2758 1274 69 30 ville,
2848 1277 116 22 berceau
2980 1278 47 24 des
3044 1277 20 24 li-

2357 1305 86 25 bertés
2464 1306 161 30 françaises,
2644 1306 119 24 inscrira
2780 1306 71 26 dans
2870 1310 41 20 ses
2930 1307 93 28 fastes,
3044 1312 30 18 ce

2354 1336 66 28 jour
2435 1336 35 22 où
2486 1336 20 25 il
2523 1336 38 24 lui
2578 1338 40 21 est
2634 1336 92 24 donné
2744 1336 32 22 de
2793 1336 123 24 recevoir
2934 1336 139 26 l'èminent

2355 1368 110 21 homme
2483 1365 89 24 d'Etat
2587 1364 33 26 dt
2639 1365 117 27 l'Union,
2774 1367 24 21 le
2815 1367 111 28 citoyen
2943 1367 37 22 du
2998 1370 57 19 mon-

2356 1395 40 27 de,
2418 1395 110 28 j'oserai
2548 1396 60 24 dire
2630 1395 22 24 le
2674 1396 91 28 grand
2784 1396 154 30 Européen,
2957 1396 67 25 dont
3046 1397 27 22 la

2355 1426 65 22 voix
2437 1426 156 28 devançant
2609 1427 27 22 la
2650 1426 122 27 victoire,
2787 1427 76 21 vient
2878 1427 33 22 de
2929 1424 112 25 convier
3056 1428 18 22 à

2355 1456 27 22 la
2395 1455 50 26 vie,
2461 1455 38 25 les
2513 1454 111 26 nations
2641 1455 163 30 opprimées.

2382 1485 126 25 Pendant
2522 1486 32 24 de
2569 1486 79 27 longs
2662 1483 79 28 mois,
2756 1489 51 19 nos
2820 1486 104 24 soldats
2939 1487 48 22 ont
3001 1491 53 18 com-

2354 1514 77 24 battu
2447 1519 66 19 avec
2530 1519 54 20 une
2601 1513 154 25 résolution
2771 1515 106 28 stoïque
2893 1519 72 26 pour
2980 1514 77 30 défen-

2355 1545 47 24 dre
2426 1545 26 22 le
2473 1545 41 22 sol
2537 1545 32 24 de
2591 1545 73 24 leurs
2688 1545 124 24 ancêtres
2833 1545 26 24 et
2883 1545 25 24 la
2929 1545 87 30 patrie
3039 1545 33 24 de

2356 1573 72 24 leurs
2448 1574 119 30 enfants.
2588 1574 31 24 Si
2636 1576 77 22 vaste
2733 1574 64 25 était
2816 1574 24 24 le
2858 1577 99 27 champ
2978 1576 33 24 de
3030 1576 30 22 ba-

2356 1604 81 27 taille,
2461 1604 22 24 si
2504 1610 83 24 grave
2608 1604 100 31 l'enjeu
2728 1604 33 26 de
2784 1604 27 24 la
2831 1610 106 25 guerre,
2960 1606 24 24 si
3006 1606 66 24 durs

2353 1641 26 21 et
2391 1635 25 24 si
2430 1633 174 25 douloureux
2617 1639 45 20 ces
2678 1633 79 31 longs
2773 1635 131 27 combats,
2921 1636 84 28 qu'un
3021 1636 38 24 lar-

2352 1670 33 24 ge
2405 1669 97 24 espace
2522 1665 32 22 de
2574 1665 87 30 temps
2682 1664 126 25 semblait
2828 1664 155 25 nécessaire
3001 1670 71 25 pour

2353 1693 71 30 faire
2441 1695 157 28 apparaître
2617 1701 34 18 en
2669 1695 89 30 pleine
2777 1695 92 27 clarté,
2889 1695 26 24 la
2930 1695 142 30 grandeur

2352 1724 33 22 de
2406 1722 59 25 leur
2484 1728 102 24 œuvre,
2606 1728 25 20 et
2648 1724 73 24 voici
2741 1729 52 25 que
2813 1723 202 34 l'éloiqnement
3035 1726 35 22 où

2353 1759 69 19 vous
2448 1754 65 25 étiez
2538 1754 38 22 du
2601 1754 104 25 théâtre
2731 1757 47 21 des
2805 1755 131 27 combats,
2962 1760 67 19 vous
3054 1760 18 19 a

2353 1782 102 30 permis
2480 1783 187 31 d'apercevoir
2691 1783 38 25 les
2753 1786 177 27 proportions
2956 1786 35 22 du
3015 1789 38 18 mo-

2353 1815 115 21 nument
2483 1812 80 28 qu'ils
2581 1813 170 25 bâtissaient.
2771 1814 71 24 Vbus
2858 1818 66 19 avez
2940 1813 130 30 devancé.

2354 1843 33 22 de
2401 1843 97 22 l'autre
2513 1843 58 25 côté
2585 1844 39 21 du
2636 1845 109 26 monde,
2761 1845 24 22 le
2797 1845 144 27 jugement
2955 1845 33 21 de
3002 1844 59 24 l'his-

2354 1872 74 21 toire.

2382 1902 96 26 Quelle
2497 1906 96 19 source
2611 1900 137 30 d'énergie
2767 1907 30 18 ce
2816 1902 43 28 fut
2876 1906 71 24 pour
2965 1907 43 20 ces
3027 1902 30 25 hé-

2353 1937 44 18 ros
2418 1937 52 22 que
2487 1932 159 22 d'entendre
2667 1933 58 21 tout
2744 1933 17 21 à
2779 1937 71 22 coup
2869 1933 113 22 retentir
3000 1933 70 26 dans

2354 1965 52 19 son
2427 1959 118 26 autorité
2569 1959 139 28 lointaine,
2733 1963 77 22 votre
2831 1962 96 30 parole
2949 1963 48 27 qui
3018 1965 40 20 res-

2353 1990 125 25 semblait
2491 1991 17 22 à.
2520 1990 27 24 la
2559 1991 66 22 voix
2636 1991 106 28 précise
2758 1993 32 21 de
2805 1993 27 22 la
2845 1990 139 31 postérité,
3000 1990 57 30 quel-

2354 2020 22 25 le
2396 2019 57 32 joie
2474 2019 167 26 d'accueillir
2661 2024 44 20 ces
2726 2026 149 20 nouveaux
2896 2021 85 30 frères
3005 2021 53 25 d'ar-

2352 2053 57 21 mes
2424 2052 48 27 qui
2486 2052 130 24 venaient
2631 2054 67 20 avec
2714 2057 37 18 un
2766 2052 117 24 sublime
2900 2050 72 28 élan,
2987 2049 71 27 récla-

2353 2085 60 19 mer
2427 2081 18 22 à
2463 2081 103 24 l'heure
2583 2081 27 22 la
2628 2080 63 35 plus
2709 2080 124 30 difficile,
2852 2081 61 24 leur
2929 2081 78 30 place
3024 2086 47 20 SUT

2354 2111 24 24 le
2394 2109 99 30 champ
2509 2111 33 22 de
2558 2109 110 25 bataille
2685 2111 9 24 I
2708 2111 69 27 Quel
2789 2112 129 28 puissant
2933 2111 138 28 réconfort

2355 2139 32 24 de
2408 2145 28 19 se
2457 2139 87 25 sentir
2563 2140 152 24 désormais
2739 2146 33 19 en
2792 2140 72 30 ligne
2884 2146 65 19 avec
2972 2141 27 25 la
3018 2143 40 27 glo-

2352 2170 90 24 rieuse
2459 2169 92 25 armée
2569 2171 37 24 du
2622 2169 112 31 général
2751 2170 145 31 Pershing,
2915 2172 156 28 vainqueur

2353 2200 33 22 de
2404 2199 154 30 l'Argonne.
2574 2200 90 27 Aussi,
2681 2202 78 22 notre
2776 2200 89 28 Paris,
2881 2204 58 22 tout
2955 2206 99 24 empres-

2352 2230 30 24 sé
2402 2230 33 22 de
2458 2230 169 30 contempler
2647 2231 70 22 dans
2738 2236 32 18 sa
2791 2235 137 25 personne
2949 2231 120 27 vivante,

2354 2259 73 25 celui
2446 2259 66 24 dont
2532 2259 20 24 il
2571 2265 35 18 ne
2629 2261 174 26 connaissait
2823 2261 125 32 jusqu'ici
2969 2267 52 22 que
3045 2262 26 24 la

2352 2289 94 30 parole
2471 2289 80 24 écrite
2577 2293 24 20 et
2626 2289 118 30 l'image,
2769 2290 100 22 revit-il
2891 2290 180 28 aujourd'hui

2353 2322 66 20 avec
2439 2324 53 18 une
2512 2319 130 26 intensité
2661 2320 158 33 poignante,
2841 2320 130 24 l'histoire
2991 2320 33 24 de
3045 2322 26 22 la

2354 2347 155 25 résolution
2535 2349 169 25 américaine
2730 2349 63 26 telle
2818 2349 98 30 qu'elle
2942 2352 64 22 s'est
3031 2348 27 25 dé-

2353 2378 92 24 roulée
2466 2378 69 26 dans
2555 2380 76 24 votre
2650 2380 161 24 conscience
2831 2385 57 19 aux
2904 2381 115 28 regards
3039 2381 32 22 de

2353 2408 141 22 l'unïers.

2381 2437 219 27 Profondément
2621 2437 78 26 émus
2720 2443 52 24 par
2792 2439 28 24 la
2839 2438 155 28 générosité
3015 2443 38 19 ma-

2354 2469 122 27 gnifique
2497 2473 67 18 avec
2585 2469 116 28 laquelle
2722 2474 48 19 vos
2792 2469 195 31 compatriotes
3007 2474 50 25 pan-

2354 2497 90 24 saient
2460 2503 51 19 nos
2531 2497 145 30 blessures,
2696 2498 70 25 dans
2785 2498 87 30 quelle
2890 2500 104 22 attente
3011 2502 18 22 à
3046 2502 26 22 la

2353 2526 54 30 fois
2430 2528 131 25 anxieuse
2584 2531 26 22 et
2633 2529 149 28 confiante,
2805 2533 35 19 ne
2864 2528 207 26 suivions-nous

2352 2563 51 24 pas
2418 2557 24 22 le
2456 2558 115 28 progrès
2584 2557 117 25 continu
2714 2559 32 22 de
2760 2559 77 22 votre
2850 2557 138 30 réflexion
3001 2561 26 22 et
3040 2561 32 24 de

2354 2593 48 19 vos
2424 2587 163 25 sentiments
2607 2588 9 24 !
2636 2588 71 24 Sous
2727 2590 25 22 le
2773 2591 47 21 ton
2842 2589 231 24 volontairement

2354 2617 109 22 mesuré
2483 2617 48 24 des
2548 2619 79 22 notes
2646 2620 26 22 et
2689 2619 47 25 des
2753 2623 151 22 messages,
2923 2622 71 20 nous
3012 2623 46 20 sen-

2354 2646 72 25 tions
2446 2649 110 21 monter
2574 2652 54 25 peu
2647 2648 17 22 à
2681 2653 56 25 peu
2758 2649 24 21 le
2802 2647 203 31 frémissement
3024 2649 47 22 des

2353 2676 102 24 saintes
2472 2675 111 26 colères.
3026 2679 8 12 •

2381 2705 94 26 Quelle
2492 2711 34 19 ne
2544 2707 44 28 fut
2602 2712 51 25 pas
2669 2709 78 21 notre
2766 2706 169 25 admiration
2954 2706 115 30 éblouie,

2354 2733 191 30 lorsqu'éclata
2568 2737 22 24 le
2613 2740 125 26 message
2759 2737 38 25 du
2816 2737 15 24 2
2849 2737 72 25 avril
2939 2738 65 27 1917,
3027 2737 45 28 qui

2352 2766 118 22 donnait
2484 2766 15 22 à
2512 2771 45 18 ces
2570 2765 97 25 débats
2681 2767 33 22 de
2727 2766 78 25 l'âme
2819 2766 177 28 américaine,
3013 2769 60 26 le,ur

2354 2796 126 28 suprême
2511 2796 162 25 conclusion
2700 2798 33 26 et,
2765 2797 109 28 suivant
2902 2796 22 25 le
2953 2802 58 20 mot
3040 2798 32 22 de

2353 2823 106 31 Pascal,
2485 2835 9 12 «
2520 2825 117 25 mettant
2661 2825 138 25 ensemble
2824 2826 27 22 la
2872 2826 100 28 justice
2996 2830 25 21 et
3046 2825 26 25 la

2350 2854 76 30 force
2443 2864 19 18 »,
2479 2854 120 26 décidait
2615 2859 72 25 pour
2701 2856 33 24 de
2753 2856 78 30 longs
2850 2856 104 30 siècles,
2973 2856 22 24 le
3013 2859 57 21 sort

2350 2884 33 24 de
2400 2882 163 28 Vhumaniti
2577 2887 59 22 tout
2649 2884 109 26 entière.

2381 2914 72 25 Nous
2474 2919 118 21 sommes
2615 2915 73 28 fiers.
2709 2914 143 26 Monsieur
2872 2917 24 22 le
2916 2915 152 28 Président,

2352 2944 32 21 de
2407 2949 69 19 vous
2500 2944 143 24 souhaiter
2666 2944 26 25 la
2715 2944 152 26 bienvenue
2890 2952 37 19 aju
2948 2952 66 19 nom
3037 2947 33 24 de

2354 2976 66 21 cette
2446 2974 116 30 capitale
2588 2981 52 22 que
2666 2981 31 17 sa
2721 2976 133 22 tradition
2880 2975 194 25 intellectuelle

2350 3006 122 26 emporte
2485 3004 208 25 éternellement
2707 3011 60 18 vers
2783 3006 27 22 la
2823 3004 86 26 vérité
2921 3006 47 24 des
2982 3008 87 26 temps

2350 3038 156 20 nouveaux.
2524 3035 80 21 Notre
2620 3037 87 26 patrie
2722 3037 70 21 n'est
2805 3043 51 21 pas
2872 3037 154 25 seulement
3040 3040 30 19 ce

2350 3063 135 26 territoire
2504 3063 148 26 bien-aimé
2669 3069 71 25 pour
2759 3065 26 24 la
2803 3064 146 26 libération
2967 3066 103 28 duquel

2354 3093 22 24 le
2394 3098 70 24 sang
2483 3094 47 24 des
2548 3094 47 28 fils
2611 3094 33 22 de
2662 3094 117 26 l'Union,
2798 3094 77 25 vient
2890 3096 33 22 de
2942 3102 27 18 se
2987 3096 85 24 mêler

2350 3128 35 19 au
2407 3128 70 24 sang
2498 3124 47 22 des
2568 3124 45 28 fils
2635 3125 33 21 de
2689 3125 113 22 France.
2825 3126 39 21 La
2884 3126 97 27 patrie,
3005 3126 64 21 c'est

2349 3154 78 24 aussi
2450 3159 72 22 pour
2544 3158 78 24 nous,
2648 3156 26 22 et
2696 3159 52 25 par
2772 3155 59 24 voie
2856 3154 158 31 d'héritage,
3041 3155 26 24 la

2348 3183 106 28 justice,
2472 3183 24 24 le
2513 3184 54 22 bon
2583 3190 63 18 sens
2662 3187 25 22 et
2704 3185 154 22 l'honneur.
2874 3187 31 21 Et
2917 3190 84 24 parce
3017 3189 52 24 que

2350 3217 69 19 vous
2434 3217 94 24 venez,
2546 3220 37 18 au
2598 3219 66 19 nom
2681 3215 33 24 de
2731 3216 87 22 toutes
2836 3220 44 19 ces
2895 3214 96 25 nobles
3007 3215 46 24 cho-

2350 3247 51 24 ses,
2418 3248 70 20 nous
2503 3248 83 19 osons
2603 3244 178 28 aujourd'hui
2797 3249 67 19 vous
2881 3243 112 31 appeler
3008 3254 11 12 «
3035 3244 22 24 ci-

2353 3272 80 28 toyen
2453 3273 32 24 de
2505 3272 86 26 Paris.
2615 3283 9 12 »

2381 3304 125 27 Itecevez.
2531 3304 143 25 Monsieur
2698 3304 24 25 le
2746 3304 151 27 Président,
2923 3305 38 25 les
2987 3309 83 19 vœux

2352 3334 118 22 sincères
2492 3335 32 21 de
2544 3337 78 21 notre
2644 3334 71 27 ville,
2740 3335 59 22 hier
2822 3340 63 18 sous
2908 3337 27 21 la
2955 3340 113 18 menace

2352 3363 48 25 des
2418 3364 100 25 Bertha
2529 3363 31 26 'et
2576 3364 46 26 des
2642 3365 94 27 Gotha,
2756 3370 64 19 sous
2837 3366 27 22 la
2882 3364 124 25 citadelle
3022 3365 47 24 des

2352 3392 110 24 libertés
2484 3394 37 22 du
2541 3394 109 26 monde,
2674 3394 178 27 aujourd'hui
2874 3394 63 24 ville
2957 3397 112 22 ouverte

2352 3424 17 22 il
2387 3425 87 21 tontes
2492 3422 38 26 les
2549 3424 74 24 idées
2642 3424 97 24 nobles
2758 3426 25 21 et
2800 3423 165 31 généreuses
2986 3428 26 21 et.
3030 3430 27 18 sa-

2353 3454 76 22 luant
2454 3458 65 18 avec
2546 3454 206 25 enthousiasme
2777 3454 70 25 dans
2874 3455 22 22 le
2922 3455 90 27 grand
3035 3455 24 22 ci-

2350 3483 83 28 toyen
2461 3482 96 30 qu'elle
2585 3489 18 17 a
2633 3483 146 24 l'honneur
2807 3485 32 21 de
2868 3485 131 27 recevoir,
3028 3488 38 20 un

2348 3507 73 30 iÛéal
2439 3516 129 21 nouveau
2583 3514 48 27 qui
2647 3514 77 25 vient
2740 3514 18 24 à
2774 3513 57 26 elle.

2396 3583 207 54 Discours
2640 3583 53 54 de
2732 3583 58 54 M.
2825 3583 196 54 Autrand

2555 3656 97 46 préfet
2672 3657 35 34 de
2722 3657 28 34 la
2771 3656 90 37 Seine

2378 3741 84 28 Après
2480 3741 35 22 M.
2537 3741 28 26 A.
2584 3741 169 27 Mithouard,
2774 3741 34 24 M.
2829 3741 132 30 Autrand,
2981 3741 87 30 préfet

2348 3771 33 24 de
2396 3770 26 24 la
2440 3770 91 28 Seine,
2550 3770 54 28 prit
2617 3770 27 24 la
2661 3771 96 27 parole
2773 3772 26 21 et
2817 3771 39 24 dit
2872 3772 174 22 notamment
3065 3770 4 28 :

2379 3821 11 12 «
2407 3813 40 24 Au
2463 3817 81 19 cours
2562 3813 38 24 du
2615 3813 96 25 drame
2730 3814 78 26 inouï
2823 3814 47 30 qui
2885 3814 76 24 vient
2976 3813 33 25 de
3027 3813 28 25 dé-

2348 3842 93 22 rouler
2453 3848 50 18 sur
2518 3843 72 22 terre
2603 3843 28 24 et
2648 3849 48 17 sur
2714 3849 58 17 mer
2785 3850 46 17 ses
2848 3844 163 27 sanglantes
3027 3844 28 27 pé-

2347 3872 119 30 ripéties,
2484 3875 76 21 votre
2576 3878 76 20 cœur
2668 3874 141 28 généreux
2824 3882 17 17 a
2857 3874 77 24 vibré
2947 3875 18 22 à
2979 3874 90 24 toutes

2348 3904 40 22 les
2407 3904 123 24 misères.
2551 3904 24 24 Il
2590 3904 64 25 s'est
2674 3905 111 28 ingénié
2805 3906 17 22 à
2837 3904 125 25 secourir
2980 3906 89 22 toutes

2346 3933 41 22 les
2411 3933 120 27 grandes
2559 3934 165 26 infortunes.
2751 3935 145 22 Comment
2922 3934 146 24 énumérer

2348 3961 39 25 les
2402 3963 133 26 bienfaits
2557 3964 204 25 innombrables
2780 3965 33 24 de
2831 3966 27 22 la
2877 3964 104 25 charité
2999 3965 53 24 amé-

2348 3992 111 28 ricain,e
2489 3993 139 28 vigilante,
2657 3994 178 30 méthodique
2859 3996 27 21 et
2913 3994 117 24 discrète
3059 3994 9 22 ?

2347 4022 72 25 Mais
2439 4023 24 24 si
2480 4028 70 20 vous
2570 4029 67 19 vous
2655 4025 57 24 êtes
2730 4025 91 22 donné
2841 4024 228 30 passionnément

2347 4054 15 22 à
2385 4051 26 24 la
2433 4054 117 22 mission
2576 4054 143 25 d'adoucir
2740 4055 39 25 les
2805 4061 84 18 maux
2911 4055 157 27 engendrés

2346 4087 53 24 par
2414 4082 26 24 la
2459 4088 107 24 guerre,
2588 4084 77 24 votre
2683 4084 64 28 plus
2764 4087 71 21 beau
2851 4085 61 25 titre
2931 4084 34 24 de
2982 4084 85 28 gloire

2347 4117 61 18 sera
2428 4113 31 22 de
2479 4119 70 19 vous
2567 4114 56 25 être
2640 4114 93 25 dressé
2753 4120 105 19 comme
2877 4115 25 24 le
2919 4115 148 30 champion

2347 4142 119 24 définitif
2484 4143 32 24 de
2536 4144 28 22 la
2580 4149 85 20 cause
2680 4144 33 24 de
2732 4144 26 24 la
2777 4144 110 26 Justice.
2909 4152 12 13 »

2420 4214 207 54 Discours
2654 4217 52 52 de
2732 4215 59 53 M.
2822 4215 69 53 Wi
2909 4233 81 37 son

2461 4311 142 24 Monsieur
2622 4313 25 22 le
2666 4312 154 28 Président,
2867 4309 8 13 '

2380 4351 76 22 Votre
2481 4352 107 22 accueil
2613 4357 17 17 a
2655 4352 110 24 soulevé
2791 4354 44 22 erf
2849 4354 58 22 moi
2931 4354 60 25 bien
3015 4354 46 24 des

2346 4380 146 26 émotions.

2374 4410 34 24 Ce
2428 4410 70 24 n'est
2516 4416 50 22 pas
2587 4413 85 21 certes
2692 4416 67 20 avec
2779 4411 46 25 des
2846 4413 162 24 sentiments
3030 4413 32 24 de

2347 4439 98 25 banale
2472 4439 156 31 sympathie
2654 4444 52 24 que
2732 4440 24 25 le
2780 4442 99 28 peuple
2904 4442 47 24 des
2978 4442 85 22 Etats-

2346 4470 74 27 Unis,
2435 4474 37 18 au
2486 4474 65 19 nom
2565 4470 33 22 de
2613 4474 48 24 qui
2673 4470 47 27 J'ai
2734 4470 24 24 le
2771 4469 132 31 privilège
2916 4472 32 24 de
2962 4472 98 33 parler,

2343 4504 18 19 a
2385 4504 35 20 vu
2445 4498 35 25 les
2506 4499 175 30 souffrances
2706 4499 37 25 du
2766 4501 100 28 peuple
2890 4501 33 22 de
2948 4502 111 22 France.

2343 4528 116 22 Nombre
2483 4530 32 22 de
2537 4533 67 25 gens
2627 4530 91 28 parmi
2740 4532 78 22 notre
2841 4535 99 25 propre
2962 4530 98 31 peuple

2344 4561 47 21 ont
2413 4554 40 27 élé
2476 4559 154 22 eux-memc
2631 4569 11 17 s
2665 4558 117 26 témoins
2805 4560 32 24 de
2857 4566 45 18 ces
2923 4561 123 27 souffran-

2344 4592 51 20 ces.
2420 4589 72 24 Nous
2515 4593 87 19 avons
2623 4589 41 25 été
2687 4589 124 25 d'autant
2832 4589 63 31 plus
2916 4589 129 31 profondé-

2343 4618 77 22 ment
2437 4618 77 22 émus
2529 4623 52 25 par
2596 4618 146 30 l'injustice
2759 4619 33 22 de
2810 4619 67 24 cette
2894 4624 98 24 guerre
3009 4622 52 26 que

2342 4651 72 19 nous
2431 4648 110 24 savions
2558 4648 33 30 dç
2609 4648 87 28 quelle
2714 4649 123 25 manière
2856 4648 48 25 elle
2922 4649 66 25 était
3004 4654 44 25 per-

2342 4676 100 30 pétrée.
2463 4677 30 22 Je
2510 4681 34 19 ne
2564 4676 131 25 voudrais
2714 4683 50 22 pas
2785 4684 52 21 que
2855 4683 67 17 vous
2941 4678 119 28 puissiez

2342 4710 109 24 penser,
2479 4711 81 22 parce
2590 4713 52 21 que
2672 4707 133 25 l'étendue
2835 4708 65 24 d'un
2929 4708 132 24 immense

2344 4735 85 24 océan
2447 4739 71 20 nous
2537 4734 105 31 sépare,
2663 4742 51 22 que
2733 4742 71 18 nous
2823 4737 115 24 n'avons
2955 4742 50 22 pas
3025 4743 35 21 pu

2342 4769 71 19 nous
2427 4765 102 24 rendre
2541 4767 107 27 compte
2662 4766 204 28 effectivement
2881 4767 33 24 de
2928 4767 27 22 la
2968 4765 77 26 dévas-

2344 4794 85 22 tation
2448 4794 176 24 abominable
2644 4795 33 22 de
2695 4798 77 21 votre
2792 4801 67 22 pays
2878 4798 26 21 et
2923 4795 46 24 des
2988 4796 59 27 souf-

2343 4824 110 27 frances
2473 4822 116 25 cruelles
2609 4825 47 27 qui
2674 4830 67 20 vous
2761 4828 48 21 ont
2829 4824 41 25 été
2890 4824 125 30 infligées
3037 4825 25 24 et

2343 4854 52 26 que
2413 4858 33 18 ne
2465 4853 105 25 saurait
2585 4853 123 28 justifier
2726 4859 107 19 aucune
2850 4854 142 24 nécessité.
3012 4856 48 22 Ces

2343 4881 175 28 souffrances
2539 4886 47 21 ont
2607 4884 98 28 rempli
2725 4889 51 21 nos
2798 4889 89 19 cœurs
2909 4881 138 31 d'indigna-

2343 4909 66 22 tion.

2374 4941 71 22 Nous
2466 4945 103 19 savons
2588 4945 56 19 non
2663 4943 154 24 seulement
2836 4948 28 19 ce
2885 4942 110 28 qu'elles
3015 4945 46 21 ont

2344 4969 50 27 été,
2415 4970 69 22 mais
2506 4974 98 20 encore
2624 4977 30 17 ce
2674 4972 111 27 qu'elles
2806 4970 180 30 signifiaient.
3009 4974 52 21 Nos

2346 5004 87 19 cœurs
2453 5006 48 21 ont
2520 4998 40 25 été
2580 5001 113 25 touchés
2712 5006 35 19 au
2765 5002 43 28 vif
2824 5004 26 21 et
2869 5002 77 22 notre
2967 5001 78 30 imagi-

2344 5029 97 22 nation
2458 5029 98 28 emplie
2574 5030 33 22 de
2624 5031 27 22 la
2667 5031 89 22 vision
2771 5031 33 22 de
2820 5036 30 18 ce
2868 5036 51 22 que
2936 5031 25 21 la
2980 5031 66 22 Fran-

2346 5065 28 18 ce
2393 5061 26 22 et
2435 5057 28 24 la
2480 5057 130 31 Belgique
2629 5065 35 18 en
2680 5059 170 31 particulier,
2869 5063 48 20 ont
2934 5060 67 24 subi.

2374 5088 99 27 Quand
2499 5087 37 25 les
2563 5089 150 24 Etats-Unis
2739 5093 63 21 sont
2825 5088 90 26 entrés
2941 5091 70 24 dans
3035 5088 26 22 la

2343 5124 107 22 guerre,
2474 5124 30 18 ce
2523 5124 35 19 ne
2581 5119 41 27 lut
2643 5119 71 24 donc
2735 5125 50 24 pas
2809 5119 150 24 seulement
2980 5124 81 25 parce

2346 5146 79 30 qu'ils
2441 5147 103 25 étaient
2558 5150 169 22 convaincus
2741 5153 52 24 que
2810 5150 24 22 le
2850 5148 46 24 but
2910 5150 47 21 des
2974 5150 71 27 Empi-

2344 5183 41 18 res
2401 5177 141 24 Centraux
2556 5178 65 24 était
2635 5178 104 28 injuste
2754 5181 25 20 et
2793 5184 52 24 que
2861 5179 60 22 tous
2935 5179 38 22 les
2987 5179 57 22 hom-

2344 5211 57 18 mes
2417 5206 47 27 qui
2477 5206 131 25 aimaient
2621 5206 26 24 la
2661 5207 97 24 liberté
2771 5210 25 22 et
2810 5209 22 22 le
2846 5205 73 26 droit
2934 5207 128 26 devaient

2346 5236 39 30 s'y
2404 5241 125 24 opposer,
2549 5241 30 19 ce
2597 5237 41 28 fut
2657 5237 74 24 aussi
2750 5242 81 25 parce
2851 5242 51 25 que
2921 5237 39 24 les
2979 5236 66 24 ambi-

2346 5267 70 21 tions
2440 5264 106 27 illicites
2572 5271 51 22 que
2647 5267 203 24 nourrissaient
2875 5267 38 24 les
2939 5267 123 33 Empires

2346 5293 139 26 Centraux
2510 5296 25 22 et
2561 5294 79 31 qu'ils
2667 5294 187 32 s'efforçaient
2880 5296 33 24 de
2939 5295 122 30 réaliser,

2346 5324 38 25 les
2404 5324 111 25 avalent
2532 5324 125 25 conduits
2676 5326 17 24 à
2712 5326 46 24 des
2777 5326 141 28 pratiques
2936 5326 47 28 qui
3001 5326 60 24 cho•

2346 5354 111 28 quaient
2480 5359 50 19 nos
2555 5357 89 20 cœurs
2668 5354 97 26 autant
2791 5354 78 30 qu'ils
2895 5355 167 28 offensaient

2346 5388 50 18 nos
2413 5382 128 31 prlctpcs.
2559 5383 79 25 Notre
2654 5383 150 25 résolution
2822 5391 17 18 a
2855 5383 40 25 été
2913 5383 73 30 prise
3004 5389 44 24 par-

2344 5418 28 19 ce
2398 5417 51 25 que
2471 5418 71 19 nous
2567 5413 111 24 savions
2701 5413 125 25 combien
2850 5413 211 30 profondément

2344 5443 39 24 les
2400 5443 104 28 grands
2520 5440 139 31 principes
2679 5443 37 24 du
2732 5443 72 26 droit
2823 5443 102 25 étaient
2942 5444 117 25 atteints.

3112 1279 70 24 Mais
3201 1284 50 19 nos
3273 1284 86 21 cœurs
3378 1281 78 24 aussi
3475 1286 28 19 se
3524 1285 61 21 sont
3606 1284 77 25 tmus
3702 1284 124 28 d'accord

3107 1313 66 20 avec
3191 1309 78 24 noire
3286 1310 161 24 résolution.

3221 1351 141 24 Monsieur
3377 1351 22 25 le
3413 1350 154 31 Président,

3143 1394 69 22 Vous
3234 1397 65 19 avez
3320 1395 41 22 été
3383 1394 196 26 extrêmement
3599 1395 141 28 généreux
3757 1403 69 24 pom.

3109 1422 53 24 moi
3176 1422 70 26 dans
3262 1424 58 22 tout
3335 1429 30 18 ce
3379 1429 52 22 que
3446 1429 69 19 vous
3531 1429 67 19 axez
3613 1431 34 17 eu
3663 1426 27 22 la
3703 1417 123 38 gracieui

3110 1453 54 22 seté
3182 1454 33 21 de
3231 1457 46 21 jne
3296 1453 67 27 dire,
3384 1454 142 27 généreux
3542 1454 111 25 au-delà
3671 1456 33 22 de
3724 1461 28 20 ce
3774 1461 52 25 que

3106 1481 92 24 valent
3211 1487 58 19 mes
3283 1481 110 26 mérites
3407 1483 171 30 personnels,
3593 1485 69 24 mais
3677 1489 67 21 vous
3759 1482 66 33 avej

3106 1512 148 28 interprété
3268 1518 66 18 avec
3348 1518 56 18 une
3417 1519 61 17 rare
3493 1513 85 25 vérité
3593 1514 38 25 les
3644 1515 94 28 motifs
3754 1518 33 21 de
3801 1517 25 24 la

3109 1540 151 25 résolution
3280 1543 37 24 du
3334 1544 99 28 peuple
3454 1545 47 21 des
3521 1545 162 24 Etats-Unis.
3704 1546 70 24 C'est
3794 1547 32 24 de

3110 1571 38 24 lui
3162 1577 52 22 que
3229 1572 27 28 je
3273 1572 69 24 tiens
3359 1573 73 25 toute
3619 1580 52 25 que
3686 1576 116 28 j'exerce
3820 1579 6 20 i

3107 1604 73 21 toute
3196 1603 136 24 l'autorité
3348 1605 46 27 qui
3410 1606 65 27 peut
3491 1610 124 25 appuyer
3631 1609 58 21 mes
3705 1597 120 38 paroles]

3109 1630 30 25 Je
3156 1631 56 26 sais
3229 1637 30 20 ce
3276 1632 69 30 qu'il
3360 1639 18 18 a
3392 1633 93 30 pensé,
3502 1636 27 27 je
3548 1637 56 22 sais
3622 1642 28 18 ce
3670 1637 66 27 qu'il
3751 1643 17 17 a
3784 1626 41 37 dé{

3110 1662 53 24 siré
3183 1665 26 22 et
3228 1663 110 28 lorsque
3358 1664 48 28 j'ai
3425 1667 123 27 exprimé
3568 1670 30 19 ce
3619 1671 51 24 que
3689 1667 28 28 je
3736 1668 90 22 savais

3109 1694 54 22 être
3180 1693 69 24 dans
3266 1698 50 18 son
3332 1693 92 30 esprit,
3442 1695 59 24 cela
3517 1701 15 17 a
3549 1695 40 25 été
3606 1695 137 26 tiélicieux
3756 1701 70 25 pour

3109 1722 57 22 moi
3183 1723 34 22 de
3236 1723 61 22 voir
3317 1729 66 18 avec
3403 1724 86 28 quelle
3508 1726 163 27 unanimité,
3692 1726 39 24 les
3752 1731 59 19 cons-

3110 1752 104 24 ciences
3234 1754 33 21 de
3286 1757 43 21 ces
3350 1755 124 22 hommes
3495 1754 81 25 libres
3599 1761 26 18 se
3645 1755 181 28 répandaient

3110 1781 32 24 de
3157 1783 122 27 partout.

3133 1812 73 22 Nous
3222 1815 86 20 avons
3325 1813 176 28 simplement
3515 1813 83 25 établi
3612 1815 78 24 notre
3705 1815 72 26 droit
3791 1814 33 22 de

3104 1845 71 20 nous
3195 1840 122 26 associer
3335 1847 33 18 en
3391 1844 94 22 intime
3506 1841 87 25 union
3614 1848 65 19 avec
3702 1844 38 24 Us
3759 1848 50 24 peu-

3107 1870 58 28 ples
3182 1872 54 26 qui,
3254 1872 32 22 de
3300 1877 53 22 par
3367 1872 24 22 le
3406 1872 109 26 monde,
3530 1873 126 24 rivèrent
3672 1874 25 22 le
3713 1873 72 25 droit
3802 1876 24 22 et

3105 1900 182 27 poursuivent
3307 1900 220 30 inflexiblement
3548 1904 25 21 le
3593 1904 84 27 règne
3698 1905 33 21 de
3752 1904 26 22 la
3798 1904 27 22 VA

3107 1931 74 22 berté
3198 1932 26 22 et
3241 1931 78 25 de.la
3335 1932 106 27 justice.

3139 1961 69 22 Vous
3234 1965 65 19 avez
3321 1962 50 27 fait
3392 1968 52 22 que
3465 1963 27 28 je
3515 1969 44 17 me
3580 1968 63 19 sens
3666 1963 159 25 réellement

3107 1990 64 24 chez
3185 1991 58 22 moi
3259 1989 43 28 ici,
3319 1997 56 18 non
3391 1996 48 25 pas
3456 1991 152 25 seulement
3621 1994 17 22 à
3654 1998 81 18 cause
3751 1993 32 24 de
3800 1993 26 28 la,

3109 2021 113 24 chaleur
3244 2022 22 24 si
3287 2022 162 25 charmante
3469 2022 33 24 de
3523 2024 76 21 votre
3619 2022 112 27 accueil.
3754 2023 71 24 rMis

3109 2053 77 22 ausii
3213 2056 51 25 par
3291 2052 27 22 la
3344 2053 83 28 façon
3455 2053 66 22 dont
3548 2057 67 19 vtms
3644 2054 103 21 m'avez
3776 2053 50 26 fait

3105 2079 122 30 réaliser,
3243 2082 22 25 si
3282 2082 216 30 complètcm-rnl.
3519 2083 111 24 Pir.tfrie
3647 2087 159 20 communau-

3109 2111 24 24 té
3152 2113 33 21 de
3206 2112 100 30 pensée
3327 2114 26 22 et
3372 2113 102 25 d'idéal
3495 2114 46 27 qui
3562 2113 163 25 caractérise
3745 2113 80 26 votri

3106 2140 99 31 peuple
3222 2146 25 20 et
3266 2144 26 22 la
3308 2144 105 28 grande
3430 2145 98 21 nation
3547 2150 51 22 que
3617 2143 47 28 fai
3680 2144 145 22 l'honneur

3106 2171 32 24 de
3158 2172 174 28 représenter
3351 2174 201 24 actuellement.

3141 2203 77 22 Votre
3241 2204 112 25 accueil,
3377 2204 124 25 l'accueil
3522 2205 33 22 de
3576 2204 89 26 Paris,
3687 2204 26 27 je
3736 2209 44 18 me
3803 2203 22 22 le

3107 2231 171 30 rappellerai
3291 2235 125 25 toujours
3431 2239 109 18 comme
3555 2239 40 18 un
3609 2233 132 24 souvenir
3756 2231 57 25 vrai-

3107 2265 74 21 ment
3201 2263 103 28 unique
3324 2264 33 24 de
3376 2270 46 17 ma
3441 2263 44 25 vie
3506 2270 25 19 <•>.
3550 2264 59 24 bien
3632 2270 51 17 nue
3700 2263 27 28 je
3748 2263 77 22 sente

3107 2296 52 22 que
3182 2293 65 24 c'est
3269 2293 22 24 le
3312 2295 99 27 peuple
3435 2296 47 24 des
3506 2295 151 22 Elats-Urâf
3680 2298 52 18 eue
3756 2296 70 20 «ou*

3106 2322 122 25 honorez
3247 2329 33 18 en
3301 2329 45 18 ma
3367 2329 146 21 -persorne,
3534 2324 20 30 f
3555 2323 167 27 emporterai
3742 2323 70 25 vé-.tz-

3105 2354 99 26 moins,
3223 2359 67 19 avec
3306 2355 70 25 moi,-
3387 2360 54 18 une
3461 2355 53 24 très
3530 2354 63 24 vive
3609 2355 25 21 et

3105 2382 139 28 gratitude
3260 2385 32 24 de
3306 2388 44 19 ces
3365 2385 78 28 jours
3457 2382 191 31 mémorables.
3665 2383 161 26 Permetter,

3106 2413 57 24 moi
3180 2414 33 22 de
3228 2420 70 18 vous
3315 2415 146 24 remercier
3476 2415 38 24 du
3529 2414 69 25 fmd
3613 2415 38 22 dv
3667 2420 76 18 erpvr

3136 2457 85 27 Après
3243 2458 40 22 les
3307 2458 135 26 discours,
3463 2458 148 24 offrante
3630 2458 65 25 bras
3716 2458 13 22 è
3755 2458 70 22 Mnrve

3107 2486 144 27 Raymond
3270 2489 143 27 Poincaré,
3430 2487 74 25 alors
3521 2494 56 22 que
3592 2490 25 22 le
3633 2487 146 24 Présw'ent
3796 2487 30 24 ds

3105 2517 28 22 la
3157 2517 171 30 République
3356 2519 69 22 offre
3450 2518 24 25 le
3497 2519 60 24 sien
3580 2519 17 24 à
3619 2519 72 24 Mme
3713 2517 112 28 Wi'wvn,

3105 2546 35 24 M.
3162 2548 146 22 Woodrow
3328 2549 105 22 Wilson
3452 2549 40 24 est
3510 2549 116 24 conduit
3643 2549 71 22 dans
3732 2549 40 22 'es
3787 2554 26 18 sa-

3104 2576 64 24 lons
3182 2576 33 24 de
3227 2577 99 24 l'Hôtel
3339 2578 33 22 de
3383 2578 69 24 Ville
3465 2578 34 22 où
3515 2578 39 24 les
3568 2578 99 22 invités
3680 2580 33 22 de
3725 2578 28 22 la
3769 2583 57 21 nu<

3105 2606 138 28 nicipalité
3269 2608 171 25 l'acclament
3464 2608 242 31 frénétiquement.

3170 2676 81 35 Dans
3269 2678 45 34 les
3332 2678 104 35 saîons
3456 2678 33 34 de
3507 2676 107 35 l'Hô»?'
3633 2676 34 35 &
3681 2676 78 35 ViîV

3135 2752 58 24 Une
3217 2753 172 28 Alsacienne,
3417 2760 33 18 en
3471 2754 123 25 costume
3617 2754 33 24 de
3673 2759 51 19 son
3748 2760 78 24 pay>.

3105 2781 70 25 offre
3190 2790 38 17 un
3243 2784 122 31 bouquet
3379 2790 38 19 au
3431 2785 152 25 Président.
3604 2785 22 24 Il
3643 2785 41 24 est
3702 2786 109 26 impossi-

3104 2810 44 25 ble
3169 2812 163 28 d'imaginer
3352 2819 38 18 un
3413 2815 136 28 spectacle
3568 2816 63 28 plus
3650 2817 161 24 Impression-

3105 2843 77 24 nant.
3203 2843 37 24 O
3266 2849 34 20 ne
3325 2846 64 22 sont
3411 2851 53 24 que
3490 2846 47 24 des
3562 2846 53 24 cris
3637 2846 106 28 répétés
3763 2846 34 25 de
3819 2850 7 21 I

3106 2881 11 12 «
3131 2872 64 24 Vive
3210 2875 103 24 Wilson
3332 2876 6 22 !
3353 2884 11 12 >
3380 2876 24 24 et
3420 2876 48 25 des
3482 2877 272 28 applaudissements
3765 2877 60 30 chaj

3104 2900 123 30 leurenx.

3133 2933 155 27 Souriants,
3313 2937 76 24 ravis
3409 2939 27 22 et
3463 2939 86 28 émus,
3578 2937 24 22 le
3630 2939 146 22 Président
3798 2936 25 24 a

3104 2962 72 25 Mme
3189 2965 107 24 Wilson
3311 2972 34 18 ne
3357 2968 109 24 cessent
3480 2968 33 24 de
3527 2968 155 24 remercier.

3104 2993 9 8 *
3133 2993 35 24 Le
3183 2994 115 26 général
3311 2996 138 30 Pershing
3463 2999 26 22 et
3503 2998 120 25 l'amiral
3638 2999 111 24 Benson
3764 3000 56 22 sort

3105 3021 154 27 également
3279 3026 92 27 l'objet
3390 3028 34 24 de
3449 3028 196 25 chaleureuses
3666 3030 156 22 manifesta»

3104 3053 83 24 tions.
3204 3056 40 22 Au
3261 3058 124 21 moment
3399 3058 35 24 où
3448 3059 37 24 ils
3496 3059 148 27 pénètrent,
3659 3059 71 25 dans
3744 3059 25 24 le
3787 3065 26 19 sa-

3104 3081 46 24 lon
3171 3084 48 25 des
3237 3086 128 26 Arcades,
3387 3089 40 24 les
3450 3090 150 24 chanteurs
3621 3090 34 24 de
3674 3090 137 25 Saint-Ger-

3105 3113 58 22 vais
3176 3120 27 17 se
3219 3116 61 24 font
3291 3118 143 26 entendre,
3450 3120 71 22 mais
3534 3120 76 22 leurs
3621 3120 66 25 voix
3699 3120 64 22 sont
3776 3125 50 24 par

3104 3143 118 26 instants
3241 3148 143 22 couvertes
3397 3154 53 19 par
3467 3149 39 24 les
3523 3150 90 24 vivats
3628 3150 37 24 du
3680 3150 100 25 public.

3132 3174 107 25 Devant
3273 3182 37 18 un
3341 3177 87 24 buffet
3458 3181 249 26 magnifl.-ruement
3737 3182 89 22 fleurL

3104 3202 33 25 M.
3163 3203 100 25 Adrien
3285 3208 168 26 Mithonard.
3475 3210 119 24 nrenant
3611 3216 54 18 une
3687 3215 87 19 coune
3794 3211 32 22 de

3104 3233 182 30 Champagne.
3302 3236 28 24 la
3347 3236 57 25 lève
3423 3244 33 17 en
3470 3239 148 25 l'honneur
3632 3241 38 24 du
3684 3241 142 26 président

3104 3262 26 21 Vv
3141 3262 69 24 ilson
3228 3267 26 20 et
3270 3267 33 22 de
3325 3269 25 22 la
3369 3268 172 25 Démocratie
3561 3270 169 24 américaine
3746 3273 66 24 étroi-

3103 3293 104 25 tement
3228 3295 69 25 unie
3317 3298 15 24 il
3357 3298 24 25 la
3404 3299 171 26 Démocratie
3600 3300 146 30 française,
3768 3301 58 25 hier

3104 3326 70 22 pour
3200 3324 25 24 la
3249 3325 115 26 défense
3387 3328 35 22 du
3446 3330 83 26 Droit,
3556 3332 177 26 aujourd'hui
3756 3337 70 24 pour

3104 3352 25 22 la
3148 3352 146 27 fondation
3309 3357 80 25 d'une
3405 3359 64 22 naix
3483 3359 72 28 juste
3572 3360 28 25 et
3613 3360 123 25 durable.

3131 3381 37 25 Le
3183 3384 143 26 président
3343 3389 48 21 des
3407 3390 154 24 Etats-Unis
3579 3393 131 24 remercie
3726 3392 26 22 et
3768 3391 57 26 lève

3104 3417 11 17 s
3117 3417 20 30 ?.
3138 3416 5 31 l
3143 3417 25 30 ?.
3170 3418 78 18 verre
3265 3417 15 21 à
3299 3416 6 18 '
3307 3422 17 17 a
3338 3418 154 28 prospérité
3508 3420 33 22 de
3555 3420 90 24 toutes
3660 3420 39 24 les
3711 3422 115 24 nations

3103 3443 96 24 alliées
3228 3445 25 21 et
3280 3444 40 25 dit
3341 3452 54 18 nue
3423 3449 65 25 c'est
3513 3450 33 24 de
3573 3450 61 24 tout
3660 3456 77 19 creur
3759 3451 66 30 qu'il

3103 3475 28 18 Cr
3132 3477 27 30 '£
3176 3501 15 12 J
3230 3475 21 33 V
3254 3481 31 17 ve
3304 3475 7 22 '
3313 3482 15 17 a
3350 3477 105 24 France
3476 3478 7 22 1
3503 3488 12 11 »
3531 3481 74 22 Puis,
3627 3482 81 26 après
3729 3482 97 26 l'avoir

3102 3506 60 18 une
3176 3502 32 24 de
3224 3503 94 25 signer
3330 3506 25 24 le
3369 3508 203 26 procès-verbal
3586 3510 37 24 de
3637 3516 33 18 sa
3684 3511 78 22 visite
3777 3517 48 19 sur

3104 3531 21 19 I»
3154 3536 57 19 ivre
3230 3534 59 24 d'or
3306 3536 33 22 de
3356 3535 27 25 la
3397 3537 71 24 Ville
3484 3540 33 21 de
3534 3540 87 26 Paris,
3639 3540 27 24 le
3683 3542 143 24 président

3103 3560 103 25 Wilson
3228 3565 86 22 reçoit
3340 3566 48 24 des
3413 3568 93 24 mains
3528 3569 32 24 de
3587 3570 35 22 M.
3646 3572 102 22 Adrien
3776 3573 33 24 Mi-

3100 3593 128 22 mouard.
3247 3599 38 18 un
3300 3596 169 24 exemolaire
3487 3599 102 27 spécial
3604 3600 34 24 de
3652 3600 27 22 la
3697 3601 129 24 médailld

3103 3620 15 21 d
3130 3625 37 22 or,
3189 3624 87 22 grand
3295 3625 109 25 module
3423 3626 33 25 de
3474 3626 25 25 la
3516 3627 65 25 Ville
3596 3630 35 24 de
3647 3631 78 22 Paris

3105 3684 7 6 .
3130 3651 26 21 M
3159 3651 5 41 -
3187 3651 158 28 Mithonard
3365 3658 70 22 offre
3455 3658 155 27 également
3628 3661 17 22 à
3665 3660 72 24 Mme
3756 3661 70 31 Wi.l-,

3102 3684 58 21 son.
3177 3687 54 18 une
3247 3684 100 25 broche
3365 3686 32 24 de
3413 3693 115 22 corsage
3544 3696 33 17 en
3594 3696 32 17 or
3640 3691 25 24 et
3680 3684 145 32 diamants!

3102 3715 66 20 avec
3187 3712 47 24 des
3255 3713 137 26 colombes
3415 3718 27 24 et
3462 3718 46 25 des
3528 3724 136 19 rameaux
3685 3720 131 24 d'olivier.

3107 3743 6 19 I
3123 3745 44 19 res
3190 3743 115 25 touchés
3328 3745 33 24 de
3385 3751 45 19 ces
3456 3749 151 26 souvenirs.
3634 3750 27 24 AT
3694 3751 27 22 et
3749 3751 69 24 Mme

3102 3771 105 24 Wilson
3236 3775 156 25 exnriment
3417 3783 34 18 au
3482 3777 139 26 président
3647 3780 35 24 du
3710 3781 111 22 Conseil

3100 3802 154 25 municipal
3273 3803 73 24 leurs
3366 3806 64 24 ulus
3448 3807 56 24 vifs
3524 3809 231 24 remerciements.

3129 3830 20 21 A
3163 3835 30 18 ce
3207 3835 131 25 moment,
3352 3834 34 24 M.
3402 3835 102 25 Adrien
3517 3839 161 22 Mithonard
3691 3840 129 27 présente

3100 3866 15 15 a
3136 3860 33 24 M.
3190 3860 105 26 Wilson
3317 3863 39 22 les
3374 3865 129 26 échevins
3522 3867 33 24 de
3575 3867 89 26 Liège,
3684 3873 66 19 avec
3768 3869 39 24 les-

3100 3889 77 26 quels
3196 3891 19 24 il
3236 3893 168 25 s'entretient
3423 3895 130 28 quelques
3570 3898 126 24 instants.

3130 3919 33 22 Le
3178 3921 107 25 cortège
3300 3924 125 24 traverse
3437 3926 18 22 à
3468 3931 128 20 nouveau
3609 3928 40 22 les
3663 3928 96 22 salons
3772 3928 43 24 où.

3099 3953 56 19 line
3170 3950 56 24 fais
3241 3957 105 20 encore,
3365 3952 38 25 les
3417 3954 103 24 invités
3534 3958 33 22 de
3581 3957 28 24 la
3626 3958 195 28 municipalité

3100 3978 6 21 1
3117 3979 180 26 ovationnent
3313 3983 240 31 frénétiquement.

3372 4051 39 35 Le
3437 4052 107 43 départ

3129 4121 21 22 A
3171 4121 13 22 3
3207 4121 99 26 heures
3326 4123 28 24 25
3378 4123 39 24 les
3439 4124 72 24 deux
3534 4127 157 25 présidents
3715 4129 25 24 et
3758 4127 59 26 leur

3097 4152 72 26 suite
3187 4153 119 27 quittent
3322 4153 99 25 l'Hôtel
3439 4154 32 25 de
3489 4155 69 25 Ville
3574 4162 102 19 encore
3693 4157 63 30 plus
3775 4165 41 18 ac-
3824 4152 1 35 1

3097 4181 104 25 clamés
3221 4183 61 27 qu'à
3306 4183 59 24 leur
3390 4185 113 25 arrivée.
3528 4186 20 24 A
3573 4187 13 24 4
3606 4187 102 25 heures
3730 4189 35 26 10,
3789 4186 28 27 lé

3098 4212 106 28 cortège
3228 4214 92 22 rentre
3340 4219 51 18 rue
3413 4214 142 26 Monceau.
3580 4218 34 22 Le
3638 4218 141 27 président
3800 4226 17 18 a

3097 4243 86 27 quitté
3207 4243 93 24 l'hôtel
3325 4244 35 22 du
3385 4245 143 27 président
3549 4246 109 25 Wilson
3684 4248 130 28 quelque»

3097 4271 120 26 instants
3240 4273 87 28 après,
3352 4277 125 21 rentrant
3501 4277 15 22 à
3535 4276 123 28 l'Elysée.

3178 4337 40 21 LA
3244 4337 222 25 DISLOCATION
3494 4341 61 21 DES
3580 4341 155 24 TROUPES

3124 4393 112 24 Comme
3261 4398 71 22 pour
3357 4394 39 24 les
3420 4395 176 27 précédentes
3621 4397 141 28 journées,
3785 4398 30 24 la

3097 4421 164 26 dislocation
3282 4424 48 22 des
3352 4426 118 27 troupes,
3494 4427 80 28 après
3595 4426 24 25 le
3639 4434 117 24 passage
3776 4429 38 24 du

3097 4453 110 30 cortège
3227 4454 187 28 présidentiel,
3439 4457 63 22 s'est
3541 4457 65 22 faite
3645 4463 35 18 au
3719 4460 96 25 milieu

3097 4482 65 25 d'un
3191 4485 207 27 enthousiasme
3430 4486 213 31 indescriptible.
3691 4489 123 28 Partout,

3094 4512 28 25 la
3148 4513 74 26 foule
3247 4520 30 18 se
3302 4521 92 24 presse
3420 4522 69 22 pour
3515 4519 120 24 admirer
3660 4518 37 26 les
3723 4519 91 32 pqllus

3096 4545 47 27 qui
3165 4545 112 25 défilent
3298 4547 125 28 musique
3446 4553 33 18 en
3515 4547 63 25 téte.
3613 4550 58 24 Une
3705 4551 107 26 chaude

3096 4576 122 27 ovation,
3241 4576 39 25 les
3302 4577 54 25 cris
3378 4577 32 25 de
3435 4586 9 12 «
3469 4578 98 25 Vivent
3589 4579 39 24 les
3652 4580 98 30 poilus,
3776 4583 24 22 vi-

3094 4610 35 19 ve
3149 4605 110 25 l'armée
3282 4607 6 22 !
3311 4617 9 12 »
3344 4607 109 28 saluent
3487 4609 60 24 leur
3582 4616 123 24 passage.
3744 4612 71 24 C'est

3094 4641 65 19 sous
3185 4636 32 24 de
3243 4637 181 25 formidables
3449 4639 198 25 acclamations
3672 4646 52 24 que
3750 4643 47 24 cha-

3094 4671 52 22 que
3164 4668 77 22 unité
3259 4672 123 22 regagne
3397 4672 53 19 son
3469 4670 221 25 cantonnement.

3098 4731 33 21 M.
3150 4731 131 22 WILSON
3299 4734 43 21 AU
3360 4734 182 24 MINISTERE
3561 4736 43 22 DE
3621 4736 39 22 LA
3679 4736 133 24 GUERRE

3123 4804 34 21 M.
3178 4802 107 24 Wilson
3302 4805 63 22 s'est
3384 4806 87 22 rendu
3487 4806 107 25 ensuite
3613 4812 37 19 au
3669 4807 91 30 palais
3776 4809 37 22 du

3096 4833 142 24 ministère
3259 4833 31 25 de
3313 4834 27 24 la
3358 4839 98 22 guerre
3476 4840 71 24 pour
3565 4838 100 24 rendre
3684 4838 28 24 la
3731 4839 81 25 visite

3096 4869 53 22 que
3169 4864 39 25 lui
3228 4865 79 22 avait
3331 4865 65 24 faite
3422 4866 34 24 M.
3480 4866 182 25 Clemenceau
3685 4869 67 24 hier.
3778 4871 34 22 Le

3094 4893 141 28 président
3255 4894 106 25 Wilson
3381 4897 43 22 est
3442 4897 92 24 arrivé
3554 4903 34 19 en
3609 4898 167 25 automobile
3795 4899 17 24 à

3096 4925 27 22 16
3143 4926 99 22 heures
3263 4925 35 24 30.
3337 4926 21 24 Il
3379 4931 18 18 a
3416 4926 86 28 quitté
3524 4929 22 22 le
3569 4929 142 24 ministère
3731 4930 34 24 de
3784 4930 28 25 la

3094 4958 99 25 guerre
3214 4956 14 22 à
3250 4956 28 22 16
3299 4956 98 25 heures
3417 4957 37 28 50,
3476 4957 78 25 salué
3576 4964 50 24 par
3645 4958 39 24 les
3704 4961 53 24 cris
3780 4961 31 25 de

3097 4994 9 11 «
3129 4984 65 24 Vive
3213 4984 106 25 Wilson
3340 4988 7 21 1
3369 4995 11 13 »

3228 5040 32 22 M.
3285 5040 130 24 WILSON
3436 5041 20 21 A
3476 5040 207 25 VERSAILLES

3124 5093 92 26 PARIS,
3236 5093 28 24 16
3282 5093 152 26 décembre.
3501 5096 74 22 Dans
3593 5096 27 22 la
3640 5096 129 27 matinée,
3789 5096 25 22 le

3096 5122 141 27 président
3267 5122 115 27 Wilson,
3409 5125 63 22 s'est
3500 5125 86 22 rendu
3617 5126 15 22 à
3664 5126 148 25 Versailles

3093 5157 52 21 par
3162 5151 27 24 la
3204 5151 80 30 place
3300 5151 33 25 de
3347 5151 116 30 l'Etoile,
3481 5153 125 26 l'avenue
3624 5154 47 24 des
3689 5157 123 26 Acacias,

3093 5180 25 22 le
3139 5180 60 22 bois
3219 5180 34 22 do
3273 5180 150 30 Boulogne,
3445 5183 24 24 le
3489 5184 67 27 pont
3573 5184 32 22 de
3626 5184 183 25 Saint-Cloud.

3092 5209 144 28 Suresnes,
3253 5210 170 26 Vaucrésson
3442 5213 27 22 et
3483 5212 155 24 Versailles.
3659 5213 21 24 Il
3694 5216 43 22 est
3752 5219 50 25 pas

3093 5238 30 24 sé
3138 5238 155 30 également
3309 5239 103 25 devant
3430 5241 25 24 le
3472 5242 59 28 golf
3547 5243 33 22 de
3599 5243 26 22 la
3640 5243 104 27 Boulie,
3765 5249 43 19 sui

3094 5269 27 22 la
3141 5270 77 24 route
3235 5269 33 24 de
3286 5268 198 32 Villacoublay.

3123 5297 131 25 Reconnu
3268 5297 71 25 dans
3356 5300 38 24 les
3410 5304 63 18 rues
3485 5301 35 24 de
3533 5301 154 28 Versailles,
3704 5301 20 26 il
3738 5308 18 19 a
3771 5302 41 25 été

3094 5327 54 24 très
3176 5327 256 26 chaleureusement
3458 5329 129 25 acclamé.
3631 5331 38 22 I.a
3704 5333 107 24 voiture

3093 5355 207 30 présidentielle
3319 5359 65 24 s'est
3407 5359 105 25 arrêtée
3539 5359 132 30 quelques
3693 5360 120 25 instants

3093 5386 102 25 devant
3211 5386 25 24 le
3254 5386 125 27 ch&tcau,
3397 5388 71 24 mais
3482 5387 26 25 le
3526 5388 139 31 président
3678 5391 67 24 n'est
3761 5396 50 24 pas

3094 5414 144 25 descendu.
3261 5417 21 22 Il
3299 5419 43 21 est
3360 5418 90 22 rentré
3468 5419 17 21 à
3502 5424 51 18 son
3573 5419 74 25 hôtel
3664 5420 15 24 à
3697 5420 26 28 11
3737 5420 25 24 h.
3784 5421 26 24 55

3093 5445 35 24 où
3145 5450 18 19 a
3180 5450 35 19 eu
3234 5445 54 24 lieu
3311 5451 37 19 un
3367 5445 133 28 déjeûner
3516 5447 104 25 Intime.
