4128 5756
462 151 531 108 DERNIÈRE
1044 151 352 112 HEURE

360 302 38 26 La
417 301 138 27 situation
574 302 18 26 à
614 302 138 31 Belgrade

233 349 152 32 Belgrade,
411 350 33 25 10
464 349 73 31 juin.
561 364 37 4 —
619 349 37 26 Le
679 348 117 32 journal
822 346 94 28 «Poli-

196 387 72 26 tica»
293 387 41 26 dit
354 395 54 24 que
427 387 29 26 la
475 387 140 26 situation
635 390 41 24 est
696 387 58 25 très
773 394 96 24 grave.
892 386 24 26 Il

198 426 96 31 paraît
319 426 176 32 impossible,
521 426 41 27 dit
586 435 30 18 ce
640 425 126 33 journal,
792 425 69 31 qu’il
886 432 30 18 se

195 467 102 25 trouve
316 473 41 18 un
378 464 114 27 homme
513 465 139 31 politique
672 464 81 26 serbe
773 471 75 24 pour
870 470 33 19 ac-

197 506 97 29 cepter
320 504 40 25 les
385 503 179 32 prétentions
591 503 33 25 de
651 503 27 25 la
705 502 146 31 Bulgarie.
879 501 36 26 Le

195 542 118 31 journal
332 542 40 26 dit
389 550 54 25 que
460 543 28 25 la
505 541 137 31 Bulgarie
659 541 135 26 voudrait
810 540 106 32 garder

196 581 28 26 la
243 581 118 31 Thrace,
381 582 74 25 mais
475 589 55 24 que
549 580 68 26 c’est
635 579 206 31 inacceptable.

380 635 51 26 Les
448 634 122 26 affaires
589 633 162 30 d’Espagne

235 680 124 33 Madrid,
384 682 33 25 10
438 681 72 30 juin.
532 695 37 3 —
589 679 37 26 Le
646 678 87 26 Sénat
757 687 17 18 a
796 680 121 30 apporté

197 720 50 26 des
270 719 216 27 modifications
528 726 38 18 au
589 717 94 32 projet
706 717 49 26 des
782 717 122 31 «juridic-

197 760 103 25 tions».

235 798 39 26 La
299 797 139 26 situation
462 795 140 32 politique
645 797 41 25 est
711 802 102 19 encore
838 801 79 19 assez

198 836 130 26 difficile.
352 835 37 25 Le
412 835 78 25 bruit
514 834 34 26 de
571 834 29 26 la
624 833 157 26 démission
805 832 38 26 du
865 833 39 24 mi-

201 875 88 25 nistre
315 874 34 26 de
373 873 200 26 l’Instruction
597 871 137 32 publique
778 880 16 18 a
819 878 98 22 couru,

198 913 74 26 mais
292 913 47 25 n’a
358 912 135 26 toutefois
511 919 53 24 pas
582 911 42 26 été
642 909 149 27 confirmé.

350 965 42 26 Un
417 964 99 26 navire
538 964 79 31 belge
638 963 113 27 sombre

238 1013 137 30 Londres,
405 1013 33 25 10
464 1011 73 31 juin.
564 1026 36 3 —
645 1009 37 26 Le
710 1008 102 25 navire
838 1007 81 31 belge

202 1051 127 32 «Liège»,
347 1051 78 31 parti
443 1050 142 26 d’Anvers
602 1057 74 23 pour
694 1047 27 26 la
739 1047 96 30 Grèce,
853 1045 68 27 s’est

204 1090 92 32 perdu
324 1090 168 26 totalement
519 1087 18 26 à
566 1087 29 25 la
622 1086 74 26 suite
724 1085 86 26 d’une
838 1085 80 30 large

198 1129 64 25 voie
286 1128 92 26 d’eau.
401 1127 52 26 Les
475 1125 132 27 matelots
629 1126 49 25 ont
700 1132 41 24 pu
762 1131 30 19 se
814 1130 107 19 sauver

199 1167 74 26 dans
292 1167 41 25 les
352 1165 221 28 embarcations.
592 1163 40 26 Us
650 1167 47 22 ont
717 1162 41 26 été
776 1160 144 28 recueillis

199 1214 56 23 par
272 1206 40 29 les
331 1205 78 26 soins
428 1204 38 26 du
484 1203 100 26 consul
602 1201 80 32 belge
700 1201 39 25 du
755 1199 110 28 Ferrol.

313 1266 38 25 La
371 1266 79 31 perte
470 1265 36 25 du
528 1262 178 28 sous-marin
728 1261 30 26 E.
778 1261 31 26 V.

239 1313 135 30 Londres,
396 1313 32 25 10
445 1311 73 31 juin.
536 1326 36 3 —
591 1310 44 26 Au
652 1310 129 25 moment
798 1308 34 25 de
850 1306 56 26 l’ex-

204 1352 119 31 plosion,
347 1351 25 25 le
396 1349 180 28 sous-marin
599 1348 31 26 E.
654 1348 30 25 Y.
710 1346 77 26 avait
810 1344 16 27 à
849 1343 73 27 bord

204 1392 36 22 24
267 1390 130 24 hommes
426 1387 170 26 d’éauinaee
624 1387 26 25 et
678 1385 146 29 plusieurs
853 1391 61 19 con-

951 304 167 25 structeurs.
1143 301 25 26 Il
1190 302 69 26 était
1284 301 38 26 du
1346 303 66 29 type
1437 300 25 26 le
1485 299 65 32 plus
1574 300 96 26 récent

953 343 26 24 et
997 341 77 25 avait
1091 341 42 26 été
1151 340 122 27 terminé
1289 340 25 25 le
1332 339 72 26 mois
1422 339 124 26 dernier.

987 378 52 27 Les
1063 380 130 25 victimes
1218 381 48 25 ont
1290 379 41 25 été
1356 377 175 32 débarquées
1557 376 18 27 à
1598 376 73 27 Cen-

951 418 96 27 broke.
1065 418 36 26 Le
1118 417 206 27 commandant
1343 425 17 19 a
1377 416 40 26 les
1434 416 111 31 jambes
1562 415 107 26 brisées

953 459 26 25 et
1002 457 34 26 de
1057 465 102 23 graves
1180 456 143 26 brûlures.
1346 454 46 26 Un
1413 455 97 26 marin
1532 456 41 25 est
1595 462 64 18 mor-

953 495 146 27 tellement
1118 496 110 26 atteint.

1063 549 60 26 Une
1140 547 153 32 supplique
1311 547 48 26 des
1376 547 187 31 suffragettes

989 596 136 30 Londres,
1151 596 33 25 10
1205 594 73 31 juin.
1299 609 37 3 —
1358 593 52 27 Les
1432 593 187 31 suffragettes
1641 600 30 18 se

953 637 63 24 sont
1041 634 115 26 réunies
1179 633 71 26 hier.
1276 632 61 26 Elle
1362 632 145 31 portaient
1530 632 92 25 toutes
1645 630 25 26 le

953 673 75 26 deuil
1054 673 33 25 de
1109 672 70 26 Miss
1203 671 156 26 Davidson.
1382 670 76 27 Elles
1482 672 47 25 ont
1555 669 117 26 adresse

954 720 37 18 au
1017 711 53 26 Roi
1096 718 56 19 une
1178 710 154 31 supplique
1358 710 73 25 dans
1455 708 123 31 laquelle
1604 706 68 27 elles

953 750 63 26 font
1037 756 170 24 remarquer
1249 756 54 23 que
1345 747 70 27 Miss
1438 747 149 26 Davidson
1630 751 42 20 est

953 790 91 25 morte
1065 796 74 23 pour
1162 787 101 26 attirer
1283 787 162 26 l’attention
1466 785 38 27 du
1525 785 62 30 Roi,
1608 786 63 25 tous

953 827 39 26 les
1016 834 118 24 moyens
1157 825 250 27 constitutionnels
1431 824 145 31 employés
1598 832 74 23 pour

953 865 162 32 approcher
1138 865 25 26 le
1187 864 156 27 souverain
1368 865 90 30 ayant
1480 861 113 28 échoué.

1103 926 42 26 Un
1169 924 142 31 naufrage
1332 931 57 19 aux
1413 923 112 31 régates

992 972 136 30 Londres,
1154 972 33 25 10
1208 971 73 31 juin.
1304 986 29 3 —
1332 986 8 3 -
1363 970 46 27 Un
1431 969 95 31 grand
1548 970 85 25 canot
1656 966 17 27 à

956 1011 73 26 voile
1044 1019 17 17 a
1075 1009 113 27 sombré
1204 1018 37 18 au
1256 1017 83 19 cours
1355 1008 48 26 des
1420 1008 125 31 grandes
1561 1007 113 31 régates

954 1050 34 25 de
1008 1049 126 31 Bangor,
1156 1057 36 18 en
1212 1047 126 26 Irlande.

1122 1101 61 27 Une
1203 1100 150 32 explosion
1376 1100 33 26 de
1431 1098 76 27 mine

992 1148 177 31 Bonifaccio,
1215 1148 33 25 10
1271 1146 72 32 juin.
1385 1162 37 3 —
1464 1145 56 26 Des
1563 1144 112 27 marins

955 1189 106 25 étaient
1085 1187 120 30 occupés
1228 1185 18 26 à
1268 1185 74 26 faire
1365 1186 107 29 sauter,
1494 1184 18 26 à
1533 1183 85 26 l’aide
1640 1182 35 26 de

956 1227 101 30 mines,
1081 1234 38 17 un
1144 1225 49 26 îlot
1215 1223 267 32 particulièrement
1506 1222 168 30 dangereux

955 1265 18 26 à
993 1265 117 26 l’entrée
1131 1264 39 26 du
1189 1265 64 30 port
1275 1263 34 26 de
1330 1261 101 26 Porto-
1434 1260 130 31 Vecchio,
1603 1259 58 26 lors-

955 1304 106 31 qu’une
1081 1303 77 25 mine
1177 1301 93 27 éclata
1288 1304 63 28 trop
1371 1300 47 26 tôt.
1438 1299 106 31 Quatre
1563 1298 111 25 marins

958 1344 47 25 ont
1031 1343 41 25 été
1096 1343 168 30 gravement
1288 1338 113 26 blessés.
1427 1338 72 26 L’un
1524 1337 86 26 d’eux
1634 1338 40 24 est

957 1382 74 25 mort
1051 1388 36 18 en
1107 1379 133 26 arrivant
1259 1377 18 26 à
1297 1376 137 31 l'hôpital.

204 1476 262 30 «Welleschbach»,
492 1484 59 17 aux
575 1475 79 25 lieux
698 1473 56 26 dits
782 1470 140 28 «Schock-

202 1524 109 24 weyer»
332 1519 25 24 et
377 1513 272 28 «Heinzebürchen»
670 1511 18 27 à
706 1511 160 30 Glemency,
884 1509 38 25 du

201 1557 17 25 3
242 1563 37 18 au
305 1557 30 24 17
359 1554 93 30 juillet
476 1552 81 30 1913;
581 1551 55 26 III.
660 1558 74 24 pour
755 1548 152 27 l’établisse-

203 1596 77 24 ment
299 1593 69 26 d’un
388 1591 237 27 assainissement
645 1589 17 26 à
682 1588 161 30 Glemency,
863 1594 59 18 aux

205 1634 78 25 lieux
299 1633 55 25 dits
372 1629 225 29 «Menschbach»
618 1631 25 23 et
662 1626 206 30 «Dreckwies»,
884 1623 38 26 du

202 1673 17 25 3
237 1680 37 18 au
292 1672 31 25 17
341 1670 94 31 juillet
453 1668 78 26 1913.

239 1710 52 25 Les
312 1709 94 31 pièces
427 1708 123 30 prévues
570 1713 55 24 par
645 1704 74 26 l'art.
744 1704 36 25 1er
802 1702 33 25 de
855 1701 8 25 1
876 1709 34 17 ar-

202 1748 58 26 rêté
284 1756 22 17 r.
332 1747 69 31 g.-d.
426 1746 39 25 du
488 1745 33 26 21
547 1744 115 31 janvier
675 1742 79 30 1885,
766 1741 98 25 seront
876 1739 33 26 dé-

205 1787 107 30 posées,
328 1785 131 31 pendant
476 1783 25 26 le
519 1782 74 27 délai
612 1780 126 32 indiqué,
755 1788 59 18 aux
832 1777 91 28 écoles

201 1825 52 26 des
271 1823 128 28 localités
419 1821 177 27 intéressées.

442 1882 83 26 Foire
545 1889 35 19 au
601 1880 84 27 bétail

223 1931 130 32 Rapport
371 1938 50 19 sur
438 1930 28 25 la
484 1929 73 25 foire
574 1930 85 25 tenue
677 1926 16 25 à
711 1924 212 30 Luxembourg,

205 1970 62 26 hier
284 1969 91 30 lundi,
393 1970 16 25 9
427 1968 64 32 juin
514 1967 80 26 1913:

238 2002 129 25 Chevaux
389 1999 117 34 exposés
530 2006 33 18 en
585 1998 81 25 vente
690 1997 40 30 34,
753 1995 107 25 vendus
884 1995 40 28 25,

204 2036 66 25 dont
294 2035 30 25 10
348 2042 69 25 pour
457 2033 154 26 l’intérieur
635 2032 26 25 et
687 2031 30 24 15
739 2036 70 25 pour
832 2027 80 25 l’exté-

206 2071 80 28 rieur,
327 2069 15 25 à
366 2069 48 25 des
439 2068 60 31 prix
523 2073 116 25 moyens
663 2065 31 25 de
719 2060 205 29 500-1000-1500

203 2104 93 25 francs

239 2136 97 26 Bœufs
356 2142 65 26 gras
441 2134 117 33 exposés
577 2134 23 29 2,
618 2132 106 25 vendus
743 2131 14 24 2
776 2137 69 25 pour
864 2129 49 25 l’in-

204 2171 112 30 térieur,
355 2177 36 18 au
431 2168 62 32 prix
516 2174 100 25 moyen
640 2166 30 27 de
695 2164 108 25 120-125
826 2163 32 25 fr.
882 2162 42 25 les

203 2205 31 25 50
255 2204 206 32 kilogrammes,
484 2201 98 25 viande
602 2200 82 25 nette.

239 2239 146 25 Taureaux
405 2242 66 27 gras
492 2233 117 34 exposés
629 2233 24 30 2,
690 2233 106 25 vendus
818 2231 14 25 2
854 2238 70 25 pour

202 2272 163 30 l’intérieur,
387 2278 34 18 au
443 2270 61 32 prix
525 2275 98 25 moyen
645 2267 31 25 de
699 2266 108 25 110-115
829 2266 95 25 francs

202 2307 42 25 les
265 2306 31 25 50
314 2305 206 32 kilogrammes,
539 2303 100 25 viande
657 2302 82 25 nette.

239 2340 162 26 Taurillons
422 2337 117 34 exposés
562 2337 23 30 2,
606 2336 107 25 vendus
735 2335 15 25 2
773 2342 69 25 pour
864 2333 49 25 l’in-

203 2375 111 31 térieur,
334 2381 35 18 au
390 2374 61 32 prix
470 2380 99 24 moyen
588 2371 32 25 de
639 2370 110 26 350-450
769 2370 113 41 francs.^

239 2409 135 25 Génisses
391 2407 133 33 exposées
539 2406 40 29 40,
596 2405 122 25 vendues
733 2403 31 25 20
780 2410 69 25 pour
865 2402 48 25 l’in-

203 2442 111 30 térieur,
332 2449 36 18 au
384 2442 62 32 prix
462 2447 99 25 moyen
580 2439 31 25 de
627 2437 110 26 250-350
754 2437 103 25 francs.

238 2476 107 25 Vaches
373 2475 124 25 laitières
525 2473 133 33 exposées
701 2471 56 30 220,
801 2470 123 25 vendues

203 2510 58 30 220,
275 2510 65 25 dont
359 2508 47 25 100
419 2515 71 25 pour
504 2508 155 25 l’intérieur
674 2507 25 25 et
716 2505 47 25 120
777 2512 71 25 pour
861 2504 52 25 l’ex-

205 2544 109 29 térieur,
338 2543 15 25 à
377 2542 47 25 des
448 2541 59 32 prix
528 2547 115 25 moyens
666 2540 33 25 de
718 2539 57 29 500,
798 2538 56 28 600,
876 2536 49 25 700

203 2578 102 25 francs.

238 2611 107 25 Vaches
370 2615 115 26 grasses
508 2607 133 33 exposées
666 2607 40 28 34,
749 2605 120 25 vendues
893 2604 32 25 34

206 2652 69 24 pour
291 2643 162 29 l’intérieur,
471 2649 35 18 au
525 2641 61 32 prix
602 2647 98 25 moyen
717 2639 31 25 de
766 2638 108 25 112-120
892 2638 33 25 fr.

203 2679 41 25 les
265 2678 32 25 50
316 2678 198 30 kilogrammes
534 2674 99 25 viande
653 2674 82 25 nette.

236 2712 97 25 Veaux
357 2710 117 33 exposés
497 2709 58 31 208,
578 2708 107 25 vendus
700 2707 64 30 "208,
788 2707 66 25 dont
877 2705 47 26 150

204 2753 70 25 pour
296 2744 154 25 l’intérieur
490 2745 25 23 et
537 2744 32 25 58
591 2750 71 25 pour
700 2742 165 28 l’extérieur,
889 2748 36 17 au

203 2779 62 33 prix
279 2786 98 25 moyen
395 2778 31 25 de
443 2777 55 29 1,25
514 2777 32 25 fr.
564 2777 27 25 la
607 2777 71 25 livre
694 2776 81 25 nette.

239 2804 92 34 Porcs"
348 2818 65 25 gras
453 2810 117 33 exposés
591 2815 38 22 au,
654 2809 106 25 vendus
782 2808 32 25 20
854 2814 69 25 pour

201 2846 163 30 l’intérieur,
381 2853 35 17 au
434 2844 61 32 prix
512 2850 99 25 moyen
628 2843 31 25 de
677 2843 75 25 85-ou
769 2841 95 26 francs
880 2841 42 25 les

201 2881 31 25 50
251 2880 198 32 kilogrammes
469 2877 99 25 viande
587 2877 81 25 nette.

238 2914 85 25 Porcs
345 2914 110 25 adultes
477 2912 117 33 exposés
614 2911 40 32 20,
675 2910 106 26 vendus
802 2910 31 25 20
853 2917 70 25 pour

203 2948 161 30 l’intérieur,
382 2955 36 18 au
434 2947 62 32 prix
513 2953 99 25 moyen
629 2946 31 25 de
678 2945 75 26 60-80
771 2945 102 25 francs.

238 2982 142 25 Porcelets
401 2980 118 33 exposés
541 2980 73 30 1732,
634 2980 107 25 vendus
763 2979 72 30 1700,
858 2979 66 25 dont

202 3016 48 25 900
273 3023 69 25 pour
366 3015 154 25 l’intérieur
543 3016 27 24 et
594 3014 48 25 800
665 3021 70 25 pour
759 3013 164 29 l’extérieur,

201 3057 56 17 aux
272 3049 61 32 prix
350 3056 115 24 moyens
483 3048 32 25 de
530 3048 41 29 30,
587 3048 40 29 35,
644 3047 32 25 40
692 3047 103 25 francs.

238 3083 119 25 Chèvres
376 3080 132 33 exposées
528 3081 39 30 15,
585 3081 123 25 vendues
727 3081 30 25 10
775 3088 70 25 pour
864 3081 49 25 l’in-

202 3117 111 27 térieur,
333 3123 35 18 au
387 3116 61 31 prix
468 3122 99 25 moyen
586 3115 31 25 de
636 3114 31 25 35
685 3115 102 25 francs.

238 3150 80 25 Foire
343 3149 63 25 bien
431 3148 166 32 fréquentée.
641 3148 100 31 Légère
766 3148 96 25 baisse
888 3148 35 25 du

203 3184 60 32 prix
283 3183 48 26 des
349 3182 100 26 vaches
467 3181 126 26 laitières
613 3183 26 24 et
656 3182 48 25 des
722 3182 146 32 porcelets.
888 3182 36 25 Le

204 3218 59 31 prix
286 3217 34 25 du
342 3216 85 25 bétail
450 3222 65 27 gras
539 3223 30 18 se
590 3216 146 25 maintient
758 3215 58 25 très
840 3216 83 25 élevé.

205 3253 112 24 Aucune
343 3250 118 25 maladie
503 3249 178 32 contagieuse
724 3249 44 25 n’a
794 3249 42 25 été
862 3256 50 19 con-

202 3284 96 26 statée.

302 3344 90 27 Cours
417 3342 261 33 supplémentaires
704 3341 123 32 gratuits

243 3390 51 27 Les
321 3398 85 18 cours
431 3389 261 32 supplémentaires
721 3387 124 32 gratuits
889 3387 34 26 de

202 3429 143 32 physique
371 3432 25 22 et
422 3430 34 25 de
481 3427 250 31 mathématiques,
774 3425 150 31 organisés

205 3476 54 22 par
283 3468 26 25 le
334 3466 232 27 Gouvernement
592 3467 72 25 clans
689 3465 122 26 l’intérêt
838 3464 85 26 d’une

205 3507 93 25 bonne
313 3506 189 30 préparation
517 3513 74 23 pour
607 3505 38 26 les
659 3512 139 19 examens
813 3503 34 25 de
859 3502 51 25 bre-

205 3546 52 28 vet,
277 3546 231 23 commenceront
528 3543 79 30 jeudi
628 3542 150 32 prochain,
800 3542 31 25 12
851 3541 72 31 juin,

204 3582 18 26 à
241 3584 18 25 3
279 3582 113 31 heures,
415 3590 37 18 au
471 3581 175 26 laboratoire
669 3582 34 25 de
723 3580 141 32 physique
887 3579 36 26 du

204 3621 145 32 Gymnase
372 3620 33 26 de
427 3619 212 31 Luxembourg.

243 3659 144 32 Jusqu’au
413 3659 67 30 jour
507 3657 125 31 indiqué,
660 3659 50 25 des
737 3657 187 31 inscriptions

205 3701 96 24 seront
319 3705 100 24 reçues
437 3705 55 24 par
509 3695 37 27 M.
566 3695 185 31 l’inspecteur
769 3694 154 32 principal.

413 3958 118 19 Succursale
547 3960 11 16 A
573 3956 144 25 Luxembourg.

370 3991 53 20 Chez
437 3994 45 16 tous
497 3991 29 19 les
541 3989 114 26 négociants
668 3994 25 14 en
710 3988 49 19 vins»

213 4025 64 26 Agent
286 4024 79 27 général
373 4029 50 20 pour
431 4023 19 20 le
459 4023 32 20 Gr.
495 4023 62 20 -D.de
568 4021 146 26 Luxembourg,
720 4020 25 22 M.
754 4019 47 27 Eug.
808 4018 107 23 MERSCH.

207 4092 299 69 Indiscrétions
529 4095 39 66 &
591 4094 330 78 Communiqués

420 4183 124 30 Théâtre,
568 4183 138 32 Concerts,

250 4227 129 27 Réunions
401 4227 30 26 de
453 4228 119 26 sociétés
595 4229 27 25 et
644 4228 80 26 Fêtes
745 4228 130 27 diverses.

426 4299 121 28 Concert
567 4299 137 28 militaire

203 4345 40 27 du
264 4345 104 32 mardi,
392 4347 34 25 10
445 4346 73 31 juin,
540 4346 19 25 à
578 4347 17 25 8
615 4345 104 27 heures
740 4347 34 25 45
797 4347 39 25 du
856 4347 65 25 soir,

205 4392 39 19 au
258 4384 118 32 kiosque
391 4384 34 26 de
440 4385 28 25 la
483 4384 85 26 Place
585 4383 140 27 d’Armes.

455 4430 238 28 PROGRAMME

207 4475 26 30 1)
259 4474 65 28 Heil
344 4476 125 31 Europa,
489 4476 118 26 Marche
629 4475 113 31 (Blon).

202 4513 30 30 2)
258 4513 294 33 Nachtsschwärmer,
578 4515 85 26 Valse
688 4513 158 32 (Ziehrer).

201 4551 34 31 3)
258 4553 160 26 Ouverture
434 4553 34 26 de
483 4553 64 31 l’op.
567 4553 36 26 Le
618 4552 52 27 Cid
688 4551 184 32 (Massenet).

204 4590 29 31 4)
258 4590 36 27 Le
312 4592 132 25 marteau
463 4591 36 26 de
516 4591 140 32 l'orfèvre,
678 4590 192 32 (Eilenberg).

200 4629 34 30 5)
257 4630 150 26 Fantaisie
425 4639 51 18 sur
494 4630 74 31 l’op.:
588 4629 124 27 Carmen
733 4628 118 32 (Bizet).

200 4667 34 30 6)
257 4668 150 27 Fantaisie
422 4678 21 18 s.
461 4669 75 30 l’op.:
553 4667 41 27 La
607 4667 137 27 Mascotte
762 4667 159 32 (Audran).

238 4715 44 27 En
303 4723 48 19 cas
373 4715 34 26 de
427 4714 135 27 mauvais
601 4716 102 30 temps,
743 4714 25 27 le
808 4716 113 25 concert

201 4754 105 26 n’aura
327 4762 53 20 pas
401 4754 67 27 lieu.

202 4814 180 28 Association
406 4821 73 21 pour
502 4813 141 30 l’hygiène

598 4852 135 32 publique
755 4854 26 26 et
801 4852 121 27 scolaire

240 4899 37 27 Le
303 4899 102 27 comité
429 4900 63 30 prie
518 4907 45 19 ses
589 4898 154 27 adhérents
769 4898 48 32 qui
843 4897 80 26 n’ont

203 4946 52 25 pas
277 4946 103 19 encore
402 4939 74 30 payé
497 4937 62 27 leur
581 4938 152 26 cotisation
755 4946 74 23 pour
850 4936 58 26 l’an-

205 4977 51 27 née
273 4977 79 31 1913,
371 4977 35 26 de
420 4976 66 26 bien
503 4976 113 26 vouloir
631 4976 146 31 l’envoyer
794 4978 87 24 avant
898 4974 24 26 le

205 5017 33 25 15
254 5016 64 32 juin
336 5024 37 18 au
391 5015 313 31 secrétaire-trésorier,
722 5014 148 26 Monsieur
887 5013 34 26 N.

201 5054 172 32 Wampach,
413 5054 176 30 instituteur,
628 5062 52 19 rue
700 5052 107 32 Stürm,
846 5051 76 28 Lim-

203 5094 156 25 oortsbere.

216 5158 325 86 Chronique
602 5158 303 73 Balnéaire

262 5265 600 47 Mondorf-les-Bains

201 5339 191 30 Programme
416 5338 48 28 des
489 5338 135 28 Concerts
649 5337 216 33 d’aujourd’hui

679 5375 144 28 Direction
844 5376 76 27 Bach

331 5423 40 27 De
390 5419 54 30 SVs
464 5423 16 27 à
501 5425 18 25 6
537 5423 35 27 de
591 5422 201 34 l’après-midi.

202 5473 23 24 1.
248 5473 140 30 Sonntag:
409 5473 118 25 Marche
548 5473 49 25 des
618 5473 190 30 Nibelungen.

201 5510 25 26 2.
249 5510 105 26 Auber:
377 5508 37 28 Le
436 5509 102 28 cheval
559 5510 34 27 de
616 5510 113 26 bronze.
752 5509 168 27 Ouverture.

197 5549 29 26 3.
246 5548 100 32 Drigo:
370 5547 145 28 Sérénade
537 5549 38 27 du
598 5548 97 27 ballet:
719 5548 52 27 Les
794 5548 127 27 Millions

246 5587 27 27 d’
276 5587 148 32 Arlequin.

198 5627 27 25 4.
248 5626 69 27 HiLl:
338 5627 58 26 Das
414 5625 77 28 Herz
509 5634 47 19 am
574 5627 103 26 Rhein.
695 5626 77 28 Lied.

956 1469 25 25 5.
1003 1467 165 26 Schreiner:
1189 1474 115 23 majeur
1321 1467 26 25 et
1367 1472 123 23 mineur,
1509 1467 166 27 Potpourri.

957 1507 25 25 6.
1003 1506 105 26 Adam:
1129 1504 29 26 Si
1177 1504 94 31 j’étais
1292 1504 51 30 roi,
1362 1502 168 27 Ouverture.

957 1546 24 24 7.
1003 1542 188 28 Waldteufel:
1215 1542 162 31 Etincelles,
1400 1541 87 26 valse.

958 1584 25 25 8.
1004 1582 177 31 Meyerbeer:
1200 1581 139 27 Cavatine
1357 1580 34 26 de
1408 1579 106 27 Robert
1530 1579 25 25 le
1574 1578 102 27 diable.

956 1623 25 25 9.
1003 1621 163 31 Eilenberg:
1213 1619 208 31 Petersburger
1446 1617 230 30 Schlittenfahrt,

1003 1660 99 31 Galop.

1121 1711 40 27 De
1178 1710 53 29 8Va
1249 1711 18 27 à
1283 1712 35 25 10
1333 1711 26 26 h.
1377 1710 39 26 du
1432 1711 76 26 soir..

959 1761 21 25 1.
1003 1760 117 27 Ohlsen:
1142 1758 221 30 Pusstaklänge,
1384 1757 126 25 Marche.

959 1799 25 25 2.
1004 1798 125 26 Delibes:
1147 1797 37 26 Le
1201 1797 42 26 roi
1262 1796 37 26 l’a
1316 1796 49 30 dit,
1382 1794 168 27 Ouverture.

958 1838 25 25 3.
1005 1836 135 27 Sibelius:
1179 1835 195 27 Canzonnette
1394 1842 74 23 pour
1488 1832 186 26 instruments

1004 1876 18 25 à
1043 1875 93 27 corde.

957 1915 25 25 4.
1003 1914 132 27 Puccini:
1156 1913 40 26 La
1216 1912 96 30 Tosca,
1332 1909 157 27 Fantaisie.

958 1954 25 25 5.
1005 1952 129 26 Strauss:
1152 1951 52 26 Les
1222 1951 67 25 voix
1308 1949 37 26 du
1363 1948 172 31 printemps,
1553 1947 86 26 valse.

958 1992 25 25 6.
1003 1991 95 27 Gillet:
1119 1990 73 25 Bout
1211 1997 36 19 en
1266 1988 86 30 train,
1374 1986 99 31 Galop.

1068 2086 74 26 Liste
1162 2085 136 28 officielle
1318 2085 48 28 des
1389 2085 160 32 Baigneurs

1105 2131 39 27 du
1161 2134 36 25 26
1215 2133 58 25 mai
1289 2140 37 19 au
1344 2134 17 25 5
1378 2134 63 29 juin
1459 2133 74 27 1913

960 2178 77 27 Mme
1053 2178 80 31 Eloy,
1151 2178 91 31 Liège.

960 2217 67 27 Mlle
1046 2217 91 26 Cécile
1154 2217 111 31 Draux,
1283 2217 91 32 Liège.

959 2255 68 28 Mlle
1047 2255 141 32 Houbart,
1210 2256 92 31 Liège.

960 2294 66 27 Mlle
1050 2294 92 27 Marie
1164 2295 100 26 Sandt.

959 2333 36 26 M.
1016 2334 62 26 Nie.
1099 2333 203 31 Gillengerten,
1322 2332 246 27 Esch-s.-Alzette.

959 2372 37 26 M.
1017 2372 130 31 Pierson,
1168 2372 162 31 Puttlange.

959 2410 67 27 Mlle
1045 2411 159 31 Joséphine
1221 2410 130 26 Pierson.

960 2449 67 26 Mlle
1044 2449 129 31 Eugénie
1189 2449 130 25 Pierson.

959 2487 68 26 Mlle
1048 2487 140 26 Mathilde
1210 2487 129 25 Pierson.

961 2525 36 26 M.
1016 2525 107 26 Lucien
1139 2524 130 26 Pierson.

959 2563 38 27 M.
1019 2563 91 26 l’abbé
1130 2563 82 30 Thill,
1233 2563 185 30 curé-doyen,
1440 2562 145 26 Diekirch.

960 2601 36 26 M.
1017 2601 104 31 Biwer,
1142 2602 217 29 entrepreneur,
1379 2600 246 26 Esch-s.-Alzette.

960 2639 37 26 M.
1017 2639 124 26 Renault
1160 2638 18 27 à
1195 2639 190 25 Villecresnes
1407 2636 99 32 (Seine
1525 2640 25 25 et
1571 2635 89 32 Oise).

961 2677 75 27 Mme
1058 2678 133 26 Renault.

960 2716 37 27 M.
1019 2716 190 31 Deichmann,
1230 2715 161 32 négociant,
1412 2714 155 32 Algrange.

960 2755 36 26 M.
1018 2755 31 25 A.
1069 2755 132 25 Kremer.

958 2792 36 26 M.
1016 2792 26 26 S.
1065 2792 109 30 Origer,
1194 2790 162 31 industriel,
1376 2789 245 26 Esch-s.-Alzette.

958 2830 76 26 Mme
1053 2830 182 30 Daubenton,
1255 2828 141 26 Frouard.

959 2868 67 26 Mlle
1043 2868 180 30 Daubenton,
1242 2866 142 26 Frouard.

958 2907 37 27 M.
1018 2906 155 32 Lardinoy,
1195 2905 202 32 propriétaire,
1420 2903 162 27 Bruxelles.

959 2947 36 26 M.
1016 2946 108 31 Mener,
1145 2944 222 30 fonctionnaire,
1388 2942 160 27 Bruxelles.

959 2985 36 27 M.
1020 2985 35 26 N.
1079 2983 194 33 Origer-May,
1296 2981 244 27 Esch-s.-Alzette.

959 3023 76 27 Mme
1056 3024 103 25 Ernest
1179 3022 74 26 Cerf.

959 3062 76 26 Mme
1056 3062 48 26 Th.
1126 3060 144 30 Bailleux,
1290 3057 240 29 Grevenmacher.

959 3100 75 25 Mme
1055 3099 85 26 Marx
1160 3098 95 26 Marx.

959 3138 36 26 M.
1019 3138 60 26 Jos.
1101 3136 136 31 Kolping,
1260 3136 75 30 juge,
1359 3134 105 30 Mayen
1488 3131 113 32 (Eifel).

959 3177 76 25 Mme
1053 3175 137 31 Kolping.

959 3214 37 27 M.
1019 3213 129 31 Adolphe
1168 3211 136 31 Kolping.

959 3253 37 27 M.
1018 3252 112 26 Walter
1150 3250 135 30 Kolping.

959 3291 68 26 Mlle
1047 3290 80 27 Gath.
1147 3289 127 26 Johann.

959 3330 38 26 M.
1018 3329 129 31 Doffing,
1168 3325 162 31 industriel,
1352 3324 158 28 Charleroi.

959 3367 37 27 M.
1015 3367 72 31 Eug.
1106 3365 140 31 Bisdorff,
1263 3363 199 33 garde-mines
1480 3363 34 25 de
1531 3361 95 31 l’Etat,

1533 3399 144 27 Diekirch.

959 3443 78 27 Mme
1058 3444 69 31 Eug.
1148 3442 139 27 Bisdorff.

959 3481 68 27 Mlle
1046 3482 129 31 Eugénie
1194 3480 174 30 Demander,
1387 3477 145 27 Diekirch.

959 3519 76 26 Mme
1056 3520 85 30 Klop,
1161 3519 93 26 Paris.

959 3558 37 26 M.
1019 3558 26 26 J.
1069 3558 91 25 Kohn.

959 3597 36 26 M.
1017 3596 137 31 Schaper,
1173 3596 152 31 négociant
1344 3603 35 18 en
1398 3601 74 24 gros,
1491 3591 168 27 Hannovre.

959 3635 76 26 Mme
1057 3634 137 31 Schaper.

959 3673 77 27 Mme
1058 3672 157 30 Schlesser,
1236 3672 133 30 rentière,
1391 3669 212 30 Luxembourg.

959 3712 36 26 M.
1017 3712 98 30 Remy,
1136 3711 116 30 rentier,
1272 3709 131 27 Saulnes.

959 3751 36 27 M.
1018 3749 161 30 Dominicy,
1200 3748 202 32 propriétaire,
1425 3747 160 30 Clémency.

960 3789 36 26 M.
1019 3788 90 26 l’abbé
1128 3787 138 31 Belièvre,
1286 3786 75 30 curé,
1382 3785 148 32 Longvilly

1494 3820 183 34 (Bastogne).

959 3865 36 26 M.
1018 3865 129 30 Tbeisen,
1168 3864 168 27 instituteur
1356 3863 140 30 primaire
1517 3861 160 31 supérieur,

1518 3898 122 27 Mersch.

959 3942 37 26 M.
1018 3942 92 26 Henri
1129 3942 166 30 Schinteen,
1315 3938 217 31 avocat-avoué,
1550 3937 109 31 Luxbg.

960 3980 36 27 M.
1016 3981 97 31 Edgar
1132 3980 129 31 Charles,
1278 3978 107 27 Consul
1403 3978 34 25 de
1453 3977 29 26 la
1499 3976 179 31 République

1375 4015 119 30 d’Haïti,
1513 4014 15 26 à
1547 4013 92 32 Liège.

960 4057 36 26 M.
1023 4057 88 27 Oscar
1134 4057 127 28 Frésart,
1286 4053 161 32 industriel,
1470 4052 92 32 Liège.

959 4095 76 26 Mme
1061 4095 85 26 Huss.

960 4134 75 26 Mme
1055 4134 114 30 Thcmé,
1191 4131 209 28 Weidemühle.

959 4172 36 27 M.
1018 4172 30 26 P.
1070 4171 130 31 Soumer,
1222 4171 124 26 Altwies.

961 4211 36 28 M.
1014 4211 25 25 le
1054 4213 91 24 comte
1162 4211 33 25 de
1210 4209 73 26 Looz
1299 4208 188 30 Corswarem,
1503 4206 16 26 à
1536 4206 74 25 Heid
1629 4205 49 26 des

1520 4244 118 26 Chênes.

961 4288 35 25 M.
1019 4288 138 31 Majerus,
1180 4285 128 31 cafetier,
1331 4284 157 27 Colombes.

960 4326 36 26 M.
1021 4326 79 26 Alex.
1123 4325 112 31 Sohier,
1256 4323 162 31 industriel,
1440 4321 161 27 Bruxelles.

960 4365 36 26 M.
1018 4365 103 26 Ernest
1141 4363 74 27 Cerf.

961 4403 35 26 M.
1017 4412 54 17 von
1090 4402 105 31 Fuchs,
1214 4401 160 31 négociant,
1394 4399 154 31 Duisburg.

959 4441 75 27 Mme
1058 4449 55 18 von
1136 4440 103 26 Fuchs.

963 4480 33 26 M.
1020 4480 30 25 F.
1076 4480 82 30 Berg,
1183 4478 133 31 Cologne.

959 4518 77 26 Mme
1052 4518 85 30 Berg.

959 4557 76 26 Mme
1057 4556 92 26 Henri
1169 4555 89 30 Maul,
1279 4553 210 31 Luxembourg.

961 4595 64 25 Mlle
1049 4595 91 31 Marg.
1166 4594 140 30 Kimmes,
1329 4591 211 30 Luxembourg.

959 4634 75 26 Mme
1052 4632 82 32 Hess,
1157 4632 208 30 Bettembourg.

959 4672 67 26 Mlle
1050 4672 118 30 Kälber,
1193 4670 212 30 Bettembourg.

959 4711 66 26 Mlle
1044 4710 118 30 Paulus,
1182 4708 111 27 Trêves.

959 4749 36 26 M.
1015 4749 31 26 E.
1065 4749 117 30 Ber°er,
1202 4747 125 27 Altwies.

958 4788 36 26 M.
1018 4788 190 29 Straetmans,
1230 4784 161 27 Bruxelles.

958 4826 76 27 Mme
1052 4825 190 27 Straetmans.
1246 4839 5 4 -

957 4864 36 26 M.
1015 4864 106 26 Keller,
1141 4864 172 31 percepteur
1332 4861 49 26 des
1402 4862 104 30 postes,
1525 4859 111 26 Trêves.

957 4903 76 27 Mme
1054 4902 140 31 François
1216 4901 98 29 Bram,
1335 4899 210 30 Luxembourg.

957 4941 36 27 M.
1018 4941 95 26 Victor
1134 4940 107 31 Kinell,
1263 4938 168 30 boulanger,
1453 4936 184 31 Rosselange.

957 4979 36 27 M.
1014 4980 118 28 Dorbée,
1152 4977 162 32 industriel,
1335 4975 157 28 Charleroi.

958 5018 36 28 M.
1016 5018 23 26 le
1058 5018 118 26 docteur
1195 5016 177 30 Aschmann,
1391 5013 173 27 Ettelbruck.

958 5054 36 29 M.
1017 5057 74 26 J.-P.
1115 5057 197 30 Champagne,
1333 5052 211 31 Luxembourg,

957 5095 36 26 M.
1014 5095 99 26 Désiré
1132 5094 125 30 Derulle,
1277 5091 211 32 Luxembourg.

958 5133 36 27 M.
1013 5134 25 25 le
1053 5134 36 26 Dr
1107 5133 119 31 Léopold
1245 5131 129 30 Pierard,
1391 5128 160 28 Bruxelles.

956 5172 77 26 Mme
1052 5172 35 26 Dr
1107 5172 130 26 Piérard.

956 5211 37 27 M.
1016 5211 134 31 Jochum,
1172 5209 168 33 pensionné,
1363 5206 179 33 Quirschied.

956 5249 37 26 M.
1013 5249 134 26 Bernard
1165 5249 116 28 Kœner,
1299 5246 202 34 propriétaire,
1520 5244 153 27 Clervaux.

955 5287 37 27 M.
1011 5287 213 31 Gusenburger,
1244 5285 199 34 pharmacien,
1463 5283 211 31 Luxembourg.

956 5326 77 27 Mme
1054 5326 92 27 Henri
1165 5325 162 32 Blanquart
1346 5324 16 27 à
1383 5323 142 27 Comines.

957 5364 67 28 Mlle
1041 5364 124 27 Pauline
1179 5363 157 32 Levrague,
1354 5362 142 27 Comines.

956 5403 36 26 M.
1016 5403 88 27 l’abbé
1124 5410 55 19 van
1201 5402 50 27 der
1271 5402 91 29 Geest,
1382 5401 75 32 curé,
1478 5401 104 26 Zwolle

1490 5437 184 34 (Hollande).

956 5480 76 28 Mme
1051 5480 121 31 Gaasch,
1193 5479 150 32 Hellange.

955 5518 77 28 Mme
1048 5518 102 32 Gendt,
1168 5518 108 27 Pantin
1297 5515 124 33 (Paris).

955 5557 68 29 Mlle
1048 5557 131 32 Péporté,
1205 5556 272 28 Esch-sur-Alzette.

955 5595 37 27 M.
1014 5595 75 28 J.-P.
1114 5595 114 27 Harnes.

955 5633 76 22 Mmp

1708 118 76 28 Mme
1805 119 124 27 Gustave
1948 118 82 32 Metz,
2050 118 212 33 Luxembourg.

1708 157 76 28 Mme
1800 158 146 31 Regnard,
1964 157 161 27 Bruxelles.

1707 196 76 27 Mme
1807 196 103 32 Ruppr
1914 197 76 26 echt-
1992 196 101 32 Jonas,
2118 196 211 32 Luxembourg.

1707 234 37 27 M.
1763 236 27 26 J.
1808 235 97 32 Detry,
1923 236 162 31 ingénieur,
2102 235 162 27 Bruxelles.

1707 273 66 27 Mlle
1793 273 129 33 Schrœll,
1941 274 212 32 Luxembourg.

1707 312 66 27 Mlle
1794 313 135 32 Berrens,
1949 313 144 26 Diekirch.

1706 351 68 27 Mlle
1792 360 58 18 van
1868 352 111 31 Hælen,
1998 352 103 27 Tubize
2123 350 177 33 (Belgique).

1706 390 76 27 Mme
1806 390 198 28 Cathelineau.

1706 429 36 26 M.
1764 429 140 32 Gomand,
1923 429 297 32 Luxembourg-gare.

1706 468 76 28 Mme
1803 468 139 28 Gomand.

1706 507 76 27 Mme
1799 508 152 31 Augustin,
1969 506 168 27 Thionville.

1706 545 37 28 M.
1767 546 86 32 Behr,
1877 546 117 31 rentier,
2017 545 82 27 Metz.

1706 585 76 27 Mme
1803 585 85 27 Behr.

1706 623 36 27 M.
1762 624 131 26 Armand
1913 623 126 31 Cremer,
2057 623 117 31 rentier,
2191 622 143 27 Verviers.

1706 662 76 26 Mme
1805 662 131 26 Armand
1959 662 125 27 Cremer.

1706 700 37 27 M.
1762 701 32 26 A.
1814 700 140 32 Clemens,
1972 700 162 31 négociant,
2152 699 92 26 Bonn.

1706 739 76 27 Mme
1801 740 72 30 Aug.
1892 739 93 31 Peter,
2004 739 107 26 Sablon
2132 737 111 32 (Metz).

1706 778 77 27 Mme
1802 779 29 25 la
1850 777 137 27 Baronne
2007 776 289 33 Jacquinot-Collart,

2212 813 212 31 Bettembourg.

1707 855 68 27 Mlle
1794 856 135 30 Zimmer,
1948 854 133 31 rentière,
2100 854 111 26 Trêves.

1708 895 67 27 Mlle
1793 894 94 31 Baies,
1904 893 112 26 Trêves.

1707 933 76 26 Mme
1803 933 104 30 Traite,
1927 932 129 26 Aumetz.

1709 972 76 26 Mme
1800 971 140 30 Lemaire,
1958 970 83 27 Metz.

1707 1011 37 26 M.
1767 1009 192 32 Weisgerber,
1980 1009 161 30 négociant.
2165 1006 243 27 Esch-s.-Alzette.

1799 1099 235 56 Faits
2074 1097 269 58 divers

1945 1193 258 32 Frontières

1931 1255 127 30 Bagarre
2076 1254 153 31 sanglante

1748 1300 98 32 Arlon,
1863 1302 15 25 9
1895 1301 72 31 juin.
1984 1316 37 3 —
2035 1299 161 26 Dimanche
2211 1308 64 18 vers
2293 1301 16 25 6
2326 1299 103 26 heures

1712 1341 38 25 du
1766 1341 67 30 soir,
1850 1340 25 25 le
1893 1342 106 30 patron
2015 1339 69 25 d’un
2100 1338 63 27 café
2178 1338 73 26 situé
2268 1338 66 30 près
2350 1338 34 26 de
2401 1338 29 25 la

1710 1387 78 24 gare,
1808 1379 50 26 dut
1877 1378 136 31 expulser
2032 1386 41 18 un
2091 1376 206 32 perturbateur
2316 1376 114 25 nommé

1711 1417 142 31 Penning,
1896 1416 159 31 originaire
2098 1415 38 26 du
2160 1415 212 27 Grand-Duché
2397 1415 33 25 de

1710 1456 212 30 Luxembourg.
1965 1454 135 31 Penning
2142 1453 69 26 était
2237 1452 194 32 accompagné

1711 1494 69 27 d’un
1805 1494 136 26 Arlonais
1965 1493 115 25 nommé
2104 1492 97 26 Kraff.
2247 1491 74 26 Tous
2345 1491 85 30 deux,

1711 1534 108 25 étaient
1838 1533 62 30 pris
1920 1533 34 25 de
1974 1531 125 26 boisson.

1749 1572 135 30 Penning
1904 1570 123 26 attendit
2047 1569 73 26 dans
2141 1569 28 25 la
2190 1577 51 18 rue
2261 1577 52 17 son
2334 1575 82 19 cama-

1714 1611 69 25 rade
1799 1610 90 25 Kraff
1904 1612 25 24 et
1945 1609 40 25 lui
2002 1609 98 25 donna
2115 1616 39 18 un
2169 1616 74 23 coup
2260 1607 34 26 de
2309 1609 123 24 couteau

1712 1650 73 25 dans
1809 1648 171 26 l’abdomen.
2003 1647 37 25 Le
2064 1646 91 26 blessé
2178 1645 105 31 tomba,
2307 1645 125 31 perdant

1713 1688 38 26 du
1777 1695 73 23 sang
1876 1695 35 18 en
1937 1686 177 26 abondance.
2141 1684 52 26 Les
2219 1684 135 25 intestins
2380 1683 38 26 s’é-

1712 1726 177 30 chappaient
1911 1733 53 23 par
1987 1725 26 25 la
2036 1724 75 30 plaie
2132 1723 110 25 béante.

1750 1764 56 26 Des
1826 1764 123 26 témoins
1966 1771 30 19 se
2017 1762 105 26 mirent
2143 1761 17 26 à
2180 1761 28 25 la
2227 1761 151 32 poursuite
2398 1760 33 26 de

1713 1802 143 32 Penning,
1876 1802 49 31 qui
1946 1802 41 25 les
2006 1800 146 31 menaçait
2173 1799 34 27 de
2227 1807 52 19 son
2299 1799 133 29 couteau;

1713 1849 30 18 ce
1768 1841 72 26 n’est
1866 1840 66 32 qu’à
1957 1848 90 23 coups
2072 1839 33 26 de
2129 1838 96 31 pierre
2269 1837 87 31 qu’on
2381 1838 52 29 put

1713 1881 59 25 être
1794 1880 104 26 maître
1921 1879 37 26 du
1980 1878 123 26 forcené.
2127 1876 97 26 Blessé
2245 1876 18 26 à
2285 1883 52 20 son
2359 1877 74 27 tour,

1715 1919 134 31 Penning
1865 1918 42 26 fut
1925 1916 165 31 transporté
2107 1915 74 26 ainsi
2199 1922 55 24 que
2270 1922 32 18 sa
2319 1914 114 25 victime

1714 1957 15 27 à
1754 1957 130 31 l’hôpital
1906 1954 166 31 St-Joseph.

1842 2033 151 58 Les
2031 2028 277 63 Sports

1988 2118 187 29 CYCLISME

1752 2159 661 58 Nancy-Luxembourg

1810 2234 107 27 Course
1943 2233 226 28 internationale
2193 2239 51 19 sur
2272 2232 89 26 Route

1715 2289 151 24 organisée
1885 2289 55 23 par
1960 2284 7 22 1
1983 2284 92 22 Union
2096 2284 121 27 Uycliste
2236 2284 196 20 .Luxenmour-

1715 2321 96 31 geoise
1832 2327 69 19 avec
1925 2320 25 25 le
1972 2325 139 19 concours
2134 2317 34 26 de
2190 2317 16 25 Y
2211 2316 226 32 Indépendance

1734 2357 269 32 luxembourgeoise
2029 2359 26 23 et
2081 2357 34 26 de
2140 2355 18 27 Y
2161 2354 51 28 Est
2234 2354 181 31 républicain

1752 2404 80 26 Nous
1872 2410 170 24 annonçons
2082 2410 69 19 avec
2189 2401 105 31 plaisir
2332 2409 55 24 que
2407 2401 29 25 la

1715 2442 97 32 Coupe
1830 2441 215 34 présidentielle
2063 2448 65 19 sera
2147 2440 139 30 disputée,
2325 2447 110 19 comme

1717 2482 19 25 il
1751 2482 68 26 était
1837 2481 59 27 aisé
1912 2481 34 25 de
1962 2480 25 25 le
2004 2480 124 31 prévoir,
2144 2486 54 24 par
2214 2478 41 26 les
2271 2478 164 26 meilleures

1716 2520 116 31 pédales
1855 2528 54 24 que
1933 2519 141 31 pourront
2098 2519 102 25 mettre
2225 2525 34 17 en
2283 2516 77 31 ligne
2382 2523 52 19 nos

1716 2559 118 26 sociétés
1850 2557 171 33 régionales.

1750 2597 41 26 La
1814 2597 111 26 «Jeune
1944 2595 122 32 Cycliste
2087 2594 195 27 nancéienne»
2305 2592 131 26 mobilise

1716 2639 63 28 sept
1800 2642 146 19 coureurs.
1970 2634 74 27 C’est
2068 2633 27 25 là
2119 2641 39 19 un
2181 2632 44 25 bel
2250 2630 142 31 exemple;
2416 2630 20 25 il

1716 2681 65 19 sera
1800 2673 208 26 certainement
2028 2671 84 27 suivi.
2131 2672 40 25 La
2189 2670 110 26 clôture
2317 2669 49 25 des
2387 2677 35 18 en-

1715 2714 168 30 gagements
1923 2711 79 25 étant
2041 2708 257 29 irrévocablement
2338 2706 60 26 fixé
2419 2705 18 27 à

1715 2750 140 26 mercredi
1882 2751 30 24 11
1937 2749 74 30 juin,
2034 2755 73 18 nous
2130 2747 128 25 invitons
2280 2745 42 26 les
2343 2744 78 30 prési-

1715 2788 82 26 dents
1812 2788 49 26 des
1876 2787 79 26 clubs
1969 2785 130 32 cyclistes
2115 2785 17 25 à
2146 2784 91 25 éviter
2250 2784 60 25 tout
2326 2781 107 26 retard.

1714 2826 24 25 Il
1757 2834 36 18 ne
1810 2833 65 18 sera
1895 2824 120 26 accordé
2034 2830 96 19 aucun
2149 2821 84 28 délai,
2251 2828 69 19 sous
2337 2826 96 19 aucun

1714 2865 139 30 prétexte.

2055 2942 72 26 Prix

1750 2987 20 25 1.
1796 2986 58 26 Une
1879 2991 104 19 somme
2008 2983 31 25 de
2062 2982 49 25 400
2134 2982 96 25 francs
2253 2980 119 33 espèces,
2396 2979 28 26 of-

1713 3021 69 25 ferte
1799 3027 51 25 par
1866 3019 29 25 la
1912 3018 67 25 ville
1997 3017 32 25 de
2046 3015 96 33 Nancy
2162 3016 25 25 et
2206 3022 51 25 par
2273 3015 28 25 la
2318 3014 67 25 ville
2403 3014 31 25 de

1714 3053 199 31 Luxembourg,
1930 3053 25 24 et
1972 3058 53 19 une
2041 3049 127 26 médaille
2185 3050 96 30 argent
2299 3048 32 25 de
2347 3046 87 30 l’„Est

1713 3086 208 33 Républicain“.

1748 3121 23 25 2.
1795 3121 58 25 Une
1886 3127 105 18 somme
2015 3118 31 25 de
2068 3118 48 25 200
2139 3118 94 25 francs
2256 3123 32 18 en
2314 3114 119 32 espèces,

1716 3156 53 24 don
1792 3154 31 25 de
1844 3154 28 25 la
1894 3153 66 25 ville
1983 3152 31 25 de
2036 3151 200 30 Luxembourg,
2257 3150 25 25 et
2305 3156 54 18 une
2381 3147 42 25 mé-

1714 3188 84 25 daille
1820 3188 97 31 argent
1940 3187 32 25 de
1995 3185 87 30 l’„Est
2104 3183 210 34 Républicain“.

1748 3222 23 25 3.
1794 3220 58 26 Une
1873 3220 142 31 bicyclette
2039 3218 52 30 „La
2113 3216 178 32 Française“,
2311 3216 66 25 dont
2399 3215 35 25 du

1712 3255 113 33 journal
1846 3253 134 31 l’„Aéro“.

1747 3289 22 25 4.
1788 3288 58 25 Une
1863 3287 142 32 bicyclette
2024 3285 168 31 „Clément“,
2207 3292 90 25 pneus
2314 3283 120 31 Dunlop.

1713 3323 23 25 5.
1755 3322 58 25 Une
1836 3321 141 32 bicyclette
1997 3320 178 30 „Bourotte“,
2194 3319 54 25 don
2269 3318 33 25 de
2319 3318 28 25 la
2367 3317 55 25 mai-

1715 3364 51 18 son
1788 3355 143 30 Bourotte,
1953 3354 91 25 Paris.

1748 3390 22 25 6.
1794 3389 59 25 Une
1878 3396 104 19 somme
2008 3388 31 25 de
2065 3387 47 25 100
2135 3387 95 25 francs
2255 3393 31 18 en
2314 3385 120 32 espèces,

1714 3425 53 25 don
1792 3424 31 25 de
1844 3422 129 30 l’„Union
1997 3421 121 32 Cycliste
2141 3419 293 33 Luxembourgeoise“,

1713 3459 26 24 et
1760 3465 53 17 une
1835 3456 128 26 médaille
1983 3463 34 18 en
2039 3456 96 31 argent
2157 3454 101 25 offerte
2276 3460 53 25 par
2347 3452 88 30 l’„Est

1713 3491 207 33 Républicain“.

1749 3526 21 25 7.
1797 3525 58 25 Une
1881 3524 143 32 bicyclette
2051 3522 164 33 „Peugeot“,
2242 3529 68 18 sans
2336 3527 97 25 pneus,

1714 3560 98 25 offerte
1853 3566 52 25 par
1928 3558 25 25 le
1976 3557 112 33 journal
2114 3555 246 32 l’„Indêpendance
2383 3553 39 25 Lu-

1714 3592 250 33 xembourgeoise“.

1748 3627 23 25 8.
1794 3627 59 25 Une
1877 3625 143 32 bicyclette
2046 3623 155 33 „Peugeot“
2226 3630 70 18 sans
2337 3629 97 25 pneus,

1714 3661 98 25 offerte
1832 3667 50 25 par
1905 3660 38 25 M.
1964 3658 124 30 Wilmès,
2111 3658 31 25 de
2162 3657 52 25 FU.
2235 3656 30 26 C.
2284 3656 29 25 L.

1747 3694 22 25 9.
1790 3694 59 25 Une
1871 3700 107 18 somme
1998 3692 32 25 de
2051 3692 32 25 50
2103 3691 105 30 francs,
2245 3690 53 25 don
2337 3689 33 25 de
2405 3689 29 25 la

1713 3728 66 25 ville
1798 3728 32 25 de
1848 3727 129 32 Longwy.

1749 3762 37 25 10.
1805 3761 43 26 Un
1867 3760 190 26 chronomètre
2078 3759 89 33 „Lip“,
2186 3759 81 25 d’une
2285 3758 98 25 valeur
2403 3757 31 25 de

1713 3797 32 25 40
1761 3796 102 30 francs,
1881 3795 81 25 offert
1978 3802 51 25 par
2047 3793 37 25 M.
2101 3792 230 30 Wunsch-Wolff,
2347 3792 75 32 bijou-

1713 3831 59 25 tier.

1748 3865 37 25 11.
1808 3863 42 26 Un
1890 3862 237 33 porte-cigarettes
2167 3868 33 17 en
2222 3860 97 31 argent
2342 3859 91 30 niellé,

1714 3898 71 25 dans
1807 3905 37 17 un
1866 3897 65 30 étui,
1969 3896 83 25 offert
2074 3903 50 25 par
2147 3894 38 25 M.
2207 3894 26 25 le
2257 3893 106 26 Consul
2402 3892 31 25 de

1713 3932 105 25 France
1836 3931 15 25 à
1868 3931 198 31 Luxembourg.

1748 3965 39 25 12.
1805 3965 31 25 25
1854 3964 94 25 francs
1965 3971 34 18 en
2017 3963 121 33 espèces,
2156 3962 54 25 don
2227 3961 32 25 de
2277 3961 27 25 la
2326 3959 107 27 Société

1711 3999 140 31 française
1873 3999 31 25 de
1926 3997 198 25 Bienfaisance
2144 3996 16 25 à
2182 3996 197 31 Luxembourg.

1747 4033 39 25 13.
1808 4032 59 26 Une
1889 4032 78 32 paire
1990 4032 32 25 de
2044 4031 81 25 tubes
2148 4030 32 25 de
2201 4030 81 25 route
2324 4028 97 31 „Conti-

1713 4066 130 27 nental“.’

1748 4101 37 25 14.
1810 4101 58 25 Une
1891 4100 77 32 paire
1987 4099 30 25 de
2043 4099 80 25 tubes
2164 4097 32 25 de
2221 4099 80 23 route
2324 4096 97 30 „Conti-

1713 4134 119 26 nental“.

1749 4170 36 24 15.
1810 4168 58 25 Une
1893 4168 77 31 paire
1994 4167 31 25 de
2049 4167 80 25 tubes
2169 4166 32 25 de
2225 4166 80 24 route
2344 4164 76 30 „Woi-

1713 4203 70 25 ber“.

1748 4237 37 25 16.
1803 4236 58 26 Une
1878 4236 76 31 paire
1972 4235 32 25 de
2021 4242 83 17 roues
2121 4233 134 30 montées,
2272 4233 52 25 don
2343 4232 31 25 de
2395 4231 36 25 M.

1715 4271 67 25 Abel
1808 4270 135 32 Beugnot,
1986 4269 193 25 constructeur
2220 4266 32 25 de
2277 4266 98 32 cycles,
2416 4265 15 25 à

1714 4304 102 31 Nancy.

1748 4338 37 25 17.
1808 4337 58 25 Une
1889 4337 76 32 paire
1989 4337 32 25 de
2046 4343 81 17 roues
2151 4334 135 30 montées,
2324 4333 53 25 don
2401 4333 31 25 de

1716 4373 37 25 M.
1777 4372 67 25 Abel
1868 4371 135 31 Beugnot,
2026 4370 194 25 constructeur
2241 4369 32 25 de
2296 4367 97 31 cycles,
2416 4366 15 25 à

1714 4406 103 31 Nancy.

1747 4440 37 25 18.
1803 4440 41 25 Un
1862 4439 75 32 bijou
1956 4439 31 25 de
2004 4438 26 25 la
2050 4438 109 24 maison
2178 4436 81 30 Lava,
2279 4435 102 31 Nancy.

1748 4474 37 25 19.
1808 4473 58 25 Une
1890 4480 104 19 somme
2016 4471 31 25 de
2069 4471 31 25 20
2123 4470 94 25 francs
2239 4477 33 18 en
2312 4469 120 32 espèces,

1713 4508 52 25 don
1785 4507 32 25 de
1838 4507 36 25 M.
1898 4507 122 32 Georges
2040 4505 87 25 Kahn.

1745 4542 40 25 20.
1807 4541 41 25 Un
1887 4540 74 31 bijou
1986 4540 31 25 de
2039 4540 27 25 la
2089 4539 108 25 maison
2224 4537 126 30 Strauss,
2374 4538 57 29 „Au

1716 4575 115 30 Pacha“,
1849 4583 47 17 rue
1914 4574 47 25 des
1980 4573 201 30 Dominicains,
2199 4572 102 31 Nancy.

1747 4610 39 25 21.
1803 4609 58 25 Une
1876 4616 105 18 somme
1997 4607 30 25 de
2046 4607 30 25 10
2090 4607 102 29 francs,
2209 4606 52 25 don
2277 4606 30 25 dé
2323 4606 27 25 la
2368 4605 64 25 ville

1713 4644 31 25 de
1763 4643 97 31 Jarny.

1744 4677 39 25 22.
1806 4677 58 25 Une
1905 4683 104 18 somme
2031 4676 31 25 de
2085 4675 30 25 10
2138 4674 102 29 francs,
2262 4674 52 25 don
2337 4674 31 25 de
2393 4673 37 25 M.

1712 4711 31 25 de
1785 4710 209 33 Langenhagen,
2039 4709 130 25 sénateur
2195 4708 31 25 de
2255 4707 176 25 Meurthe-et-

1713 4744 127 25 Moselle.

1744 4778 39 25 23.
1805 4777 59 26 Une
1886 4777 107 32 épingle
2017 4777 147 32 artistique
2185 4777 31 25 de
2238 4777 25 24 la
2285 4776 146 32 bijouterie

1712 4812 162 30 Lexcellent,
1898 4812 102 31 Nancy.

1744 4847 39 25 24.
1808 4847 39 24 Un
1871 4845 229 32 bijou-souvenir.

1743 4881 40 25 25.
1806 4880 41 25 Un
1871 4880 228 32 bijou-souvenir.

1744 4914 40 25 26.
1799 4914 43 25 Un
1860 4914 53 25 bon
1929 4920 70 25 pour
2016 4913 30 25 10
2062 4913 94 25 francs
2173 4913 31 25 de
2221 4912 209 25 marchandises

1744 4948 39 25 27.
1800 4948 41 25 Un
1860 4947 52 25 bon
1930 4954 69 25 pour
2016 4947 30 25 10
2063 4947 93 25 francs
2174 4947 31 25 de
2222 4946 208 26 marchandises

1743 4982 40 25 28.
1801 4983 16 25 5
1837 4982 101 25 francs.

1744 5016 39 25 29.
1809 5017 15 25 5
1847 5016 102 25 francs.

1744 5050 39 25 30.
1800 5050 15 25 5
1831 5050 102 25 francs.

1925 5112 110 27 Encore
2052 5118 57 19 une
2124 5111 92 29 prime

1744 5152 36 28 La
1806 5153 107 25 maison
1938 5151 112 25 Wolber
2072 5152 106 31 promet
2201 5151 27 25 la
2271 5158 105 19 somme
2398 5151 31 25 de

1710 5186 48 25 200
1781 5188 94 24 francs
1915 5194 34 18 en
1989 5185 112 32 espèces
2125 5192 36 18 au
2184 5186 123 32 gagnant
2330 5185 31 25 de
2386 5185 33 25 l’é-

1709 5227 110 25 preuve,
1839 5220 44 25 s’il
1904 5221 91 25 monte
2015 5227 45 18 ses
2079 5226 96 25 pneus.
2196 5220 69 25 Avis
2283 5226 52 19 aux
2355 5226 63 19 ama-

1710 5255 84 22 teurs.

1858 5323 52 28 Les
1931 5324 140 30 premiers
2093 5326 205 29 engagements

1744 5364 78 25 Nous
1843 5364 130 32 publions
1996 5364 27 25 la
2046 5363 134 34 première
2202 5363 64 26 liste
2289 5364 129 32 d’engage-

1710 5399 97 25 ments.

1744 5433 86 25 Outre
1871 5433 41 25 les
1936 5440 80 18 noms
2041 5433 66 25 dont
2132 5440 72 18 nous
2228 5440 89 19 avons
2339 5432 79 32 précé-

1709 5468 136 25 demment
1867 5466 128 33 souligné
2015 5466 27 26 la
2065 5466 135 30 célébrité,
2222 5474 66 19 ceux
2310 5467 31 25 de
2363 5474 55 18 nou-

1710 5508 86 19 veaux
1814 5502 161 31 champions
1991 5500 121 33 figurent
2128 5507 65 19 avec
2209 5502 99 25 autant
2324 5501 103 26 d’éclat.

1742 5535 36 25 Le
1804 5535 118 32 premier
1947 5536 76 30 geste
2050 5535 31 25 de
2107 5534 153 31 Vallotton,
2286 5535 143 25 dimanche

1710 5570 66 29 soir,
1798 5569 41 25 fut
1864 5569 31 25 de
1920 5569 132 25 réclamer
2074 5576 53 18 une
2167 5569 167 32 inscription
2358 5570 69 25 dans

1709 5603 137 32 l’épreuve
1872 5602 31 25 de
1929 5602 143 26 dimanche
2097 5602 139 32 prochain.
2279 5603 36 25 Le
2340 5604 75 25 cham-

1704 5641 68 35 pion
1793 5637 32 26 de
1850 5636 316 33 Peugeot-Continental
2189 5637 74 25 vient
2288 5638 139 25 renforcer

2462 114 41 26 les
2522 114 113 34 équipes
2653 115 156 33 françaises
2827 118 26 25 et
2870 118 61 25 leur
2950 118 92 33 prêter
3060 126 37 19 un
3115 118 69 26 utile

2463 150 84 32 appui
2565 157 69 25 pour
2651 151 85 25 lutter
2754 152 94 25 contre
2865 152 41 25 les
2925 153 177 26 redoutables
3120 162 52 18 rou-

2462 184 68 26 tiers
2551 184 31 25 de
2601 184 28 25 la
2647 184 113 33 Légion-
2767 185 75 32 Soly.

2489 218 20 25 1.
2529 218 30 25 G.
2577 218 152 33 Chanpion,
2747 220 80 29 Toul;
2843 220 22 25 2.
2883 220 145 32 Lamberty
3046 222 136 31 Edouard,

2462 252 82 32 Lexy;
2568 253 23 25 3.
2618 253 160 31 Micheletti,
2805 255 88 30 Jœuf;
2919 255 23 25 4.
2967 255 95 25 Victor
3087 256 94 32 Ferry,

2461 286 107 33 Nancy;
2590 288 22 25 5.
2640 288 97 25 Simon
2763 288 78 30 Paul,
2865 289 107 32 Nancy;
3013 290 21 25 6.
3058 289 123 27 Roussel

2461 321 110 30 Ernest,
2590 321 107 32 Nancy;
2717 323 22 25 7.
2758 322 120 26 Laurent
2897 323 96 30 Emile,
3015 323 166 27 Saulxures-

2460 354 180 29 les-Vannes;
2664 357 21 25 8.
2709 356 107 26 Franck
2837 357 66 30 Hill,
2928 358 79 27 Toul;
3030 358 22 25 9.
3073 358 107 31 Lenoir,

2463 389 133 25 Momalle
2615 389 167 34 (Belgique);
2800 392 38 25 10.
2856 391 95 33 Remy,
2972 391 118 34 Seraing
3107 392 62 33 (Bel-

2460 424 102 33 gique);
2592 425 38 25 11.
2656 424 111 26 Lauben
2771 425 64 30 thaï,
2866 426 118 33 Seraing
3012 426 167 34 (Belgique);

2463 458 36 25 13.
2526 459 119 25 Chassot
2672 459 84 30 René,
2783 459 94 31 Paris;
2922 460 36 25 14.
3002 460 179 32 Barthélemy

2460 492 121 30 Honoré;
2605 493 37 25 15.
2663 492 129 26 Lemoine
2812 493 122 33 Eugène;
2958 495 37 25 16.
3019 495 158 32 Comparini

2461 526 117 30 Conrad,
2600 527 88 30 Jœuf;
2711 527 37 25 17.
2775 527 140 26 Serrières
2936 529 113 30 Hubert,
3072 529 107 32 Nancy;

2462 561 37 25 18.
2520 561 113 25 Tassier
2651 561 117 30 Gaston,
2786 562 101 30 Athus;
2906 563 37 25 18.
2964 563 117 33 Zingrac
3100 563 79 30 Paul,

2462 595 132 26 Marville
2619 596 133 32 (Meuse);
2777 596 38 25 20.
2840 596 153 30 Vallotton,
3021 597 94 30 Paris;
3139 597 40 25 21.

2462 629 140 30 Gœthals;
2618 630 41 25 22.
2677 630 76 25 René
2772 629 113 31 Michel;
2903 630 39 25 23.
2962 630 125 31 Pierron,
3106 631 63 25 Nan-

2460 671 42 25 cy;
2529 664 38 25 24.
2596 664 85 30 Muel,
2706 664 106 32 Nancy;
2838 664 39 25 25.
2905 664 140 30 Pertusot,
3073 666 106 31 Nancy;

2459 698 40 25 26.
2519 698 111 32 Leloup,
2651 698 106 32 Nancy;
2796 698 39 25 27.
2857 699 176 32 Jeanperrin,
3072 700 107 32 Nancy;

2460 732 39 25 28.
2516 732 73 25 Léon
2607 733 121 30 Parisot,
2745 733 103 31 Nancy.

2493 766 140 26 Coureurs
2654 766 241 32 luxembourgeois
2915 766 101 25 devant
3037 767 132 32 représen-

2460 802 41 23 ter
2520 800 49 25 l’U.
2589 800 28 25 C.
2636 800 38 25 L.:

2494 834 39 25 29.
2554 834 88 30 Befîa,
2663 835 31 25 de
2715 835 150 30 Hollerich;
2903 835 39 25 30.
2980 835 130 30 Reinard,
3149 836 31 25 de

2460 868 116 30 Kehlen;
2598 869 39 25 31.
2661 869 142 30 Melchior,
2824 869 31 25 de
2877 869 83 32 Kayl;
2982 869 39 25 32.
3045 869 83 30 Wetz,
3149 870 31 25 de

2463 902 200 30 Pulfermuhle;
2705 903 39 25 33.
2771 903 110 30 Peiffer,
2922 904 31 25 de
2992 903 122 30 Kœrich;
3140 904 39 25 34.

2462 937 147 30 Friedrich,
2635 937 31 25 de
2698 937 171 33 Senningen;
2896 937 39 26 35.
2963 937 106 25 Arnold
3095 937 85 30 Konz,

2461 971 31 25 de
2510 970 198 33 Luxembourg.

2497 1005 140 25 Coureurs
2660 1005 103 32 belges:

2496 1039 40 25 36.
2558 1039 85 25 Louis
2668 1039 136 32 Faynant,
2830 1040 31 25 de
2883 1039 131 30 Laroche;
3040 1039 39 25 37.
3105 1039 76 26 René

2463 1073 111 30 Latran,
2590 1074 31 25 de
2640 1074 111 30 Virton;
2770 1074 38 25 38.
2830 1074 108 30 Maritz,
2958 1074 30 25 de
3007 1074 116 30 Namur;
3142 1074 38 25 39.

2464 1107 164 33 Despontin,
2654 1107 31 25 de
2710 1107 116 30 Namur;
2852 1107 38 25 40.
2917 1107 135 30 Allardin,
3079 1107 31 25 de
3139 1107 42 26 St-

2462 1140 92 33 Léger.

2496 1175 162 33 Rappelons
2676 1183 51 25 que
2743 1175 41 26 les
2801 1175 82 25 listes
2902 1175 222 32 d’engagements
3142 1183 29 18 se-

2463 1211 63 24 ront
2549 1210 219 25 définitivement
2808 1209 123 26 arrêtées
2954 1217 28 18 ce
3007 1210 65 30 soir,
3096 1209 16 25 à
3134 1210 36 25 mi-

2463 1244 69 25 nuit.
2554 1244 74 26 C’est
2650 1244 69 25 donc
2740 1244 25 25 le
2788 1244 108 25 dernier
2915 1244 63 32 jour
3000 1244 36 25 où
3057 1244 41 25 les
3122 1251 49 17 cou-

2463 1286 80 17 reurs
2564 1279 135 31 pourront
2722 1285 30 18 se
2771 1277 69 25 faire
2864 1277 117 25 inscrire
3002 1285 36 18 au
3059 1277 72 25 local
3151 1277 31 25 de

2464 1312 50 25 l’U.
2535 1311 27 26 C.
2579 1311 36 30 L.,
2634 1311 66 26 Café
2718 1312 35 25 du
2771 1312 165 30 Commerce,
2954 1312 78 31 place
3049 1311 135 30 d’Armes,

2463 1345 198 33 Luxembourg.
2682 1346 78 25 Nous
2779 1346 153 25 adressons
2952 1353 36 18 un
3009 1346 109 25 dernier
3138 1353 34 25 ap-

2464 1380 43 32 pel
2526 1387 54 17 aux
2599 1387 132 19 coureurs
2750 1380 241 32 luxembourgeois
3012 1387 69 25 pour
3101 1380 82 32 qu’ils

2465 1414 157 25 s’efforcent
2644 1414 31 25 de
2695 1420 104 26 gagner
2821 1414 25 25 le
2869 1414 140 32 challenge
3033 1414 35 25 du
3092 1413 80 26 Prési-

2464 1448 64 25 dent
2548 1448 30 25 de
2599 1448 27 25 la
2646 1448 173 32 République
2839 1447 147 32 française,
3007 1448 54 31 qui,
3081 1454 103 19 comme

2465 1489 72 18 nous
2558 1482 109 25 l’avons
2689 1481 38 25 dit
2750 1482 66 30 hier,
2837 1489 62 18 sera
2920 1481 113 25 décerné
3056 1481 16 25 à
3091 1481 28 25 la
3142 1489 31 18 so-

2465 1515 67 25 ciété
2552 1516 46 31 qui
2618 1516 139 31 comptera
2777 1516 26 25 le
2821 1516 63 32 plus
2907 1516 30 25 de
2958 1515 135 25 membres
3114 1516 70 25 dans

2464 1549 41 26 les
2527 1551 89 24 trente
2636 1550 134 27 premiers
2791 1550 151 25 arrivants.

2521 1612 51 27 Les
2591 1612 142 27 contrôles
2755 1612 33 26 de
2809 1612 79 26 Jœuf
2907 1614 25 25 et
2953 1612 33 26 de
3007 1613 124 30 Longwy

2503 1666 36 26 Le
2558 1666 224 27 ravitaillement
2802 1675 74 18 aura
2892 1667 58 26 lieu
2969 1667 73 25 dans
3061 1667 40 26 les
3119 1674 52 19 con-

2467 1705 86 26 trôles
2570 1706 35 25 de
2622 1705 80 26 Jœuf
2720 1707 25 24 et
2765 1705 34 27 de
2815 1705 134 31 Longwy.
2965 1705 63 27 Une
3046 1705 126 26 neutrali-

2466 1744 95 25 sation
2585 1744 35 26 de
2644 1744 51 26 dix
2719 1744 125 26 minutes
2870 1746 88 29 ayant
2980 1744 43 25 été
3046 1744 140 26 réclamée

2467 1789 56 24 par
2536 1782 69 26 MM.
2620 1782 127 27 Berrens
2761 1784 26 24 et
2802 1782 100 31 Mérot,
2916 1782 80 26 chefs
3010 1783 34 25 de
3059 1790 45 19 ces
3119 1790 53 18 con-

2468 1821 95 30 trôles,
2580 1821 19 27 il
2618 1829 35 17 en
2670 1829 17 17 a
2703 1821 42 25 été
2763 1821 75 26 ainsi
2856 1821 96 26 décidé
2969 1829 55 23 par
3041 1821 40 26 les
3098 1821 74 26 comi-

2467 1859 41 25 tés
2527 1859 238 31 d’organisation.

2504 1896 44 26 En
2573 1898 99 25 raison
2695 1898 34 25 de
2752 1898 28 26 la
2803 1898 107 30 qualité
2934 1898 49 26 des
3007 1898 179 30 champions,

2469 1943 36 18 on
2526 1938 68 29 peut
2615 1936 117 26 évaluer
2753 1936 18 25 à
2792 1936 35 25 28
2848 1936 163 25 kilomètres
3034 1936 28 25 la
3084 1936 103 26 vitesse

2469 1982 142 24 moyenne
2629 1975 37 25 du
2684 1974 115 31 peloton
2817 1975 34 25 de
2869 1975 63 25 tête.

2504 2013 38 26 Le
2559 2013 115 26 tableau
2692 2013 35 26 de
2744 2012 118 27 marche
2879 2013 160 25 ci-dessous
3057 2013 129 25 donnera

2470 2052 73 26 donc
2558 2060 80 18 assez
2655 2053 181 25 exactement
2851 2050 137 27 l’horaire
3003 2051 35 26 de
3052 2058 52 19 son
3121 2058 53 23 pas-

2469 2098 69 24 sage
2554 2090 148 31 probable:

2506 2129 102 30 Nancy
2631 2127 142 34 (départ),
2794 2129 14 25 7
2830 2128 27 26 h.
2878 2129 36 26 30
2935 2129 103 30 matin;
3061 2127 127 27 Gondre-

2469 2168 74 30 ville,
2561 2169 18 25 8
2596 2168 112 25 heures.
2726 2167 68 27 Toul
2827 2165 144 32 (contrôle
2986 2163 122 34 volant),
3126 2166 25 26 8'
3161 2165 26 25 h.

2472 2207 44 30 12;
2535 2206 231 31 Ménil-la-Tour,
2782 2207 16 25 8
2815 2206 26 26 h.
2859 2206 47 30 25;
2924 2205 186 31 Bernécourt,
3128 2206 16 25 8
3161 2204 27 25 h.

2469 2246 47 30 45;
2533 2244 107 32 Flirey,
2656 2245 17 26 8
2690 2244 27 26 h.
2735 2246 46 30 55;
2799 2243 311 33 Essey-et-Maizerais,
3128 2244 16 25 9
3160 2243 28 25 h.

2471 2285 43 30 10;
2534 2283 212 30 Bouilionville,
2765 2284 17 25 9
2801 2283 27 25 h.
2847 2283 47 30 20;
2912 2282 176 27 Thiaucourt
3107 2279 69 33 (con-

2470 2321 71 27 trôle
2559 2321 122 32 volant),
2699 2322 18 25 9
2734 2321 27 25 h.
2779 2322 44 25 25.

2507 2361 120 31 Jaulny,
2644 2362 18 25 9
2679 2360 25 26 h.
2722 2361 47 30 30;
2788 2359 132 31 Waville,
2938 2360 17 25 9
2973 2359 26 25 h.
3019 2360 46 30 45;
3084 2359 101 26 Gham-

2469 2399 72 31 bley,
2566 2401 34 25 10
2621 2399 114 30 heures;
2759 2398 144 30 Puxieux,
2927 2399 32 25 10
2979 2398 27 26 h.
3030 2398 43 30 10;
3096 2396 93 27 Mars-

2469 2438 127 30 la-Tour,
2621 2439 34 25 10
2673 2437 26 26 h.
2724 2438 44 30 15;
2790 2436 104 32 Jarny,
2917 2437 34 25 10
2970 2436 27 25 h.
3019 2436 46 30 30;
3086 2435 102 31 Labry,

2473 2478 34 25 10
2521 2477 27 25 h.
2563 2477 46 30 35;
2627 2476 128 30 Hatrize,
2772 2477 34 25 10
2821 2475 27 26 h.
2863 2476 46 30 40;
2924 2475 172 30 Beaumont,
3113 2475 33 25 10
3162 2473 26 26 h.

2469 2516 47 30 45;
2537 2514 173 30 Moineville,
2732 2515 33 25 10
2782 2513 26 25 h.
2828 2514 46 29 55;
2894 2513 127 30 Auboué,
3043 2513 30 25 11
3096 2513 27 25 h.
3142 2513 46 30 05;

2469 2553 81 26 Jœuf
2571 2551 143 32 (contrôle
2754 2551 69 32 fixe,
2864 2549 250 32 ravitaillement),
3157 2551 30 25 11

2471 2592 25 25 h.
2518 2593 33 25 15
2568 2612 6 4 .

2506 2630 57 25 Dix
2583 2630 127 25 minutes
2749 2627 354 30 d’arrêt-neutralisation,
3143 2626 33 26 dé-

2470 2671 65 29 part
2555 2667 18 26 à
2594 2669 31 25 11
2645 2668 27 25 h.
2711 2667 47 31 25;
2779 2667 87 31 Briey
2905 2664 144 32 (contrôle
3067 2663 123 32 volant),

2473 2708 30 25 11
2528 2707 27 25 h.
2575 2708 46 30 40;
2644 2706 173 30 Moineville,
2841 2705 83 30 midi;
2946 2704 138 30 Landres,
3108 2704 33 25 12
3163 2702 26 25 h.

2473 2747 45 29 10;
2534 2744 221 30 Mercy-le-Bas,
2773 2744 32 25 12
2822 2744 26 25 h.
2865 2744 47 29 30;
2929 2741 165 31 Mainbotel,
3112 2742 33 25 12
3162 2740 26 25 h.

2468 2782 47 30 35;
2538 2782 159 30 Boismont,
2722 2782 33 25 12
2777 2781 26 25 h.
2827 2782 47 29 45;
2898 2780 181 30 Pierrepont,
3106 2779 32 25 12
3161 2778 26 25 h.

2468 2821 46 30 55;
2538 2820 158 31 Longuyon
2722 2821 9 29 (
2736 2818 129 27 contrôle
2886 2815 122 32 volant),
3034 2817 32 25 13
3090 2817 26 25 h.
3143 2817 44 29 15;

2468 2859 191 30 Tellancourt,
2683 2859 34 25 13
2736 2858 27 25 h.
2782 2858 47 30 40;
2849 2854 283 31 Villers-la-Ghèvre,
3156 2854 32 26 13

2469 2898 26 26 h.
2513 2898 46 30 50;
2578 2896 208 32 Longwy-Bas,
2807 2896 34 25 14
2857 2895 27 26 h.
2903 2892 144 33 (contrôle
3063 2892 62 32 fixe
3140 2900 35 19 ra-

2468 2934 197 31 vitaillement,
2711 2935 51 25 dix
2786 2934 127 26 minutes
2936 2934 36 26 de
3014 2932 160 26 neutralisa-

2470 2975 85 30 tion).

2505 3013 134 31 Longwy,
2663 3013 111 31 départ,
2819 3013 34 25 14
2875 3012 27 25 h.
2926 3012 43 30 10;
3012 3008 177 33 Longlaville

2472 3051 154 32 (frontière
2642 3051 157 31 française,
2816 3048 139 31 douane),
2975 3049 33 25 14
3024 3048 26 25 h.
3068 3048 47 30 30;
3134 3046 48 25 Ro-

2469 3090 96 30 dange
2583 3089 206 31 (changement
2806 3088 127 30 d’heure,
2952 3084 138 33 douane),
3111 3086 32 25 15
3162 3084 26 26 h.

2468 3129 47 31 40;
2540 3129 135 30 Pétange,
2701 3128 32 25 15
2755 3127 28 25 h.
2804 3127 47 30 50;
2874 3124 195 31 Bascharage,
3095 3124 33 25 16
3150 3123 38 30 h.,

2469 3166 294 31 Esch-sur-I’AIzette,
2806 3166 33 25 16
2859 3164 26 26 h.
2907 3164 46 30 25;
2975 3162 212 30 Bettembourg,

2473 3207 32 25 16
2521 3205 25 26 h.
2564 3206 45 27 45;
2627 3204 203 30 Luxembourg
2847 3200 151 33 (arrivée),
3016 3203 31 25 17
3064 3200 26 26 h.
3110 3201 40 25 10.

2505 3244 74 27 Tous
2601 3244 40 26 les
2662 3250 139 19 coureurs
2821 3244 63 24 sont
2908 3241 102 25 invités
3030 3239 18 26 à
3067 3247 30 19 se
3118 3240 57 24 met-

2469 3286 43 23 tre
2530 3291 36 18 en
2583 3282 79 31 règle
2678 3289 69 18 avec
2763 3281 28 25 la
2810 3281 122 30 douane,
2952 3278 75 26 ainsi
3044 3286 56 23 que
3115 3285 74 18 nous

2469 3321 110 26 l’avons
2596 3320 233 32 précédemment
2848 3318 125 30 indiqué.

2506 3359 61 26 Une
2588 3359 145 32 première
2753 3358 64 25 liste
2838 3357 50 25 des
2909 3356 206 31 engagements
3136 3361 37 23 pa-

2469 3398 93 27 raîtra
2579 3398 74 25 dans
2670 3398 84 24 notre
2770 3395 143 31 prochain
2930 3394 130 26 numéro.

2505 3436 40 26 La
2564 3436 176 31 description
2760 3435 36 25 de
2812 3435 27 25 la
2858 3436 90 28 route,
2968 3431 221 32 l’organisation

2469 3476 49 26 des
2537 3475 141 27 contrôles
2700 3474 112 25 volants
2832 3475 25 24 et
2877 3472 84 30 fixes,
2983 3471 27 25 la
3030 3469 145 32 participa-

2468 3515 60 25 tion
2552 3514 49 25 des
2623 3513 129 25 maisons
2775 3510 228 30 d’automobiles,
3046 3509 40 25 les
3108 3509 80 25 notes

2468 3562 50 18 sur
2538 3553 41 26 les
2597 3555 92 24 teams
2709 3552 51 25 des
2777 3550 129 26 maisons
2927 3549 34 26 de
2980 3548 91 31 cycles
3091 3550 97 23 seront

2469 3592 111 26 ensuite
2601 3590 121 32 publiés.

2529 3628 322 30 Nancv-Luxembourg
2876 3634 65 19 sera
2969 3623 205 28 incontestable-

2469 3672 77 24 ment
2563 3670 27 25 la
2605 3669 65 31 plus
2685 3666 224 28 sensationnelle
2923 3666 124 30 épreuve
3062 3663 127 31 sportive

2470 3709 33 26 de
2521 3709 28 25 la
2567 3708 96 25 saison
2683 3715 35 18 en
2734 3705 149 30 Lorraine,
2901 3705 102 25 autant
3019 3711 56 23 par
3093 3702 28 25 la
3138 3709 36 18 no-

2468 3747 100 27 toriété
2590 3746 34 26 de
2645 3754 44 18 ses
2711 3751 138 19 coureurs
2870 3745 25 24 et
2917 3742 201 30 l’importance
3140 3739 48 25 des

2468 3787 67 30 prix
2577 3793 54 24 que
2655 3792 55 24 par
2733 3783 28 25 la
2803 3781 201 32 répercussion
3046 3777 141 32 profonde

2468 3825 102 31 qu’elle
2590 3832 74 18 aura
2683 3822 73 25 dans
2774 3821 41 26 les
2853 3819 138 26 relations
3030 3819 80 25 entre
3147 3815 41 26 les

2469 3864 77 26 deux
2564 3870 70 24 pays
2653 3860 116 26 voisins.

2710 3919 238 30 ATHLÉTISME

2522 3970 36 22 Le
2577 3968 123 25 meeting
2719 3965 206 27 international
2943 3964 36 26 du
2998 3962 136 30 Sporting

2501 4010 37 25 La
2557 4009 53 25 fête
2629 4008 35 25 du
2688 4005 217 35 Sporting-Club
2923 4012 16 18 a
2958 4002 131 26 bénéficié
3108 4002 80 25 d’une

2466 4043 114 33 journée
2600 4042 96 26 idéale.
2717 4040 59 25 Elle
2796 4047 15 18 a
2831 4039 42 25 été
2892 4039 90 25 suivie
3002 4044 65 19 avec
3087 4035 100 25 intérêt

2468 4085 50 25 par
2535 4084 53 19 une
2608 4076 69 25 belle
2696 4075 158 25 assistance
2873 4073 32 25 de
2925 4073 181 32 spectateurs,
3127 4077 49 25 par-

2468 4112 36 25 mi
2527 4111 124 32 lesquels
2675 4117 35 17 on
2752 4107 169 32 remarquait
2962 4106 25 25 le
3028 4106 86 25 comte
3156 4104 31 25 de

2471 4145 149 29 Schwerin,
2662 4142 201 26 ambassadeur
2887 4140 195 31 d’Allemagne.
3125 4138 23 25 Il
3171 4145 16 25 y

2468 4182 45 23 eut
2534 4179 31 25 de
2585 4178 86 25 belles
2694 4178 86 25 luttes
2802 4178 26 24 et
2851 4176 31 25 de
2904 4173 158 33 splendides
3084 4172 93 33 perfor-

2468 4221 119 22 mances,
2627 4211 89 33 parmi
2740 4210 151 32 lesquelles
2915 4209 19 25 il
2960 4208 58 25 faut
3045 4206 142 31 souligner

2468 4248 83 25 celles
2569 4245 164 32 accomplies
2750 4252 51 25 par
2815 4244 25 25 J.
2862 4243 111 30 Muller,
2990 4242 33 25 du
3046 4240 140 33 Sporting,

2467 4282 45 32 qui
2533 4281 96 25 enleva
2650 4280 25 25 le
2694 4279 60 32 prix
2775 4278 34 25 du
2831 4278 63 25 saut
2914 4284 33 18 en
2967 4277 135 31 longueur
3122 4282 65 17 avec

2467 4323 36 17 un
2524 4315 70 25 bond
2614 4315 31 25 de
2665 4314 14 25 6
2700 4321 34 17 m.
2754 4312 40 31 02,
2815 4312 119 31 (battant
2953 4310 74 25 ainsi
3047 4310 25 25 le
3092 4308 94 26 record

2466 4348 102 26 officiel
2594 4346 240 33 luxembourgeois
2859 4345 99 25 détenu
2984 4343 96 32 depuis
3124 4342 63 25 1910

2468 4391 50 25 par
2533 4381 148 27 Fournelle
2696 4388 65 18 avec
2777 4381 15 25 5
2806 4388 34 17 m.
2855 4379 41 33 70)
2915 4380 25 25 et
2957 4378 69 25 celui
3042 4378 31 25 de
3089 4377 47 25 400
3152 4384 34 17 m.

2467 4425 32 17 en
2521 4417 56 25 58”.
2598 4416 36 25 Le
2656 4415 63 25 1600
2739 4422 34 18 m.
2794 4414 86 25 relais
2903 4413 115 25 souleva
3038 4412 41 25 les
3101 4411 74 27 accla-

2466 4452 122 25 mations
2607 4451 35 25 du
2662 4449 151 25 nombreux
2831 4448 92 32 public
2942 4448 25 25 et
2986 4447 41 25 fut
3047 4447 88 32 gagné
3155 4447 31 25 de

2465 4493 52 25 peu
2541 4492 51 25 par
2615 4485 28 25 la
2670 4483 104 26 Metzer
2800 4482 273 33 Sportvereinigung.

2748 4537 157 28 Résultats:

2504 4580 69 25 Saut
2599 4588 31 17 en
2656 4580 145 31 longueur:
2844 4579 23 31 1)
2896 4578 104 25 Muller
3024 4577 42 31 (S.
3093 4576 27 26 C.
3145 4576 37 32 L.)

2466 4616 14 24 6
2497 4623 32 17 m.
2547 4615 42 29 02;
2607 4614 25 32 2)
2651 4613 92 32 Feipel
2763 4612 49 32 (M.
2835 4612 37 33 S.)
2892 4612 15 25 5
2924 4619 33 17 m.
2975 4612 42 28 54;
3035 4611 25 32 3)
3078 4610 107 25 Rickel-

2466 4649 96 30 berger
2579 4648 51 30 (M.
2651 4647 38 32 S.)
2707 4648 14 25 5
2739 4655 34 18 m.
2788 4647 39 25 45.

2502 4683 47 25 100
2568 4689 46 18 m.:
2637 4682 23 30 1)
2688 4681 114 25 Servais
2823 4680 42 32 (S.
2887 4680 27 25 C.
2938 4679 37 31 L.)
2999 4679 46 25 12”
3068 4679 52 30 1/5;
3158 4678 25 29 2)

2467 4716 147 33 Bolzinger
2638 4715 50 33 (M.
2716 4715 51 33 S.);
2790 4715 25 32 3)
2842 4714 103 25 Muller
2968 4713 41 32 (S.
3035 4713 28 25 C.
3085 4713 50 30 L.);
3158 4713 25 31 4)

2469 4750 73 25 Stoll
2559 4749 41 32 (S.
2616 4749 28 26 C.
2660 4749 38 32 L.)
2716 4749 74 25 Tous
2804 4749 69 25 dans
2890 4755 36 18 un
2941 4748 149 25 mouchoir.
3107 4741 78 30 Belle

2464 4785 69 25 lutte
2554 4792 70 25 pour
2643 4784 27 25 la
2689 4784 77 30 place
2786 4783 31 25 de
2838 4782 107 25 second.

2497 4818 166 25 Lancement
2684 4818 35 25 du
2741 4817 91 33 poids:
2855 4817 23 31 1)
2907 4815 73 26 Stoll
3000 4816 15 24 9
3036 4823 34 17 m.
3095 4815 40 30 12;
3157 4815 25 31 2)

2466 4852 57 25 Alff
2541 4851 41 33 (S.
2601 4852 26 25 C.
2645 4852 38 32 L.)
2701 4852 14 25 9
2733 4859 33 18 m.
2783 4851 42 28 01;
2843 4851 25 30 3)
2889 4850 114 25 Servais
3020 4850 63 28 8,81.

2503 4886 69 26 Saut
2588 4886 15 25 à
2619 4886 27 25 la
2661 4886 107 32 perche;
2787 4886 23 30 1)
2826 4885 119 32 Wagner
2961 4883 42 31 (S.
3020 4884 27 25 C.
3063 4883 38 31 L.)
3119 4883 14 25 2
3151 4892 32 16 m.

2464 4920 43 30 75;
2527 4920 25 32 2)
2572 4919 87 31 Leroy
2679 4919 152 33 (Loguyon)
2852 4919 15 25 2
2886 4925 34 19 m.
2941 4918 39 25 70.

2497 4954 48 25 400
2565 4962 46 18 m.:
2633 4946 23 41 f)
2680 4952 103 26 Muller
2804 4952 59 29 58”;
2883 4952 25 32 2)
2931 4952 104 32 Feipel;
3057 4952 25 32 3)
3105 4951 68 33 Wag-

2464 4996 57 19 ner.

2499 5022 63 25 1500
2579 5030 46 17 m.:
2645 5023 22 32 1)
2688 5022 198 25 Heinzelmann
2908 5020 50 33 (M.
2979 5020 38 32 S.)
3037 5019 74 25 4’48”
3129 5020 52 30 1/5;

2464 5056 25 32 2)
2512 5056 136 25 München
2670 5056 41 32 (S.
2732 5055 29 26 C.
2780 5055 38 30 L.)
2839 5055 15 25 à
2876 5055 11 25 1
2909 5055 96 30 mètre;
3025 5054 25 32 3)
3073 5053 99 26 Betten
3175 5069 8 3 -

2464 5090 82 30 dorff;
2566 5091 25 31 4)
2612 5090 104 26 Völker
2738 5090 42 28 (R.
2804 5089 28 25 C.
2854 5089 37 33 L.)

2497 5124 163 25 Lancement
2678 5124 36 25 du
2729 5123 107 32 disque;
2854 5123 24 31 1)
2894 5123 68 25 Finé
2980 5122 49 33 (M.
3050 5123 38 32 S.)
3106 5123 31 25 27
3150 5130 32 18 m.

2464 5158 42 27 90:
2526 5158 25 32 2)
2576 5158 114 25 Servais
2710 5157 31 25 27
2761 5165 33 17 m.
2815 5157 41 29 47;
2878 5156 25 30 3)
2925 5156 93 32 Feipel
3037 5156 32 25 26
3089 5165 34 17 m.
3143 5156 38 25 71.

2497 5193 48 25 800
2565 5200 45 18 m.:
2650 5193 22 31 1)
2695 5191 68 25 Finé
2781 5191 23 25 2’
2815 5191 42 30 34;
2877 5191 25 32 2)
2923 5190 112 26 Heimes
3056 5189 49 34 (M.
3130 5190 51 32 SJ;

2463 5226 25 33 3)
2511 5226 87 26 Scotti
2619 5225 91 33 (Spa).

2497 5260 165 26 Lancement
2679 5260 34 25 du
2731 5260 114 30 javelot:
2865 5260 24 31 1)
2908 5259 115 31 Nicolay
3041 5259 32 26 33
3090 5267 33 17 m.
3145 5260 36 25 17.

2464 5294 25 31 2)
2508 5293 103 26 Muller
2627 5293 31 25 32
2673 5301 35 18 m.
2725 5286 42 37 Ô5;
2786 5293 25 32 3)
2832 5293 115 26 Servais
2963 5293 30 26 31
3010 5301 33 18 m.
3062 5293 38 26 69.

2502 5328 69 25 Saut
2594 5335 33 19 en
2650 5328 127 25 hauteur:
2820 5328 23 31 1)
2869 5326 115 33 Nicolay
3025 5326 41 33 (R.
3091 5327 28 25 C.
3143 5326 37 33 L.)

2464 5363 13 25 1
2495 5370 34 18 m.
2548 5362 42 29 58;
2609 5362 25 32 2)
2652 5361 87 32 Leroy
2759 5361 172 33 (Longuyon)
2951 5361 13 25 1
2982 5369 34 19 m.
3035 5362 42 28 58;
3095 5361 25 32 3)
3140 5369 41 18 ex-

2463 5403 87 25 æquo,
2571 5396 129 33 Wagner,
2722 5396 135 30 Ostwald,
2881 5395 112 30 Muller,
3017 5396 13 25 1
3052 5403 33 18 m.
3108 5396 39 25 52.

2498 5430 63 25 1600
2581 5438 33 18 m.
2634 5430 96 25 relais:
2754 5430 66 32 (800,
2841 5430 56 30 400,
2917 5430 58 30 200,
2995 5429 68 31 200).

2497 5465 23 30 1)
2545 5464 104 26 Metzer
2674 5464 283 32 Sportsvereinigung
2979 5463 81 26 4’18”.

2496 5499 25 27 2)
2549 5498 217 28 Sporting-Club
2787 5497 198 29 Luxembourg.

2497 5573 206 26 DEMANDEZ
2721 5573 140 32 l’Apéritif
2880 5573 58 30 „LE
2959 5573 158 31 PIOLET“,
3134 5573 46 25 vin

2464 5606 113 32 tonique
2619 5607 26 25 et
2688 5606 148 30 fortifiant,
2859 5606 192 26 recommandé
3078 5614 104 19 comme

2462 5639 118 27 boisson
2597 5639 33 27 de
2646 5639 114 27 familla
3116 5639 65 28 3320

3291 145 36 26 Le
3349 145 137 29 véritable

3508 200 135 28 HOMME
3664 201 46 28 DU
3731 201 130 28 MONDE

3288 251 132 29 s’habille

3622 300 18 28 à
3659 300 27 28 la
3705 300 72 28 Ville
3798 301 34 27 de
3852 301 84 28 Paris

3214 390 27 26 et
3256 389 140 28 s’abonne
3412 390 19 28 à

3385 444 255 33 L’Indépendance
3665 445 269 33 luxembourgeoise

3308 524 173 28 CHEMINS
3498 525 49 26 DE
3564 525 74 27 FER
3656 525 49 26 DE
3722 525 99 27 L’EST

3217 598 96 28 Billets
3333 600 100 26 d’aller
3453 602 25 25 et
3497 602 97 25 retour
3613 601 17 26 à
3650 601 65 31 prix
3736 601 108 28 réduits
3865 602 54 27 déli-

3252 638 63 27 vrés
3337 645 57 19 aux
3436 639 125 28 familles
3583 640 17 26 à
3623 640 150 26 l’occasion
3815 640 48 27 des
3884 647 36 19 va-

3252 684 110 19 cances.

3248 716 37 25 La
3310 717 168 32 Compagnie
3519 717 31 25 de
3591 717 70 25 l’Est
3686 717 103 25 délivre
3832 717 104 32 chaque

3214 750 96 30 année,
3347 750 35 25 du
3403 751 30 25 15
3453 750 60 33 juin
3534 759 36 18 au
3590 751 31 25 30
3643 752 153 31 septembre
3834 751 101 30 inclus,

3214 792 53 18 aux
3287 785 123 25 familles
3429 785 62 25 d’au
3511 785 91 25 moins
3621 785 14 25 3
3655 791 155 27 personnes
3829 787 106 31 payant

3214 818 78 32 place
3315 819 103 25 entière
3442 819 47 25 des
3512 819 94 26 billets
3630 820 135 25 collectifs
3788 820 98 25 d’aller
3909 821 27 25 et

3214 854 94 24 retour
3327 853 30 25 de
3376 860 134 19 vacances
3530 853 15 25 à
3563 854 62 32 prix
3643 853 57 26 très
3719 854 107 25 réduits
3846 854 46 32 (D,
3909 854 25 25 2«

3215 887 25 24 et
3257 887 25 25 3--
3299 887 129 32 classes),
3446 887 31 25 de
3494 894 36 19 ou
3546 895 69 25 pour
3634 888 92 25 toutes
3744 888 41 25 les
3804 893 81 26 gares
3903 887 34 25 de

3216 927 51 19 son
3291 920 99 25 réseau
3432 922 26 25 et
3481 921 47 25 des
3554 923 95 25 autres
3690 922 103 31 grands
3818 921 117 26 réseaux

3214 954 133 31 français,
3370 962 67 19 sous
3458 956 140 25 condition
3621 955 157 26 d’effectuer
3816 963 37 18 un
3874 963 51 25 par-

3216 996 82 18 cours
3321 989 145 25 minimum
3490 990 31 25 de
3546 989 48 25 300
3617 990 162 25 kilomètres
3804 990 80 32 (aller
3909 991 26 25 et

3215 1024 95 24 retour
3331 1024 129 32 compris)
3485 1030 35 19 ou
3542 1024 31 25 de
3595 1031 84 25 payer
3699 1031 70 25 pour
3791 1025 69 25 cette
3881 1024 42 25 dis-

3216 1057 87 25 tance.

3249 1090 52 26 Les
3319 1090 93 25 billets
3431 1092 63 25 sont
3511 1090 101 26 établis
3628 1099 51 25 par
3694 1091 163 26 l’itinéraire
3875 1091 16 25 à
3909 1092 28 25 la

3216 1131 174 19 convenance
3409 1125 35 25 du
3463 1125 105 25 Public.

3250 1158 35 25 Le
3302 1159 62 32 prix
3382 1160 69 25 total
3469 1160 35 25 du
3522 1159 77 25 billet
3618 1160 118 25 collectif
3755 1160 129 25 s’obtient
3903 1167 33 18 en

3217 1193 127 32 ajoutant
3366 1200 35 18 au
3422 1193 61 32 prix
3506 1194 31 25 de
3559 1195 14 24 4
3596 1194 93 25 billets
3728 1194 115 32 simples
3866 1194 59 25 ordi-

3216 1228 95 25 naires
3334 1234 70 25 pour
3427 1228 41 25 les
3492 1228 69 25 deux
3600 1228 150 32 premières
3773 1235 163 25 personnes,

3217 1261 25 25 le
3259 1261 60 31 prix
3334 1261 63 25 d’un
3413 1261 31 25 de
3461 1269 44 18 ces
3520 1261 94 26 billets
3630 1269 69 25 pour
3715 1262 27 25 la
3758 1261 25 25 3«
3799 1268 139 26 personne

3217 1296 26 24 et
3261 1295 27 25 la
3307 1295 95 25 moitié
3420 1295 31 25 de
3470 1302 28 19 ce
3517 1296 61 31 prix
3596 1303 69 25 pour
3684 1296 26 25 la
3730 1296 14 25 4
3748 1306 8 10 <¦
3775 1298 25 24 et
3818 1296 120 25 chacune

3218 1329 47 25 des
3285 1329 153 25 suivantes.

3251 1363 52 25 Les
3345 1363 93 26 billets
3465 1364 31 25 de
3538 1371 134 18 vacances
3698 1365 63 25 Sont
3804 1364 134 30 valables,

3218 1397 91 32 quelle
3326 1404 52 25 que
3397 1398 55 25 soit
3469 1398 27 25 la
3514 1398 62 25 date
3594 1398 32 25 de
3643 1398 60 25 leur
3720 1398 144 30 émission,
3881 1398 46 33 jus-

3219 1431 81 32 qu’au
3323 1431 15 25 5
3361 1431 148 25 novembre
3549 1432 99 30 inclus,
3672 1439 68 19 sans
3782 1432 102 25 faculté
3907 1432 31 25 de

3218 1465 205 32 prolongation.

3253 1499 98 25 Arrêts
3368 1499 156 26 facultatifs
3544 1499 69 26 dans
3632 1502 92 24 toutes
3743 1501 41 25 les
3803 1506 81 27 gares
3904 1502 35 25 du

3218 1540 143 25 parcours.

3254 1567 36 25 La
3312 1568 132 25 demande
3465 1568 31 25 de
3518 1568 93 25 billets
3633 1568 57 25 doit
3710 1568 57 25 être
3788 1568 68 25 faite
3876 1568 16 25 à
3911 1569 29 25 la

3220 1606 65 27 gare
3302 1601 30 25 de
3350 1601 96 33 départ
3462 1609 36 18 au
3514 1602 92 25 moins
3623 1602 15 25 4
3651 1602 80 32 jours
3749 1602 137 26 d’avance.
3903 1603 37 25 Ce

3221 1634 71 25 délai
3314 1636 42 25 est
3376 1635 91 25 réduit
3488 1635 16 25 à
3524 1636 32 25 48
3576 1636 98 25 heures
3694 1644 70 25 pour
3803 1637 137 25 certaines

3219 1669 120 31 grandes
3359 1675 89 26 gares.

3255 1702 164 33 Lors’qu’un
3436 1704 79 25 billet
3534 1704 31 25 de
3585 1704 106 25 famille
3710 1706 146 31 comprend
3876 1706 64 32 plus

3222 1736 30 25 de
3269 1737 69 26 trois
3354 1743 157 27 voyageurs
3525 1739 71 25 trois
3612 1739 103 25 d’entre
3729 1746 52 18 eux
3797 1746 36 18 au
3848 1739 92 25 moins

3222 1772 64 25 sont
3299 1772 83 25 tenus
3398 1771 32 25 de
3443 1777 120 27 voyager
3578 1772 140 25 ensemble
3731 1772 16 25 à
3761 1773 90 25 l’aller
3865 1775 26 24 et
3905 1781 36 18 au

3222 1805 106 30 retour;
3345 1805 41 25 les
3403 1806 95 25 autres
3515 1807 47 24 ont
3579 1806 27 25 la
3622 1806 109 30 faculté,
3749 1815 34 18 en
3800 1815 30 18 se
3845 1815 85 25 procu-

3221 1839 64 25 rant
3304 1840 93 25 contre
3418 1840 139 31 paiement
3577 1840 31 25 de
3628 1840 60 25 leur
3707 1841 97 25 valeur
3825 1841 48 25 des
3892 1842 38 25 bil-

3221 1873 54 25 lets
3294 1880 36 19 au
3350 1874 66 25 tarif
3436 1874 140 30 militaire,
3596 1874 31 25 de
3646 1880 121 27 voyager
3786 1875 156 30 isolément,

3222 1908 72 25 mais
3318 1914 68 19 sous
3409 1907 110 26 réserve
3541 1915 52 25 que
3615 1908 28 25 la
3666 1909 132 25 demande
3821 1914 33 19 en
3879 1916 63 19 sera

3222 1941 67 25 faite
3310 1948 33 18 en
3367 1942 86 25 même
3477 1942 89 31 temps
3589 1949 51 25 que
3663 1942 67 25 celle
3753 1942 36 25 du
3810 1943 78 25 billet
3911 1944 31 25 de

3222 1975 113 25 famille.

3257 2008 80 25 Nota.
3355 2024 34 3 —
3407 2009 22 25 Il
3447 2011 65 30 peut
3529 2010 57 25 être
3604 2010 103 26 délivré
3725 2010 16 25 à
3776 2018 38 18 un
3831 2018 36 19 ou
3884 2011 47 33 plu-

3223 2042 91 26 sieurs
3337 2043 47 25 des
3405 2049 157 27 voyageurs
3599 2045 115 25 inscrits
3737 2052 49 18 sur
3805 2052 37 18 un
3865 2046 78 25 billet

3223 2076 31 25 de
3274 2076 106 26 famille
3415 2079 26 25 et
3461 2085 33 18 en
3515 2078 86 25 même
3622 2079 89 31 temps
3748 2086 52 25 que
3818 2086 29 18 ce
3865 2079 79 26 billet

3224 2117 53 19 une
3303 2112 74 25 carte
3402 2111 140 27 d’identité
3569 2120 48 18 sur
3643 2112 27 25 la
3694 2112 193 33 présentation
3912 2113 32 25 de

3224 2143 119 32 laquelle
3368 2145 25 25 le
3418 2145 124 25 titulaire
3584 2153 63 19 sera
3670 2146 89 26 admis
3783 2146 16 25 à
3824 2152 120 27 voyager

3223 2177 147 26 isolément
3392 2178 16 25 à
3446 2179 95 25 moitié
3579 2180 61 31 prix
3661 2180 34 25 du
3736 2180 66 26 tarif
3823 2181 121 32 général,

3223 2211 122 31 pendant
3364 2212 28 25 la
3411 2212 83 25 durée
3513 2213 31 25 de
3564 2213 28 25 la
3612 2214 176 32 villégiature
3806 2215 32 25 de
3857 2215 28 25 la
3905 2215 28 25 fa-

3224 2245 84 30 mille,
3324 2247 77 25 entre
3416 2246 25 25 le
3454 2246 57 25 lieu
3527 2247 32 25 de
3573 2247 96 32 départ
3684 2249 27 25 et
3725 2249 26 25 le
3766 2249 56 25 lieu
3837 2250 32 25 de
3884 2250 48 25 des-

3224 2279 119 25 tination
3370 2281 175 25 mentionnés
3571 2288 49 18 sur
3646 2282 25 25 le
3713 2282 79 26 billet
3816 2283 126 26 collectif.

3222 2313 173 26 L’itinéraire
3420 2314 15 25 à
3459 2315 94 25 suivre
3576 2322 69 25 pour
3667 2323 45 18 ces
3736 2322 121 26 voyages
3881 2324 63 19 sera

3223 2347 69 26 celui
3315 2348 98 25 inscrit
3453 2355 49 19 sur
3521 2356 29 18 ce
3572 2349 77 25 billet
3685 2357 36 18 ou
3743 2358 37 18 un
3799 2351 145 25 itinéraire

3222 2381 65 32 plus
3306 2383 85 28 court,
3410 2389 68 19 sans
3497 2383 74 25 arrêt
3590 2391 33 18 en
3641 2391 81 19 cours
3740 2384 32 25 de
3789 2386 86 25 route.

3243 2467 179 34 Compagnie
3444 2469 50 28 des
3515 2469 138 29 Chemins
3674 2471 35 27 de
3731 2471 45 31 fer
3798 2471 36 27 de
3855 2471 70 28 l’Est

3521 2509 130 32 français

3227 2552 146 28 Relations
3392 2553 118 31 rapides
3529 2556 80 25 entre
3629 2556 26 25 la
3678 2555 143 33 Belgique,
3843 2557 101 31 Nancy

3392 2593 26 25 et
3437 2592 39 27 les
3495 2592 106 28 Vosges
3619 2593 162 27 françaises

3265 2637 44 26 Du
3328 2639 36 25 1er
3380 2638 64 30 juin
3460 2646 38 18 au
3514 2639 36 25 30
3566 2639 170 32 septembre,
3754 2640 49 26 des
3819 2641 128 25 voitures

3228 2675 34 26 de
3293 2677 35 25 lre
3354 2678 26 24 et
3405 2677 28 25 2e
3460 2677 106 26 classes
3592 2678 140 26 circulent
3759 2678 188 27 directement

3227 2714 47 25 via
3302 2714 241 32 AtKus-Longwy,
3572 2717 81 24 entre
3679 2716 152 26 Bruxelles
3859 2717 86 27 d’une

3224 2754 75 28 part,
3326 2752 110 31 Nancy,
3461 2753 93 30 Vittel,
3580 2753 211 27 Contrexéville
3815 2756 26 24 et
3865 2754 80 26 Mar-

3226 2789 244 31 tigny-les-Bains
3497 2791 113 26 d’autre
3635 2793 74 29 part.
3755 2792 109 31 Départ
3911 2793 34 25 de

3226 2826 83 27 Gand
3330 2836 65 18 vers
3414 2829 16 25 8
3453 2835 25 19 n.
3502 2826 42 34 V4,
3568 2829 140 26 d’Anvers
3729 2837 64 18 vers
3815 2831 16 25 8
3853 2830 26 26 h.
3901 2828 44 33 V4,

3226 2865 34 26 de
3277 2865 83 32 Liège
3379 2869 25 24 et
3423 2866 151 27 Bruxelles
3592 2876 63 18 vers
3675 2869 34 25 10
3726 2868 26 25 h.
3771 2865 43 35 lU,
3833 2869 34 25 de
3885 2868 46 26 Na-

3226 2913 66 18 mur
3314 2914 64 18 vers
3404 2906 30 25 11
3459 2905 27 26 h.
3510 2903 46 35 Va;
3580 2906 111 27 arrivée
3715 2906 18 26 à
3755 2907 102 30 Nancy
3881 2914 64 18 vers

3227 2944 32 26 18
3280 2944 36 30 h.,
3337 2944 17 26 à
3373 2944 94 31 Vittel,
3488 2944 218 33 Contrexéville,
3727 2945 217 31 Martigny-les-

3225 2982 100 31 Bains,
3352 2982 159 32 Saint-Dié,
3537 2982 239 27 Bains-le-Bains
3803 2986 80 23 entre
3909 2984 36 25 20

3225 3024 26 23 et
3267 3021 33 25 21
3319 3021 26 25 h.
3365 3019 30 30 (8
3411 3024 25 23 et
3453 3022 16 25 9
3486 3021 26 26 h.
3530 3019 83 32 soir),
3629 3020 18 27 à
3662 3020 282 27 Luxesil-les-Bains

3226 3061 26 24 et
3271 3058 340 27 Plombières-les-Bains
3630 3068 63 18 vers
3700 3059 44 26 '21
3764 3060 27 25 h.
3810 3061 35 25 45
3868 3058 29 31 (9
3916 3060 28 25 h.

3226 3094 24 29 ’V
3251 3107 9 16 4
3284 3096 72 30 soir)
3381 3096 18 26 à
3421 3096 174 27 Gérardmer
3617 3100 25 24 et
3666 3097 16 26 à
3706 3097 135 31 Bussang
3881 3106 64 18 vers

3227 3135 35 25 22
3278 3134 26 26 h.
3322 3133 34 29 Va
3376 3137 48 29 (10
3441 3135 26 26 h.
3485 3133 35 29 Va
3535 3134 83 31 soir).

3261 3173 44 26 Au
3330 3176 107 29 retour,
3459 3174 40 26 les
3524 3174 117 31 départs
3665 3176 47 25 ont
3737 3174 58 26 lieu
3819 3174 74 26 dans
3915 3174 29 25 la

3225 3213 133 30 matinée,
3376 3216 25 23 et
3418 3212 132 26 l’arrivée
3567 3221 58 18 aux
3642 3212 190 26 destinations
3848 3212 96 31 belges

3224 3250 74 26 dans
3315 3250 28 26 la
3359 3251 92 25 soirée
3469 3251 37 25 du
3524 3251 91 25 même
3633 3251 74 30 jour.

3261 3288 100 27 Billets
3388 3290 113 31 directs,
3527 3289 118 31 simples
3670 3292 25 24 et
3722 3289 100 26 d’aller
3847 3292 26 24 et
3899 3297 30 18 re-

3225 3329 74 30 tour,
3321 3336 38 18 au
3380 3328 102 30 départ
3504 3327 49 26 des
3575 3327 178 31 principales
3775 3336 84 23 gares
3881 3327 49 26 des-

3223 3366 115 26 servies.

3260 3404 111 26 Livrets
3395 3405 241 25 internationaux
3661 3404 18 26 à
3722 3405 151 25 itinéraire
3898 3404 30 25 fa-

3223 3443 122 30 cultatif,
3366 3443 126 26 valables
3513 3444 35 25 60
3566 3442 83 32 jours
3667 3452 37 18 au
3723 3443 163 26 minimum.

3261 3481 80 26 Pour
3365 3485 63 23 tous
3453 3484 98 25 autres
3577 3482 255 31 renseignements,
3876 3489 53 18 con-

3224 3520 91 26 sulter
3337 3520 26 27 le
3386 3519 96 27 Livret
3505 3520 49 26 des
3578 3528 124 24 voyages
3726 3520 168 26 circulaires
3917 3520 28 25 et

3225 3559 170 26 excursions
3414 3559 36 26 de
3469 3558 30 27 la
3518 3558 186 32 Compagnie.

3282 3634 96 34 Cours
3403 3635 36 32 de
3464 3634 134 33 Bourses
3623 3635 36 31 du
3686 3634 19 33 9
3729 3634 61 39 juin
3817 3634 64 33 1913

3282 3711 217 33 Escompte
3519 3711 52 29 de
3596 3711 37 30 la
3655 3711 160 36 Banque
3836 3713 52 30 de

3340 3748 185 36 l'Empire
3546 3748 199 30 allemand
3766 3750 61 29 6%

3224 3832 176 38 Obligations
3436 3833 31 29 et
3507 3833 113 29 actions
3660 3833 283 40 luxembourgeoises

3223 3894 120 27 Actions
3370 3893 119 36 Banque
3515 3893 271 30 Internationale..
3834 3898 64 27 158.
3908 3916 36 3 —

3223 3931 61 27 Act.
3307 3931 129 27 Acieries
3465 3931 233 29 Burbach-Eich-

3261 3968 171 37 Dudelange
3819 3973 69 28 1900

3223 4005 95 37 Oblig.
3538 4018 12 13 »
3833 4009 104 29 480.-

3223 4042 94 37 Oblig.
3359 4055 12 13 »
3413 4043 80 28 hts-f.
3516 4042 169 39 Dudelange
3833 4048 112 30 485.75

3263 4092 13 13 »
3452 4093 13 13 »
3504 4081 181 37 llumelange
3835 4085 110 30 492.50

3224 4118 59 28 Act.
3454 4129 13 13 »
3817 4123 128 29 1810.—

3262 4167 13 13 »
3315 4155 281 37 Ougree-Marihaye
3815 4161 72 29 13,42
3909 4163 37 28 50

3261 4204 13 14 »
3315 4192 208 37 Guill.-Luxbg
3832 4198 53 28 659

3263 4242 13 13 »
3320 4230 100 27 Prince
3442 4230 87 27 Henri
3834 4235 52 28 775

3223 4267 95 37 Oblig.
3343 4267 207 36 Guill.-Luxbg
3835 4273 52 27 407

3261 4317 13 13 »
3318 4304 205 28 Prince-Henri
3550 4305 53 30 3%
3831 4310 55 27 397
3907 4313 35 27 39

3263 4354 13 14 »
3318 4343 102 27 Prince
3442 4342 90 28 Henri
3554 4343 52 30 4°/o
3832 4348 53 29 493

3222 4381 61 27 Act.
3314 4379 213 30 Deutsch-Lux.
3552 4379 29 28 B.
3613 4380 23 28 G
3833 4387 110 30 152.40

3222 4417 95 37 Oblig.
3411 4429 13 13 »
3544 4417 52 30 4l/a
3605 4420 34 33 °/0
3852 4423 91 30 99.90

3543 4461 79 30 Paris

3223 4499 90 28 Rente
3337 4499 54 36 3°/0
3851 4506 91 29 85.10

3222 4536 85 37 Oblig

3260 4586 14 14 )>
3332 4574 53 36 3°/0
3405 4573 160 28 Lombards
3831 4581 69 29 262.

3260 4624 12 13 »
3333 4611 77 28 Nord
3432 4612 163 37 d'Espagne
3619 4612 35 28 Re
3674 4615 75 27 serie
3760 4638 6 4 .
3779 4639 6 5 .
3831 4617 68 29 346.

3260 4662 12 12 »
3333 4649 287 37 Madrid-Saragosse
3643 4650 8 27 1
3664 4657 41 19 re»
3724 4674 61 7 ....
3831 4656 113 29 350.50

3260 4700 13 13 »
3334 4687 15 27 4
3353 4689 35 34 °/0
3413 4687 244 29 Russes-Nicolas
3849 4695 92 27 88.95

3513 4732 149 30 Bruxelles

3221 4769 63 29 Obi.
3306 4770 53 30 2Va
3371 4769 34 37 °/0
3429 4769 75 28 Ville
3525 4769 141 30 d’Anvers
3689 4772 97 30 1887,.
3851 4778 32 27 81
3906 4780 36 29 25

3260 4819 13 13 »
3322 4807 16 26 2
3351 4807 34 36 °/0
3454 4819 13 14 »
3490 4806 35 29 de
3545 4807 152 30 Bruxelles
3721 4810 71 29 1905
3850 4815 35 27 72
3906 4817 36 25 50

3537 4844 94 30 Berlin

3222 4884 75 25 Bons
3318 4884 37 25 du
3383 4884 9 25 1
3401 4891 81 19 resor
3504 4884 14 25 4
3530 4884 36 35 °/0
3849 4890 35 29 98
3905 4893 36 27 80

3220 4919 145 38 Emprunt
3385 4919 149 29 allemand
3555 4922 15 25 3
3584 4920 30 31 '/a
3626 4921 34 37 °/0
3848 4929 36 28 85
3905 4931 36 27 20

3258 4968 14 14 *
3425 4969 14 14 *
3539 4958 62 47 :}°o
3848 4967 35 26 ?5
3907 4969 32 26 10

3222 4996 113 35 Prusse,
3355 5003 75 28 emp.
3453 4996 108 28 consol.
3589 4997 77 29 3l/a°
3678 5018 11 16 0
3716 5021 61 6 ...
3847 5003 36 29 85
3903 5007 36 26 20

3221 5043 13 14 «
3298 5069 4 6 .
3383 5069 30 10 ni
3430 5045 14 13 »
3557 5034 63 37 3°o
3848 5042 36 27 75
3905 5045 35 26 10

3221 5070 140 27 Province
3384 5070 138 28 Rhdnane
3545 5071 15 27 4
3572 5073 35 36 °/0
3848 5079 34 26 97

3256 5119 14 14 »
3404 5119 14 14 »
3495 5108 53 30 31/*
3561 5110 35 36 %
3848 5117 36 27 85
3904 5118 36 27 50

3218 5145 100 30 Chem.
3339 5145 35 28 de
3395 5146 44 27 fer
3458 5145 62 28 ital.
3544 5147 63 36 3%
3847 5155 35 26 oj.

3219 5183 65 29 Etat
3305 5183 76 28 Bade
3404 5183 71 28 1908
3501 5183 15 26 4
3528 5184 35 36 »/„
3847 5191 34 28 97
3890 5177 48 45 "80

3219 5220 65 29 Etat
3304 5220 171 38 llambourg
3497 5222 71 27 1908
3590 5222 16 26 4
3616 5222 35 37 °,/0
3846 5230 35 27 97

3220 5258 64 28 Etat
3308 5258 217 38 Wurttemberg
3547 5260 69 27 1907
3639 5260 57 37 4°/0
3740 5285 41 7 ...
3846 5268 36 26 98
3906 5271 35 26 10

3430 5300 303 29 Francfort-sur-Mein

3220 5339 90 22 nente
3332 5339 203 23 autrichienne
3556 5344 31 18 or
3608 5339 61 35 4U,0
3848 5342 34 28 87
3904 5344 36 28 90

3219 5371 78 27 Rene
3319 5370 157 38 hongroise
3497 5381 32 19 or
3549 5372 16 27 4
3587 5373 34 37 °/0
3847 5381 35 28 84

3217 5407 77 30 Ville
3315 5408 36 28 de
3371 5409 152 28 Erancfort
3544 5409 96 39 3‘/au/0
3848 5418 35 27 9o
3906 5420 33 25 50

3218 5446 76 30 Ville
3316 5446 35 29 de
3371 5447 139 38 Mayence
3536 5449 53 34 3'/a
3603 5449 34 36 °/0
3847 5456 35 26 87
3903 5458 35 26 ">0

3221 5483 74 29 Ville
3315 5485 35 27 de
3371 5484 125 28 Barmen
3519 5485 16 26 4
3546 5487 36 35 °/0
3847 5493 36 27 96
3903 5497 35 25 60

3221 5521 74 29 Ville
3316 5520 35 29 de
3372 5521 126 39 Cologne
3520 5524 15 26 3
3541 5524 31 36 l/a
3585 5524 34 36 °/0
3848 5530 35 27 84
3904 5532 36 27 9o

3217 5558 77 28 Ville
3315 5558 36 30 de
3374 5558 159 30 Wiesbade
3554 5562 15 26 3
3576 5562 30 29 0*
3619 5562 35 36 °/0

3218 5595 65 30 Obi.
3305 5595 46 30 ch.
3366 5596 18 30 f.
3401 5596 149 30 Elisabeth
3572 5600 35 36 (s.
3632 5600 82 38 imp.)
3723 5601 69 36 Jt£f&
3848 5606 36 27 89
3909 5608 35 27 to

3327 5645 14 15 *
3408 5634 149 38 Rodolphe
3584 5636 123 36 (Sat/k.)
3740 5639 50 27 W..
3849 5643 97 30 89.80-
