4128 5756
159 166 2557 345 L’Indépendance

998 531 2862 318 Luxembourgeoise

204 597 181 27 DiRSCFION,
402 589 192 32 RÉDACTION,
612 591 286 25 ADMINISTRATION:

264 635 20 29 3,
294 634 68 23 Place
372 633 81 24 d'Ann
455 639 30 21 es,
499 630 170 28 Loxemboarg.
679 642 28 3 —
715 628 135 30 TEKpfeone
860 629 37 24 43.

204 681 100 24 Adresse
315 677 186 31 télégraphique:
516 675 173 29 Indépendance
700 673 168 30 Luxembourg.

206 771 82 23 Ose**
301 769 81 27 Thh,
398 766 119 24 eédactear
532 772 30 17 en
577 764 60 24 chef.

2821 233 255 25 ABONNEMENTS:
3096 233 183 28 Grand-Duché,
3295 233 14 23 3
3322 233 67 28 mois,
3405 233 58 24 3.75
3476 233 25 24 fr.
3521 233 113 30 Belgique
3648 232 53 27 Sir,
3716 231 90 27 ftmtt»

2910 273 21 21 et
2949 273 75 21 autres
3041 278 62 22 pays.
3120 272 13 20 7
3151 272 26 23 fr.
3194 284 25 3 —
3240 271 39 23 Un
3296 277 29 16 an
3335 279 4 14 :
3359 272 33 27 15,
3408 272 30 21 20
3453 272 21 21 et
3490 272 30 22 28
3535 272 26 23 fr.

2911 310 39 23 On
2967 310 113 22 s’abonne
3096 310 20 28 3,
3132 309 69 23 Place
3219 309 23 22 d’
3245 309 87 27 Armes,
3352 308 162 30 Luxembourg
3527 310 23 22 et
3564 307 14 24 à
3590 310 55 22 tous
3656 308 34 24 les
3700 308 14 24 b
3716 313 88 19 irreal«

2911 348 29 21 de
2956 349 66 26 poste
3040 347 31 22 du
3089 346 182 23 Grand-Duché.

2822 383 184 25 INSERTIONS
3024 384 37 22 ET
3079 376 164 30 PUBLICITÉ
3254 392 3 14 :
3275 383 124 26 Réclames,
3415 384 29 21 40
3461 382 109 23 centimes
3586 382 21 23 la
3624 382 70 30 lègue.

2911 421 129 27 Annonces,
3048 421 30 22 26
3085 422 29 21 et.
3123 420 19 23 ht
3151 420 62 30 ligne
3222 422 22 21 et
3252 420 13 23 à
3273 420 114 24 forfait—
3394 420 124 23 S’adresser
3527 426 30 17 au
3566 420 90 23 bureau
3661 417 143 31 dujmnal.

1384 864 198 45 Journal
1615 860 255 58 quotidien.
1903 886 57 3 —
1995 859 60 44 10
2090 858 222 45 centimes
2345 857 47 45 le
2423 870 203 33 numéro.

247 113 34 30 N°
304 111 46 32 161
378 129 39 3 —
439 109 57 32 43e
513 107 97 35 année

3413 94 93 30 Mardi
3530 95 34 30 10
3590 95 63 30 Juin
3677 94 69 30 1913

172 1008 76 68 La
287 1008 173 68 Reine
498 1006 107 69 des
651 1004 195 71 Fleurs

151 1110 69 26 D’où
237 1110 78 26 vient
332 1111 25 25 la
376 1110 80 26 Rose.
471 1124 36 3 —
524 1109 38 25 La
581 1109 70 25 Rose
667 1107 16 26 à
700 1108 111 25 travers
828 1107 38 26 les

185 1149 68 30 âges
275 1151 25 25 et
321 1149 23 25 le
366 1148 111 25 monde.
497 1162 36 3 —
553 1147 50 26 Ses
625 1146 131 30 légendes
777 1147 25 25 et
823 1153 45 19 ses

184 1187 151 31 symboles.

185 1241 74 26 D’où
283 1240 72 26 rient
375 1240 28 26 la
422 1241 80 25 rose?
524 1239 41 26 On
585 1247 35 18 ne
640 1239 25 26 le
684 1239 55 25 sait
759 1247 53 23 pas
832 1246 37 18 au

148 1280 84 30 juste.
275 1279 60 25 Elle
360 1279 97 25 fleurit
482 1287 35 17 en
540 1280 64 24 fous
645 1285 81 24 pays.
768 1276 42 26 On
833 1284 36 18 en

149 1321 100 24 trouve
269 1318 102 30 depuis
391 1317 28 29 le.
436 1316 166 27 Groenland
619 1316 116 31 jusqu’à
753 1315 103 31 l’Equa-

151 1360 71 24 teur.
240 1357 78 26 Cette
333 1356 80 25 reine
429 1356 49 25 des
496 1355 90 25 fleurs
600 1371 36 3 —
651 1354 28 26 la
698 1354 91 26 «fleur
805 1354 65 31 plus

151 1404 54 23 que
227 1395 66 26 nule
313 1397 97 24 austre
431 1394 88 30 bele»,
539 1393 77 25 ainsi
635 1401 54 23 que
729 1393 27 25 la
778 1393 79 30 désig-

150 1435 101 25 naient
272 1432 66 32 déjà
375 1433 40 25 les
435 1432 193 29 troubadours
667 1439 36 18 en
722 1431 63 26 leur
804 1431 53 30 poé-

151 1473 78 30 tique
274 1471 187 31 «languaige»
486 1486 37 3 —
547 1473 41 24 est
629 1471 126 30 partout,
799 1469 80 26 dans,

152 1513 92 24 toutes
261 1511 41 25 les
318 1510 129 25 contrées
464 1509 38 26 du
521 1508 88 31 globe,
628 1508 131 30 toujours
776 1508 96 25 variée

152 1550 34 25 de
211 1549 101 30 forme,
337 1549 33 25 de
393 1548 113 30 coloris,
531 1547 33 25 de
588 1546 129 33 parfum,
724 1561 3 4 -
741 1546 131 30 toujours

151 1588 88 30 parée
261 1587 34 27 de
316 1587 100 30 grâces
437 1585 154 27 nouvelles..
613 1585 61 26 Elle
695 1586 41 25 est
756 1585 103 25 univer-

154 1626 68 26 selle
240 1634 36 19 en
293 1634 52 18 son
362 1633 88 24 genre
468 1627 27 24 et
511 1623 186 32 particulière
717 1630 35 18 en
769 1629 44 19 ses
831 1629 29 19 es-

153 1665 91 30 pèces.
266 1664 74 25 Telle
363 1672 63 18 rose
448 1663 85 25 étend
552 1662 82 26 l’aire
656 1662 33 25 de
729 1668 52 18 son
801 1667 73 24 pays

154 1704 80 25 natal
253 1703 18 25 à
287 1711 41 18 un
346 1702 147 26 continent
511 1703 59 24 tout
589 1700 101 30 entier,
708 1707 36 17 ou
761 1706 29 18 se
808 1706 52 17 con-

155 1741 60 26 fine
237 1750 35 17 en
293 1749 57 18 une
369 1739 125 31 parcelle
516 1739 34 25 de
570 1738 124 30 celuDci,
716 1745 36 18 ou
772 1744 102 19 encore

155 1781 74 25 dans
247 1779 41 26 les
306 1781 172 28 montagnes
497 1777 36 26 où
554 1777 52 26 elle
626 1778 41 24 est
685 1776 61 30 née,
766 1783 109 19 comme

151 1827 41 18 ien
208 1817 98 27 Suisse
323 1820 25 23 et
366 1817 73 25 dans
455 1817 77 25 toute
549 1816 28 25 la
593 1815 103 26 chaîne
714 1815 49 25 des
779 1814 95 30 Alpes.

156 1856 39 26 La
212 1864 64 19 rose
293 1856 49 25 des
358 1855 120 30 champs
493 1862 30 18 se
540 1855 151 25 rencontre
709 1854 73 25 dans
798 1854 77 25 toute

156 1895 137 30 l’Europe
310 1896 26 25 et
352 1894 29 25 la
398 1901 63 19 rose
479 1893 49 26 des
545 1893 80 25 haies
642 1900 58 18 non
717 1891 159 26 seulement

152 1942 41 17 ien
210 1934 124 30 Europe,
351 1932 74 25 mais
443 1940 35 18 en
495 1931 66 26 Asie
579 1933 26 24 et
621 1931 73 26 dans
709 1937 57 19 une
782 1929 95 31 partie

157 1973 35 25 de
215 1972 184 30 l’Amérique.
422 1970 153 30 L’Afrique
599 1978 25 22 a,
648 1977 74 23 pour
745 1976 32 18 sa
801 1969 74 30 part,

157 2011 67 31 cinq
239 2010 18 26 à
273 2010 47 26 six
338 2009 114 32 espèces
470 2009 34 25 de
521 2016 80 18 roses
618 2009 26 24 et
661 2006 131 27 combien
808 2014 17 23 y
842 2013 36 18 en

152 2050 84 25 .a-t-il
255 2057 102 18 encore
376 2047 18 26 à
411 2047 151 26 connaître
582 2046 73 25 dans
672 2045 149 26 l’inconnu
839 2043 39 25 du

153 2087 183 30 .mystérieux
354 2086 158 26 continent!

196 2124 42 26 On
257 2134 16 18 a
292 2124 140 26 tendance
450 2132 80 18 assez
547 2122 142 26 naturelle
706 2121 18 25 à
741 2119 138 27 chercher

159 2172 35 18 en
217 2162 107 31 Orient,
348 2162 124 25 berceau
494 2162 33 26 de
549 2157 188 32 l’Humanité,
759 2159 25 25 le
806 2165 73 24 pays

160 2201 141 31 d’origine
343 2201 33 25 de
398 2200 27 25 la
448 2206 72 24 rose,
542 2201 25 23 et
590 2199 18 25 il
631 2198 63 25 vrai
716 2205 53 24 que
793 2196 86 25 l’Asie

159 2240 121 31 possède
307 2239 16 25 à
343 2239 58 26 -elle
426 2238 79 26 seule
530 2239 101 24 autant
658 2235 143 32 d’espèces
846 2235 33 25 de

160 2287 79 19 roses
279 2286 54 24 que
375 2279 91 24 toutes
489 2277 40 25 les
571 2278 96 24 autres
709 2274 110 32 parties
843 2273 37 26 du

159 2317 107 27 monde
283 2316 124 31 réunies,
426 2316 102 31 depuis
544 2315 40 26 les
602 2322 78 18 roses
698 2314 38 26 du
752 2312 128 32 Bengale

155 2355 120 32 jusqu’à
295 2356 28 25 la
343 2363 64 18 rose
429 2354 37 26 du
487 2353 196 28 Kamtchatka
722 2353 49 31 qui
810 2351 70 26 croît

161 2403 59 18 aux
244 2394 114 27 confins
384 2394 49 25 des
458 2395 91 25 terres
573 2392 135 26 habitées.
733 2390 147 30 L’Europe

157 2436 46 24 (est
225 2434 112 25 ensuite
360 2433 28 25 la
409 2432 65 31 plus
498 2431 151 30 favorisée,
672 2430 68 26 c’est
761 2429 25 26 le
808 2436 73 24 pays

160 2480 55 23 par
237 2471 170 30 excellence,
429 2479 35 18 en
484 2469 121 30 France,
628 2477 36 18 en
703 2468 178 30 Angleterre,

157 2518 40 18 -en
216 2509 178 30 Allemagne,
415 2517 36 17 en
469 2508 147 31 Belgique,
636 2508 73 25 dans
728 2506 26 26 le
774 2504 107 32 grande

163 2547 91 26 duché
272 2547 34 25 de
321 2546 212 30 Luxembourg,
550 2546 34 25 de
599 2546 29 25 la
644 2545 110 25 culture
770 2542 98 31 perfec-

160 2585 118 26 tionnée
303 2585 34 25 de
358 2585 30 26 la
413 2592 72 23 rose,
511 2586 25 23 et
561 2591 36 17 on
622 2583 47 30 n’y
694 2583 112 29 compte
829 2587 53 24 pas

161 2624 96 27 moins
280 2622 187 31 aujourd’hui
492 2622 33 26 de
548 2621 89 25 douze
660 2619 78 25 mille
761 2618 123 25 variétés

163 2662 86 32 qu’on
266 2670 21 19 ;a
306 2661 66 26 bien
394 2662 33 25 de
448 2661 29 25 la
497 2660 82 30 peine
601 2658 17 26 à
639 2657 126 32 répartir
785 2665 36 18 en
842 2656 27 25 di-

162 2710 64 18 vers
247 2707 124 25 groupes
392 2707 74 23 pour
486 2697 105 27 rendre
611 2697 63 26 leur
712 2696 170 26 classement

163 2741 65 30 plus
248 2739 85 26 facile
351 2739 73 26 dans
442 2738 40 26 les
500 2736 172 27 collections.

201 2785 72 31 Quoi
292 2784 68 34 qu’il
379 2793 36 18 en
431 2783 58 27 «oit
508 2783 35 26 de
559 2784 71 25 cette
650 2782 141 27 diffusion
811 2781 72 26 dans

161 2825 31 26 la
212 2824 107 26 variété
340 2823 129 31 cultivée,
491 2821 137 27 dix-neuf
648 2821 114 31 espèces
783 2821 34 25 de
838 2827 31 18 ro-

164 2864 73 25 siers
260 2863 67 26 bien
352 2861 204 27 caractérisées
582 2860 127 25 seraient
733 2859 151 30 indigènes

162 2909 36 17 en
217 2901 113 25 France
350 2900 37 25 où
406 2900 19 25 il
444 2899 72 25 n’est
534 2906 53 23 pas
607 2905 39 18 un
665 2898 69 29 bois,
755 2903 54 23 pas
827 2903 56 17 une

163 2938 75 32 haie,
255 2946 55 24 pas
325 2946 40 19 un
381 2937 118 25 buisson
514 2936 50 32 qui
579 2935 110 26 n’aient
704 2934 51 26 des
770 2941 79 19 roses
865 2931 15 26 à

160 2977 80 27 l’état
257 2977 66 31 plus
341 2985 36 17 ou
396 2975 94 26 moins
508 2982 135 23 sauvage.

201 3015 41 25 De
257 3017 63 23 tous
337 3016 101 29 temps,
455 3022 36 17 on
509 3022 16 17 a
542 3013 74 25 aimé
633 3012 29 26 la
678 3019 63 19 rose
757 3019 37 18 au
809 3018 74 25 pays

162 3053 36 25 de
220 3052 122 30 France,
366 3054 63 22 tous
454 3059 51 17 nos
532 3051 94 30 poètes
651 3050 69 25 l’ont
763 3048 119 25 chantée

163 3091 75 25 dans
252 3091 92 24 toutes
359 3096 44 18 ses
416 3089 106 30 phases
538 3088 33 26 de
586 3087 149 29 floraison,
752 3086 36 25 lui
806 3094 63 18 com-

163 3130 108 30 parant
287 3128 29 27 la
331 3128 106 25 femme
453 3134 34 18 en
504 3129 63 23 tous
583 3133 45 18 ses
643 3125 73 25 états
733 3124 33 25 de
781 3123 102 25 beauté

162 3170 29 24 et
208 3167 20 27 il
249 3169 41 24 est
309 3166 25 27 d’
338 3166 132 31 Agrippa
487 3162 161 32 d’Aubigné
667 3171 30 17 ce
716 3169 64 19 vers
799 3162 69 25 char-

164 3207 81 25 mant
261 3213 50 19 sur
326 3205 29 26 la
369 3212 63 19 rose
448 3205 27 24 et
490 3203 28 25 la
535 3202 104 25 femme
656 3209 37 18 au
709 3200 102 27 déclin:

196 3251 58 26 Une
275 3259 64 19 rose
360 3251 157 27 d’automne
537 3249 42 25 est
598 3249 64 33 plus
685 3247 99 34 qu’une
805 3247 79 25 autre

717 3281 131 33 [exquise.

201 3340 30 27 Si
253 3342 27 27 la
299 3342 80 27 reine
401 3341 48 26 des
469 3341 91 26 fleurs
579 3342 46 24 eut
645 3347 35 18 en
700 3337 112 26 France
831 3343 52 19 son

162 3387 113 24 roman,
296 3380 36 27 Le
354 3379 113 26 Roman
506 3378 34 26 de
561 3378 27 25 la
607 3377 74 26 Rose
721 3378 162 24 commencé

164 3426 55 23 par
234 3418 164 27 Guillaume
416 3418 33 25 de
464 3417 98 26 Lorris
578 3425 36 18 en
632 3416 70 26 1260
719 3417 25 24 et
761 3414 122 27 terminé

162 3458 145 30 quarante
350 3464 53 18 ans
428 3455 65 31 plus
538 3455 65 27 tard
646 3463 55 23 par
727 3453 96 26 Jehan
850 3452 33 26 de

163 3495 113 32 Neung,
297 3504 30 18 ce
348 3502 102 19 roman
471 3502 54 23 que
546 3496 62 25 tant
627 3493 35 26 de
680 3492 88 28 belles
788 3491 82 25 châte-

162 3534 93 26 laines
276 3532 207 34 parcouraient
503 3532 212 26 distraitement
754 3530 129 32 pendant

162 3580 55 24 que
239 3573 78 26 leurs
358 3572 151 30 seigneurs
532 3573 26 24 et
599 3570 119 25 maîtres
760 3568 110 25 chevau-

163 3611 116 27 chaient
299 3619 65 19 vers
384 3610 29 26 la
432 3608 155 31 Palestine,
607 3624 37 3 —
664 3608 51 25 elle
737 3610 47 24 eut
805 3613 80 19 aussi

165 3658 32 17 sa
213 3657 115 24 guerre:
345 3650 40 25 La
402 3647 107 27 Guerre
525 3646 50 26 des
591 3645 83 27 Deux
689 3645 89 25 Roses
798 3645 85 26 «dont

163 3689 25 25 le
212 3689 106 31 peuple
341 3686 122 33 anglais,
486 3694 16 17 a
527 3685 40 25 dit
590 3685 135 30 Voltaire,
750 3683 133 26 ressentit

163 3727 145 27 vivement
329 3727 40 25 les
390 3725 126 31 épines».
539 3723 52 25 Les
612 3723 165 30 Lancastre,
800 3722 69 26 arbo-

163 3768 66 23 rant
255 3766 28 26 la
307 3773 63 18 rose
393 3771 96 24 rouge,
514 3761 135 26 luttèrent
673 3760 210 26 furieusement

163 3806 98 24 contre
281 3804 41 25 les
341 3803 86 29 York,
447 3802 118 30 portant
603 3799 27 26 la
651 3807 63 18 rose
752 3799 130 30 blanche,

163 3851 74 22 pour
279 3851 30 18 se
332 3842 130 31 disputer
485 3840 25 25 le
533 3838 82 27 trône
657 3837 224 31 d’Angleterre...

163 3881 75 26 Mais
256 3881 28 25 la
302 3881 75 26 fleur
395 3887 35 18 ne
448 3878 95 26 devait
561 3885 52 24 pas
633 3877 91 25 rester
742 3876 17 25 à
776 3875 107 31 jamais

163 3920 217 31 ensanglantée;
422 3919 89 30 ayant
531 3917 41 25 été
613 3914 137 28 emblème
772 3914 33 26 de
826 3913 43 26 dis-

163 3958 94 31 corde,
276 3958 52 25 elle
345 3957 97 27 devint
459 3954 127 31 symbole
595 3954 41 26 Me
654 3952 227 27 réconciliation.

162 3997 94 27 Henri
280 3997 103 30 Tudor,
408 4002 40 19 un
471 3994 164 27 Lancastre,
658 3992 108 30 épousa
788 3990 80 26 Elisa-

162 4035 68 26 beth
249 4035 107 27 d’York
376 4035 34 29 et,
431 4032 110 32 depuis,
563 4032 40 26 les
624 4032 75 25 deux
719 4037 80 19 roses
818 4029 63 25 sont

162 4083 39 18 un
222 4073 118 26 attribut
363 4073 48 25 des
431 4079 95 19 armes
547 4069 206 32 d’Angleterre.

202 4112 42 26 Un
267 4112 48 25 des
336 4112 66 31 plus
424 4110 139 32 gracieux
584 4108 168 30 hommages
775 4105 107 27 rendus

162 4151 18 25 à
201 4152 28 25 la
250 4158 63 19 rose
334 4150 40 26 lui
395 4150 61 25 vint
477 4149 33 25 de
532 4145 228 31 Saint-Médard,
799 4144 69 26 insti-

162 4191 84 25 tuant
268 4189 18 26 à
310 4188 122 31 Salency
456 4187 25 26 le
506 4186 126 31 premier
655 4183 227 27 couronnement

162 4228 85 25 d’une
268 4226 116 32 rosière,
404 4226 68 31 jolie
492 4227 132 25 coutume
644 4223 49 31 qui
730 4222 66 27 s’est
816 4229 52 23 pro-

158 4266 91 31 pagée
264 4268 25 24 et
304 4266 234 30 religieusement
552 4261 152 28 conservée
718 4260 67 26 chez
799 4266 81 24 nous,

159 4304 267 32 particulièrement
448 4303 73 26 dans
541 4299 249 28 l’Ile-de-France.

199 4350 62 27 Une
283 4350 55 25 fête
360 4348 103 27 fleurie
506 4350 25 24 et
553 4346 152 33 parfumée
747 4345 34 25 de
803 4351 79 19 roses

162 4390 78 25 avait
259 4389 58 26 lieu
338 4388 72 25 dans
431 4387 24 25 le
476 4387 86 25 vieux
581 4385 96 27 Paris:
700 4383 38 25 La
758 4381 124 27 Bataille

162 4427 50 27 des
230 4426 96 27 Roses.
347 4426 44 26 Au
409 4426 73 25 mois
501 4425 33 25 de
552 4424 58 25 mai
629 4424 28 25 la
675 4422 77 27 Cour
769 4430 30 18 se
816 4429 51 18 ren-

162 4467 58 25 dait
265 4474 35 18 en
343 4464 110 32 grande
495 4470 105 25 pompe
625 4470 37 17 au
705 4460 175 27 Parlement.

162 4505 120 26 Princes
304 4504 38 26 du
362 4511 80 23 sang,
466 4502 69 25 ducs
558 4503 26 24 et
605 4500 90 31 pairs,
717 4498 165 27 cardinaux

162 4546 26 25 et
207 4543 108 32 grands
336 4541 172 32 dignitaires
526 4540 34 25 de
579 4538 125 32 l’Eglise,
723 4540 71 27 tous,
815 4544 52 23 por-

161 4584 62 24 tant
243 4582 140 30 bouquets
422 4582 25 24 et
469 4578 148 27 corbeilles
639 4577 33 26 de
713 4583 86 23 roses,
821 4573 59 26 s’en

162 4621 135 26 venaient
340 4617 237 28 solennellement
620 4614 119 32 joncher
785 4613 81 26 d’odo-

162 4661 98 25 rantes
278 4657 119 27 corolles
415 4658 91 25 toutes
525 4656 41 25 les
584 4654 151 27 chambres
753 4652 38 26 du
809 4651 58 26 Par-

161 4699 114 25 lement.
299 4697 69 25 Plus
390 4694 107 32 jamais
539 4694 83 26 dame
644 4692 110 26 Justice
794 4698 35 18 ne
851 4697 30 18 se

161 4739 102 24 trouva
281 4735 18 26 à
314 4734 121 32 pareille
453 4733 63 25 fête.

199 4782 40 26 La
254 4789 63 19 rose
332 4789 17 18 a
365 4788 52 19 son
431 4780 123 30 langage
569 4776 228 30 emblématique,
814 4782 52 18 cou-

160 4823 85 25 vrant
267 4820 111 32 parfois
420 4819 34 25 de
475 4817 112 26 l'ironie
609 4822 66 19 sous
715 4821 45 18 ses
782 4813 97 25 fleurs.

160 4859 92 32 Qu’on
272 4858 74 27 offre
366 4865 56 18 une
462 4864 63 19 rose
547 4855 34 25 de
619 4852 127 32 Bengale
766 4860 18 17 a
824 4859 56 18 une

162 4899 86 30 jeune
265 4897 69 31 fille,
351 4897 68 25 c’est
436 4896 37 25 lui
493 4894 73 26 dire:
587 4892 92 26 «Vous
696 4892 58 25 êtes
771 4890 28 25 la
816 4889 64 31 plus

161 4937 96 25 belle.»
284 4936 74 25 Mais
382 4935 41 25 lui
447 4933 149 31 présenter
618 4938 57 19 une
698 4936 63 19 rose
785 4935 82 19 mous-

162 4983 91 22 seuse,
272 4974 67 26 c’est
359 4972 148 31 s’exposer
526 4970 17 26 à
563 4969 135 30 recevoir,
720 4975 36 18 en
775 4968 106 28 retour,

160 5023 57 18 une
237 5021 64 18 rose
321 5012 97 31 jaune.

200 5052 44 27 En
260 5051 121 30 résumé,
398 5057 66 19 sous
480 5050 63 25 tous
559 5048 41 30 lçs
617 5046 113 26 climats
745 5046 27 25 et
788 5043 18 26 à
821 5044 46 25 tra-

161 5100 65 18 vers
248 5093 63 24 tous
333 5090 41 26 les
395 5088 69 31 âges
485 5086 34 26 de
540 5084 140 27 l’histoire
702 5084 33 25 de
757 5082 109 26 l’huma-

162 5130 67 30 nité,
247 5130 28 25 la
293 5136 63 19 rose
376 5126 109 32 répand
505 5133 36 18 ou
559 5133 16 17 a
592 5123 134 32 répandu
742 5128 52 19 son
812 5128 55 24 par-

161 5169 71 27 fum,
255 5176 30 18 ce
306 5166 122 34 parfum
450 5164 103 26 délicat
575 5162 49 30 qui
648 5161 98 26 faisait
771 5158 110 27 tomber

161 5208 25 25 le
208 5206 54 26 duc
283 5205 33 26 de
355 5205 85 27 Guise
462 5211 36 19 en
536 5200 152 33 pâmoison
710 5201 25 24 et
775 5197 105 32 qu’une

161 5246 89 30 reine,
273 5244 82 25 Anne
379 5240 175 30 d’Autriche,
596 5247 36 18 ne
651 5237 120 33 pouvait
812 5244 52 22 sup-

160 5286 107 31 porter.

197 5323 35 25 Et
250 5322 18 25 il
289 5321 47 30 n’y
356 5329 25 23 a,
399 5321 95 25 a-t-on
514 5318 49 30 dit,
585 5314 180 28 «d’éternelle
783 5312 96 33 poésie

161 5370 54 24 que
231 5362 41 25 les
288 5367 80 19 roses
385 5361 25 24 et
428 5359 40 25 les
485 5356 125 27 étoiles».

196 5400 43 26 Au
264 5398 125 31 surplus,
412 5397 25 26 si
459 5403 74 19 nous
574 5402 35 19 en
633 5398 127 25 prenons
783 5389 96 26 Victor

159 5439 85 31 Hugo
265 5437 18 26 à
300 5436 116 27 témoin.

261 5485 23 25 Il
303 5483 130 26 resterait
453 5489 52 25 peu
525 5481 31 25 de
577 5480 97 25 choses

261 5519 24 25 A
300 5517 127 26 l’homme
444 5516 47 32 qui
508 5515 41 25 vit
564 5521 38 18 un
618 5513 63 32 jour

265 5552 30 26 Si
318 5551 71 25 Dieu
411 5557 73 19 nous
509 5549 69 25 ôtait
602 5548 42 25 les
667 5552 89 19 roses.

620 5601 105 28 Robert
745 5598 93 32 Delys.

1097 999 330 68 ÉCHOS

901 1097 36 26 Le
954 1099 92 30 temps
1065 1098 68 30 qu’il
1151 1107 16 18 a
1185 1099 54 26 fait

937 1138 73 25 C’est
1031 1145 38 18 un
1091 1140 89 31 temps
1203 1140 31 25 de
1255 1140 129 25 mauvais
1409 1140 155 31 printemps
1586 1146 35 18 ou

903 1172 31 25 de
955 1172 43 25 bel
1019 1173 137 25 automne.
1196 1173 42 25 Un
1261 1173 80 25 soleil
1363 1180 69 23 rare,
1454 1173 47 31 qui
1523 1173 63 31 joue
1606 1173 16 25 à

904 1206 172 25 cache-cache
1101 1206 120 25 derrière
1246 1207 41 25 les
1312 1212 65 27 gros
1403 1213 114 26 nuages.
1546 1207 75 25 Mais

904 1239 41 25 les
967 1240 147 25 martinets
1137 1241 94 25 volent
1252 1241 67 25 haut
1341 1242 25 25 et
1388 1241 42 25 les
1453 1241 101 25 merles
1576 1241 36 25 sif-

904 1273 69 25 flent
990 1274 69 25 dans
1079 1274 41 25 les
1140 1282 120 19 sureaux
1277 1283 34 17 en
1329 1274 96 26 fleurs.

942 1307 211 26 Saint-Médard
1170 1316 72 18 nous
1261 1309 220 25 abandonne-t-il
1498 1316 37 18 un
1552 1309 71 32 jour,

905 1349 103 18 comme
1025 1349 36 18 on
1079 1343 89 25 donne
1184 1350 53 17 une
1255 1343 130 31 cigarette
1403 1343 25 25 et
1444 1350 37 18 un
1497 1350 78 18 verre
1593 1343 31 25 de

904 1376 80 25 rhum
1003 1383 53 17 aux
1073 1376 185 25 condamnés?

911 1468 18 26 II
947 1475 16 24 y
979 1476 17 18 a
1010 1469 142 30 quarante
1169 1475 52 19 ans

942 1513 41 26 De
1006 1513 17 25 V
1025 1513 225 32 Indépendance
1293 1514 270 32 luxembourgeoise
1587 1516 38 26 du

908 1552 105 32 mardi,
1033 1553 32 25 19
1083 1552 64 31 juin
1167 1553 80 26 1873:

940 1590 74 30 Hier,
1033 1592 150 30 dimanche,
1201 1592 183 33 l’infatigable
1404 1593 187 30 „Concordia“
1612 1601 15 18 a

908 1625 90 25 donné
1015 1625 15 25 à
1051 1633 45 19 ses
1114 1626 135 26 membres
1267 1634 37 17 un
1325 1628 107 25 concert
1451 1628 54 31 qui,
1524 1634 103 19 comme

909 1659 162 30 d’habitude,
1090 1667 16 17 a
1123 1660 41 25 été
1181 1660 58 26 très
1256 1661 77 25 beau.
1354 1661 273 26 Malheureusement

909 1693 27 25 la
958 1693 185 32 température
1164 1694 68 26 était
1254 1695 217 25 excessivement
1492 1695 87 27 froide
1602 1696 26 25 et

909 1726 41 26 les
966 1727 132 32 bosquets
1116 1728 35 25 du
1167 1728 91 32 jardin
1277 1728 162 25 Bettendorf
1454 1730 46 31 qui
1519 1737 34 18 en
1568 1729 61 33 juin

910 1761 120 25 abritent
1058 1761 165 25 d’ordinaire
1250 1764 94 24 contre
1370 1763 25 25 le
1423 1763 89 30 soleil,
1539 1764 79 25 défen-

910 1794 93 25 daient
1025 1794 58 25 hier
1105 1796 94 25 contre
1219 1796 25 25 le
1265 1797 73 25 vent.
1360 1797 88 25 Aussi
1470 1798 41 25 les
1535 1798 94 25 dames

910 1836 34 17 ne
966 1829 233 31 pouvaient-elles
1222 1831 90 25 rester
1335 1838 36 18 au
1393 1831 102 32 jardin.
1520 1831 109 33 Malgré

911 1862 25 25 le
962 1862 80 30 froid,
1068 1862 47 33 j’ai
1141 1863 95 25 écouté
1262 1864 28 25 la
1316 1865 135 31 première
1478 1865 91 32 partie
1595 1865 35 25 du

911 1897 107 25 concert
1039 1897 26 25 et
1085 1898 136 31 pourquoi
1241 1905 34 18 ne
1294 1898 190 33 l’avouerai-je
1504 1906 60 25 pas,
1583 1899 47 32 j’ai

910 1929 41 26 été
974 1930 204 32 agréablement
1201 1931 118 32 surpris.

945 1963 38 25 La
1008 1964 185 30 „Concordia“
1218 1966 42 24 est
1284 1973 69 18 sans
1378 1966 135 25 contredit
1535 1967 28 25 la
1589 1975 30 18 so-

912 1997 67 25 ciété
999 1997 31 25 de
1049 1998 128 31 musique
1196 1999 47 30 qui
1262 1998 96 25 mérite
1377 1999 26 25 le
1423 2000 64 31 plus
1508 2000 112 25 d’encou-

913 2032 168 30 ragements;
1124 2032 24 25 si
1172 2032 52 25 elle
1249 2032 67 25 s’est
1339 2032 91 26 élevée
1453 2041 36 18 au
1513 2035 118 31 premier

913 2070 69 26 rang
1004 2064 47 25 des
1077 2065 118 25 sociétés
1236 2066 31 25 de
1290 2067 128 31 musique
1459 2068 162 25 luxembour-

912 2098 118 30 geoises,
1051 2098 52 25 elle
1123 2098 124 26 s’efforce
1267 2100 31 25 de
1318 2101 41 31 s’y
1378 2101 157 25 maintenir.
1572 2101 60 26 Elle

914 2139 32 17 en
968 2131 105 25 fournit
1093 2133 63 25 tous
1178 2133 41 25 les
1238 2134 80 31 jours
1338 2134 27 25 la
1387 2135 126 32 preuve.“

917 2223 41 26 Un
978 2232 101 19 roman
1099 2226 33 26 de
1151 2226 70 27 Paul
1242 2227 72 32 Lévy

948 2264 85 26 Notre
1074 2266 124 25 confrère
1222 2267 251 30 „Paris-Journal“
1500 2277 122 19 commen-

915 2305 62 19 cera
995 2299 70 25 dans
1085 2300 131 32 quelques
1235 2302 79 31 jours
1333 2302 29 25 la
1379 2303 172 32 publication
1570 2304 64 25 d’un

915 2340 98 18 roman
1032 2334 94 32 inédit,
1148 2335 146 31 „L’Idole“,
1312 2343 51 25 par
1382 2337 80 25 notre
1482 2337 141 25 collabora-

916 2368 61 24 teur
1003 2367 37 25 M.
1068 2368 69 25 Paul
1165 2369 80 32 Lévy,
1286 2370 118 26 l’auteur
1446 2371 47 25 des
1519 2371 114 30 „Fleurs

916 2401 208 32 d’oppression“
1142 2403 25 25 et
1184 2403 31 25 de
1233 2403 53 30 „La
1304 2403 70 25 Lie“.
1393 2404 79 26 Dans
1488 2405 146 30 „L’Idole“,

919 2435 36 25 M.
975 2436 71 25 Paul
1063 2436 80 32 Lévy,
1159 2444 65 18 avec
1240 2438 69 25 cette
1325 2439 133 25 intensité
1474 2440 46 31 qui
1535 2440 40 25 lui
1593 2441 41 25 est

915 2475 107 25 propre,
1063 2470 114 30 peindra
1200 2471 47 25 des
1272 2480 106 18 mœurs
1403 2474 25 24 et
1451 2474 47 25 des
1522 2474 113 25 milieux

915 2509 153 19 nouveaux.

952 2535 36 25 Ce
1010 2536 69 25 livre
1101 2544 82 18 narre
1207 2538 31 25 de
1262 2538 80 32 façon
1382 2541 172 33 pittoresque
1594 2541 41 26 les

917 2570 149 25 aventures
1084 2569 63 25 d’un
1164 2571 46 31 qui
1226 2572 105 25 n’avait
1346 2580 52 24 pas
1414 2575 85 30 perdu
1516 2583 52 25 que
1585 2584 52 18 son

918 2602 101 30 ombre,
1044 2603 71 25 mais
1140 2611 52 19 une
1218 2604 106 27 femme.
1348 2606 38 25 La
1410 2610 153 29 poursuite,
1590 2610 46 31 qui

919 2635 77 25 mène
1013 2636 25 25 le
1056 2637 102 25 lecteur
1177 2638 32 25 du
1229 2639 58 25 café
1304 2640 164 27 d’Harcourt
1484 2642 16 25 à
1519 2642 117 33 Prague,

918 2670 41 25 est
979 2670 150 26 l’occasion
1150 2672 63 25 d’un
1232 2672 67 26 récit
1320 2680 33 18 en
1374 2674 90 32 lequel
1485 2683 30 18 se
1534 2677 92 25 mélan-

918 2705 63 30 gent
997 2704 27 25 la
1041 2705 115 25 douleur
1172 2706 15 25 à
1204 2706 26 25 la
1247 2707 162 25 sensualité.

953 2738 58 26 Nos
1035 2739 118 27 lecteurs
1181 2748 30 18 se
1236 2741 201 25 souviendront
1463 2750 68 18 sans
1556 2744 81 25 doute

919 2779 52 25 que
990 2772 27 25 la
1037 2781 83 19 revue
1142 2774 137 30 „Florial“
1301 2782 15 18 a
1338 2776 93 32 publié
1450 2777 20 25 il
1490 2784 17 25 y
1526 2784 17 18 a
1564 2778 62 31 quel-

919 2814 67 25 ques
1007 2807 113 31 années,
1141 2816 36 17 un
1200 2810 99 25 extrait
1321 2810 32 25 de
1375 2817 28 19 ce
1424 2818 106 24 roman,
1552 2817 85 27 pages

918 2841 211 26 harmonieuses
1148 2843 25 24 et
1193 2843 175 25 troublantes
1387 2844 63 25 d’un
1472 2845 107 25 charme
1598 2847 28 24 in-

918 2875 181 30 comparable.

1404 2971 82 28 Billet
1508 2973 34 27 de
1564 2973 58 27 Mid

955 3012 76 27 Herr
1051 3013 190 34 Karl-Eugen
1260 3014 131 29 Schmidt
1408 3025 31 18 se
1459 3017 113 32 défend.
1594 3017 41 27 On

917 3058 17 18 a
957 3052 197 30 vingt-quatre
1176 3052 112 32 heures,
1310 3054 74 27 dans
1408 3056 63 33 tou%
1492 3057 41 25 les
1554 3064 80 24 pays,

916 3096 74 23 pour
1011 3090 133 27 maudire
1162 3099 45 19 ses
1226 3092 91 30 juges.
1356 3092 128 27 Carencé
1522 3102 55 23 par
1596 3102 38 19 un

919 3128 214 30 procès-verbal
1160 3129 126 31 régulier
1288 3151 4 7 ,
1343 3129 76 26 Herr
1446 3130 189 33 Karl-Eugen

918 3163 130 28 Schmidt
1076 3173 36 19 en
1138 3167 113 30 appelle
1278 3167 16 26 à
1323 3167 139 31 l'opinion
1489 3169 146 32 publique,

917 3210 55 24 par
989 3203 25 26 le
1031 3204 85 25 canal
1134 3204 35 26 de
1186 3205 29 26 la
1234 3216 9 12 «
1250 3204 217 34 Luxemburger
1485 3206 123 33 Zeitung
1613 3219 21 20 »,

918 3249 69 19 avec
1007 3249 39 18 un
1065 3242 98 26 retard
1181 3242 36 27 de
1237 3244 65 30 cinq
1320 3244 89 30 jours.
1449 3244 25 27 Il
1493 3254 16 18 a
1529 3247 62 30 pris
1611 3245 25 26 h

919 3279 91 31 temps
1030 3279 35 28 de
1086 3281 27 25 la
1133 3281 151 31 réflexion.

954 3317 58 26 Son
1032 3318 151 32 plaidoyer
1201 3320 42 27 dit
1262 3320 150 34 beaucoup
1430 3321 35 27 de
1484 3322 107 27 choses.
1612 3322 23 25 Il

918 3356 41 27 dit
982 3364 53 25 que
1059 3357 25 26 le
1110 3369 10 11 «
1127 3357 91 27 Matin
1225 3370 9 11 »
1278 3359 104 28 cultive
1406 3360 25 26 le
1454 3362 181 30 patriotisme

917 3403 110 19 comme
1052 3403 36 19 on
1112 3396 103 27 cultive
1240 3397 26 26 la
1291 3398 173 28 choucroute
1490 3399 18 27 à
1530 3399 106 27 Dhaun

920 3434 44 26 bei
981 3434 74 26 Kirn
1071 3443 25 18 a.
1113 3435 25 27 d.
1156 3435 91 27 Nahe.
1264 3436 25 26 Il
1305 3436 41 27 dit
1360 3443 55 25 que
1431 3438 40 26 les
1486 3439 149 30 journaux

918 3473 129 32 français
1070 3474 49 27 ont
1142 3475 120 31 tronqué
1284 3475 40 27 les
1346 3476 135 27 citations
1502 3476 36 27 de
1560 3476 75 27 Herr

918 3511 190 33 Karl-Eugen
1126 3513 137 27 Schmidt.
1283 3513 25 26 Il
1324 3513 41 27 dit
1383 3521 53 25 que
1455 3514 77 26 Herr
1549 3514 86 27 Karl-

920 3550 99 32 Eugen
1034 3551 131 27 Schmidt
1181 3552 26 25 ri
1211 3552 80 26 avait
1304 3553 107 30 jamais
1427 3552 126 27 entendu
1568 3562 55 24 par-

918 3589 41 26 ler
982 3589 35 27 de
1040 3590 75 26 Paul
1138 3590 140 28 Bourson.
1303 3590 25 26 Il
1350 3590 43 27 dit
1415 3599 54 24 que
1492 3591 40 27 les
1555 3591 80 27 duels

919 3627 129 32 français
1064 3628 64 25 sont
1145 3628 34 26 de
1195 3628 26 26 la
1239 3628 135 27 comédie.
1391 3629 25 26 Il
1431 3629 41 26 dit
1489 3637 54 24 que
1561 3629 74 27 Herr

918 3666 190 32 Karl-Eugen
1128 3666 131 27 Schmidt
1279 3668 79 25 avait
1377 3667 105 32 décidé,
1505 3676 37 19 au
1563 3670 73 25 mois

918 3705 111 32 d’avril,
1052 3705 34 26 de
1108 3705 105 30 quitter
1233 3705 86 27 Paris
1340 3706 26 25 et
1387 3705 102 26 d’aller
1508 3715 30 19 se
1559 3707 71 31 fixe)

919 3751 35 19 en
977 3744 92 31 Italie,
1113 3743 85 32 après
1222 3744 40 26 les
1285 3745 73 25 mois
1382 3744 72 27 d’été
1476 3744 100 31 passés
1618 3744 17 26 à

918 3782 105 26 Dhaun
1044 3782 44 26 bei
1109 3782 74 26 Kirn
1204 3790 25 18 a.
1250 3782 25 26 d.
1298 3782 91 27 Nahe.
1431 3782 23 26 Il
1474 3782 49 33 dit,
1546 3782 88 31 enfin,

918 3827 54 25 que
989 3821 78 26 Herr
1083 3820 190 33 Karl-Eugen
1289 3821 131 27 Schmidt
1437 3821 41 26 est
1493 3829 40 18 un
1550 3822 25 25 si
1591 3821 43 31 fin

920 3859 134 27 Parisien
1070 3859 69 32 qu’il
1154 3860 69 30 peut
1239 3860 80 25 aussi
1336 3859 64 26 bien
1418 3859 90 26 écrire
1523 3868 46 19 ses
1585 3859 38 26 let-

919 3898 56 26 tres
992 3899 184 30 parisiennes
1193 3898 35 27 de
1247 3898 113 32 Dhaun,
1379 3898 36 27 de
1432 3895 134 36 Chicago,
1585 3898 50 26 des

917 3936 114 31 placers
1045 3936 35 27 de
1094 3936 159 32 Californie
1267 3944 53 25 que
1335 3936 68 26 d'un
1420 3936 51 26 bar
1486 3936 37 26 du
1540 3936 92 26 boide-

918 3975 72 26 vard
1015 3975 225 27 Rochechouart.

954 4013 35 26 Je
1008 4013 59 26 n’ai
1086 4022 53 24 pas
1159 4013 16 26 à
1195 4013 138 32 défendre
1354 4014 24 25 le
1401 4025 8 11 «
1417 4013 91 26 Malin
1514 4024 21 15 ».
1556 4013 25 26 Il
1599 4021 36 18 ne

917 4059 44 19 me
981 4060 64 18 sera
1063 4060 53 24 pas
1135 4051 161 27 nécessaire
1314 4060 58 18 non
1391 4052 65 31 plus
1473 4051 35 26 de
1525 4051 93 32 réfute
1621 4059 9 18 t

916 4090 15 26 I
937 4091 166 25 accusation
1125 4091 151 31 grotesque
1318 4090 35 26 de
1376 4091 91 26 textes
1491 4090 142 32 tronqués.

917 4128 75 27 Herr
1017 4128 189 33 Karl-Eugen
1228 4128 130 27 Schmidt
1398 4137 17 18 a
1438 4129 55 26 tort
1515 4128 120 26 d’écrire

915 4168 61 26 cela
997 4167 16 26 à
1035 4167 49 28 des
1106 4167 121 26 lecteurs
1248 4167 260 32 luxembourgeois,
1530 4168 48 30 qui
1599 4174 36 19 ne

915 4206 186 27 connaissent
1121 4214 54 24 pas
1195 4213 46 19 ses
1262 4205 96 27 lettres
1399 4213 55 24 par
1475 4205 50 27 des
1549 4216 9 12 «
1564 4205 57 27 cita-

917 4245 74 26 tions
998 4256 19 20 »,
1044 4245 74 26 mais
1144 4245 56 30 qui,
1224 4244 130 32 pendant
1379 4244 49 26 des
1453 4243 116 33 années,
1595 4244 40 26 les

917 4284 48 26 ont
984 4291 66 19 eues
1066 4291 67 19 sous
1151 4283 40 26 les
1206 4289 85 25 yeux,
1309 4282 222 32 régulièrement
1548 4282 26 25 et
1590 4282 30 25 in-

918 4322 186 31 tégralement
1149 4321 110 31 chaque
1284 4321 138 26 semaine.
1468 4320 40 27 Ils
1533 4319 102 27 savent

919 4361 72 27 bien,
1008 4369 56 18 eux
1080 4361 49 30 qui
1146 4368 33 18 en
1196 4360 48 25 ont
1261 4359 41 26 été
1316 4360 25 25 si
1356 4359 121 26 souvent
1491 4358 141 32 indignés,

915 4399 86 32 qu’on
1024 4399 47 25 ria
1092 4407 52 24 pas
1167 4398 96 26 besoin
1286 4398 35 26 de
1343 4398 137 30 tronquer
1502 4397 40 27 les
1563 4397 56 26 cita-

917 4439 74 25 tions
1008 4437 35 26 de
1061 4436 188 32 Karl-Eugen
1266 4436 130 27 Schmidt
1414 4443 74 24 pour
1505 4435 129 26 montrer

916 4476 64 32 qu’à
1003 4476 109 30 chaque
1135 4474 116 29 instant,
1275 4475 26 25 la
1325 4474 107 27 bouche
1455 4474 63 30 trop
1541 4474 80 30 large-

915 4515 79 26 ment,
1018 4514 115 27 ouverte
1156 4522 53 24 par
1233 4522 40 18 un
1295 4514 59 25 rire
1377 4511 255 32 incompréhensif,

917 4554 19 25 il
956 4554 96 25 bavait
1070 4561 50 18 sur
1141 4552 59 27 tout
1239 4560 30 19 ce
1288 4552 49 30 qui
1356 4550 166 33 représente
1542 4551 27 25 la
1589 4552 45 23 vie

915 4592 146 32 française
1087 4592 25 25 et
1136 4591 109 31 l’esprit
1269 4590 141 31 français!
1454 4589 34 26 Et
1531 4595 102 19 encore

916 4631 26 25 ri
947 4630 132 26 aurait-il
1102 4638 53 24 pas
1178 4629 47 26 osé
1250 4636 124 24 envoyer
1387 4628 30 30 .à-
1440 4628 28 26 lu
1495 4626 124 27 «Luxem-

917 4669 104 32 burger
1039 4668 122 31 Zeitung
1167 4680 9 10 »
1197 4667 91 26 toutes
1305 4667 40 26 les
1363 4667 96 26 basses
1476 4666 157 26 calomnies

915 4708 69 26 dont,
1006 4716 30 19 se
1056 4706 217 32 pourléchaient
1294 4705 40 26 les
1356 4705 122 27 lecteurs
1499 4703 35 27 de
1554 4704 66 31 jour-

915 4755 82 19 naux
1016 4745 136 27 berlinois
1170 4744 140 32 auxquels
1328 4744 21 26 il
1365 4742 177 29 collaborait.

953 4785 78 27 Pour
1057 4784 111 25 n’avoir
1192 4783 107 30 jamais
1325 4780 126 28 entendu
1475 4780 98 32 parler
1598 4779 35 26 de

916 4824 74 26 Paul
1008 4823 140 30 Bourson,
1167 4822 18 25 il
1201 4821 63 31 faut
1281 4828 53 23 que
1351 4820 75 26 Herr
1444 4819 188 31 Karl-Eugen

915 4862 129 27 Schmidt
1067 4861 70 25 riait
1157 4860 107 30 jamais
1285 4859 29 27 lu
1354 4866 40 18 un
1414 4858 118 30 journal
1552 4857 67 32 fran-

916 4903 67 30 çais,
1002 4908 58 20 car.
1078 4899 16 27 à
1112 4898 35 27 de
1163 4897 186 27 nombreuses
1366 4897 135 31 reprises,
1519 4903 30 19 ce
1566 4903 53 19 cou-

915 4947 113 24 rageux
1047 4937 172 32 journaliste
1239 4936 126 26 alsacien
1388 4943 15 18 a
1426 4936 40 25 etc
1486 4934 53 27 cité
1559 4933 73 26 dans

916 4979 26 25 la
962 4977 110 33 grande
1091 4984 106 25 presse.
1217 4975 74 25 Mais
1309 4975 25 25 si
1353 4974 77 26 Herr
1448 4972 130 27 Schmidt
1598 4980 36 18 ne

916 5017 76 26 lisait
1018 5024 52 24 pas
1094 5016 40 26 les
1156 5016 149 30 journaux
1330 5013 129 31 français
1484 5012 26 26 et
1534 5009 100 33 faisait

915 5063 44 19 ses
981 5056 96 25 lettres
1099 5054 183 31 parisiennes
1303 5051 15 26 à
1343 5051 112 31 Dhaun,
1479 5050 58 26 tout
1558 5049 62 27 s’ex-

916 5094 108 32 plique:
1041 5092 144 28 comment
1201 5090 131 27 aurait-il
1349 5097 48 25 pu,
1414 5089 74 26 dans
1503 5095 46 19 ces
1566 5095 52 19 con-

915 5132 114 32 ditions,
1076 5131 97 32 parler
1218 5128 34 28 de
1278 5129 26 26 la
1332 5128 111 27 France
1470 5124 162 28 autrement

916 5171 117 32 qu'avec
1047 5171 26 26 la
1090 5170 64 31 plus
1169 5168 86 27 haute
1271 5167 155 33 fantaisie?
1442 5166 25 25 Il
1480 5164 93 28 s’était
1589 5165 29 25 in-

915 5210 82 26 venté
1015 5217 57 18 une
1090 5208 111 26 France
1220 5207 16 27 à
1255 5214 52 19 son
1326 5212 87 24 usage
1431 5202 162 33 personnel,
1615 5204 17 25 il

915 5249 28 26 la
964 5248 99 32 faisait
1084 5249 78 25 vivre
1184 5246 73 26 dans
1277 5252 52 19 son
1350 5250 131 24 cerveau,
1503 5249 38 19 au
1563 5241 68 25 bord

916 5288 34 26 de
968 5288 26 25 la
1013 5286 82 26 Nahe
1100 5298 4 8 •
1122 5286 25 26 et
1163 5285 67 26 c'est
1247 5283 81 26 d’elle
1345 5282 69 33 qu’il
1430 5281 108 32 parlait
1554 5279 16 27 à
1587 5286 46 19 ses

915 5327 157 30 journaux.

953 5364 76 26 Herr
1052 5362 188 31 Karl-Eugen
1265 5359 138 29 Schmidt,
1447 5359 49 31 qui
1519 5358 47 25 ria
1589 5358 30 29 ja-

916 5404 73 25 mais
1009 5403 64 25 rien
1094 5401 126 31 compris
1241 5408 36 19 en
1298 5399 119 29 France,
1441 5397 48 26 ria
1509 5403 52 25 pas
1584 5403 35 19 en-

915 5450 64 19 core
997 5441 126 32 compris
1140 5447 53 24 que
1211 5439 40 26 les
1267 5439 74 25 amis
1359 5436 141 32 auxquels
1519 5435 18 26 il
1555 5432 78 27 avait

915 5480 141 28 demandé
1074 5479 35 26 de
1127 5479 24 26 le
1168 5476 182 33 représenter
1367 5475 74 26 dans
1456 5482 52 19 son
1525 5473 107 31 affaire

915 5528 68 19 avec
1006 5518 74 26 Paul
1104 5517 131 26 Bourson
1257 5524 30 19 se
1309 5514 113 32 Rissent
1443 5511 122 28 récusés.
1608 5510 25 26 II

914 5558 60 27 s’en
997 5557 93 32 plaint
1113 5554 177 28 amèrement
1313 5554 26 26 et
1363 5552 135 28 dénonce,
1522 5557 110 20 comme-

915 5605 85 19 cause
1023 5595 35 27 de
1080 5595 72 28 cette
1175 5593 161 32 volte-face,
1361 5592 27 26 la
1412 5589 111 29 crainte
1546 5588 35 27 de
1605 5586 29 27 la

1656 1001 129 19 rancune
1801 992 39 26 du
1859 1004 9 11 «
1875 992 93 26 Matin
1973 1003 21 16 ».
2011 992 74 27 C'est
2101 992 68 25 d'un
2184 993 130 30 comique
2332 993 28 24 in-

1656 1032 89 25 tense:
1789 1030 59 27 Vun
1872 1031 50 26 des
1948 1042 9 11 «
1965 1030 121 26 témoins
2092 1041 9 11 »
2128 1030 34 26 de
2185 1030 188 31 Karl-Eugen

1656 1069 131 27 Schmidt
1802 1070 69 26 était
1887 1070 25 26 le
1927 1068 229 32 correspondant
2172 1068 18 26 à
2205 1068 85 26 Paris
2305 1068 69 26 d’un

1656 1109 118 30 journal
1790 1108 35 26 de
1842 1107 128 32 Munich,
1988 1107 102 27 l’autre
2107 1107 69 27 était
2193 1115 41 18 un
2249 1107 127 32 peintre;

1658 1155 94 19 aucun
1768 1146 50 27 des
1832 1146 78 26 deux
1925 1147 26 25 ri
1955 1147 78 25 avait
2046 1147 63 25 rien
2124 1145 17 27 à
2154 1145 74 32 faire
2243 1153 38 18 au
2298 1144 63 26 «Ma-

1658 1186 68 25 tin».
1771 1185 75 26 Mais
1871 1184 77 27 Herr
1972 1184 190 32 Karl-Eugen
2185 1182 131 28 Schmidt
2341 1190 36 18 ne

1658 1223 160 32 comprend
1831 1232 53 24 pas
1899 1231 63 25 que,
1979 1222 146 32 lorsqu’on
2140 1231 16 17 a
2170 1222 153 26 rencontré
2337 1229 41 18 un

1659 1262 132 27 individu
1809 1262 74 26 dans
1901 1270 58 18 une
1977 1262 113 25 maison
2109 1260 185 32 respectable,
2315 1266 62 25 que,

1658 1310 50 19 sur
1728 1302 30 25 la
1777 1301 41 31 foi
1838 1300 50 27 des
1909 1307 180 25 apparences
2111 1307 37 19 on
2167 1299 67 27 s’est
2254 1299 36 26 lié
2310 1305 69 19 avec

1659 1340 48 32 lui,
1728 1348 37 19 on
1783 1339 61 27 s’en
1864 1338 188 27 désolidarise
2071 1346 37 18 au
2127 1338 66 31 plus
2211 1338 39 26 tôt
2270 1337 25 26 le
2312 1338 65 30 jour

1661 1377 44 33 où,
1730 1378 74 26 dans
1828 1377 72 27 cette
1924 1378 113 25 maison
2063 1377 49 30 qui
2136 1375 196 32 t’hospitalise,
2359 1374 21 26 il

1660 1417 123 27 commet
1827 1424 57 19 une
1911 1415 180 32 incongruité
2118 1415 79 25 aussi
2220 1413 159 27 révoltante

1660 1463 54 25 que
1739 1455 69 26 celle
1832 1455 137 26 commise
2010 1461 55 24 par
2090 1453 76 26 Herr
2189 1451 190 32 Karl-Eugen

1661 1493 131 27 Schmidt
1809 1493 18 26 à
1843 1492 109 32 l'égard
1969 1491 35 28 de
2021 1492 28 25 la
2067 1491 112 25 France
2196 1491 48 30 qui
2263 1490 15 26 V
2283 1489 84 32 hospi-

1662 1532 117 27 talisait.
1799 1532 25 26 Il
1843 1532 77 30 peut,
1941 1530 17 26 à
1976 1530 124 32 présent,
2123 1530 60 26 tout
2200 1529 19 26 à
2239 1536 52 19 son
2310 1529 69 27 aise,

1662 1579 30 19 se
1710 1578 119 25 moquer
1848 1569 39 26 du
1905 1568 67 26 duel
1990 1568 141 32 français:
2151 1575 74 19 nous
2244 1574 90 19 avons
2353 1565 29 26 lu

1663 1611 28 25 la
1711 1609 75 32 fable
1808 1608 39 26 du
1868 1607 107 27 renard
1997 1607 26 26 et
2044 1607 50 26 des
2114 1607 117 25 raisins.
2272 1604 42 32 Et,
2335 1603 47 28 s’il

1662 1648 60 27 s’en
1740 1656 36 18 va
1795 1656 35 18 en
1849 1647 91 30 Italie,
1961 1645 53 26 bon
2037 1652 105 24 voyage
2162 1645 27 27 et
2207 1644 53 25 bon
2280 1642 88 26 débar-

1663 1695 56 19 ras.
1760 1685 30 27 Si
1811 1685 137 32 quelques
1969 1692 55 19 uns
2063 1684 35 26 de
2118 1690 51 19 son
2192 1681 98 31 espèce
2310 1689 58 24 pou-

1663 1726 96 24 vaient
1782 1725 25 25 le
1827 1725 124 25 suivre...

2264 1758 30 27 O.
2316 1757 28 26 T.

1668 1854 172 27 Distraction

1698 1895 43 25 Un
1765 1893 88 33 grand
1876 1893 113 29 éditeur,
2013 1892 46 31 qui
2082 1890 71 25 édite
2177 1898 37 17 un
2237 1897 53 25 peu
2314 1888 70 25 dans

1665 1930 64 24 tous
1750 1928 41 25 les
1810 1932 107 26 genres,
1938 1925 118 32 publiait
2076 1924 200 25 dernièrement
2296 1930 37 18 un
2354 1922 19 25 li-

1667 1970 47 17 vre
1733 1962 102 29 sévère,
1852 1961 76 25 voire
1944 1960 89 31 pieux,
2052 1958 107 25 destiné
2176 1965 53 17 aux
2247 1958 94 25 dames
2359 1957 25 25 et

1667 2003 53 18 aux
1740 1996 96 32 jeunes
1857 1994 84 30 filles,
1961 2008 34 2 —
2013 2001 53 18 une
2089 1992 51 25 Vie
2160 1992 47 25 des
2233 1991 105 30 Saints,
2361 1990 25 25 si

1667 2037 69 18 vous
1756 2029 104 25 voulez.

1701 2063 70 25 Vers
1799 2063 27 25 la
1851 2063 86 25 même
1963 2061 112 32 époque,
2118 2060 25 25 le
2167 2059 87 25 même
2281 2059 105 25 éditeur

1667 2098 103 30 lançait
1788 2104 38 18 un
1843 2096 109 25 volume
1970 2095 66 25 orné
2055 2095 131 31 d’images
2203 2101 81 18 assez
2299 2093 86 25 vives.

1667 2132 78 25 Dans
1766 2139 38 18 un
1822 2131 48 25 but
1890 2130 31 25 de
1939 2129 125 30 réclame,
2085 2128 20 25 il
2124 2128 162 25 commanda
2305 2127 16 25 à
2341 2133 46 19 ses

1668 2165 140 33 employés
1836 2164 151 25 d’encarter
2013 2162 47 26 des
2088 2161 154 33 spécimens
2268 2162 31 25 de
2342 2167 45 18 ces

1667 2200 106 31 images
1794 2199 69 25 dans
1885 2199 63 24 tous
1969 2197 41 25 les
2031 2196 126 25 volumes
2179 2196 109 24 sortant
2309 2195 31 25 de
2359 2195 27 25 la

1668 2233 117 25 maison.

1703 2267 34 25 Et
1761 2267 65 25 c’est
1867 2272 103 19 comme
1994 2265 58 25 cela
2075 2271 51 25 que
2152 2263 69 25 dans
2262 2263 41 25 les
2327 2262 49 25 châ-

1668 2302 89 29 teaux,
1773 2301 127 25 maisons
1918 2299 179 28 d’éducation,
2112 2299 133 24 couvents
2261 2297 86 25 même
2363 2297 25 24 et

1668 2335 61 25 chez
1749 2335 30 25 de
1799 2334 112 25 sévères
1930 2332 155 32 bourgeois,
2103 2332 28 25 la
2151 2331 51 25 Vie
2220 2331 47 25 des
2291 2331 97 25 Saints

1668 2370 43 25 est
1731 2368 107 25 arrivée
1858 2366 117 26 bourrée
1994 2366 31 25 de
2044 2367 115 25 femmes
2180 2364 163 26 décolletées
2363 2365 25 25 et

1669 2403 166 31 légèrement
1855 2399 163 33 égrillardes
2041 2420 5 5 .

1676 2495 34 28 Ils
1730 2496 137 28 mangent
1887 2494 47 27 des
1955 2493 161 26 hannetons

1703 2535 43 25 Un
1769 2535 144 26 rédacteur
1934 2534 31 25 de
1986 2533 29 25 la
2036 2532 145 32 „Tägliche
2203 2531 186 26 Rundschau“

1671 2570 74 25 vient
1766 2570 31 25 de
1816 2568 107 33 publier
1943 2568 27 25 la
1992 2568 99 25 recette
2112 2567 30 25 de
2163 2567 28 25 la
2230 2574 85 24 soupe
2337 2574 53 17 aux

1669 2604 168 25 hannetons:

1706 2637 140 30 „Prendre
1867 2644 52 18 une
1941 2635 133 25 douzaine
2094 2634 31 25 de
2146 2634 165 28 hannetons,
2349 2634 41 24 les

1673 2672 60 24 tuer
1757 2671 70 25 dans
1852 2670 70 25 l’eau
1948 2669 161 28 bouillante,
2136 2668 33 29 et,
2194 2674 65 18 avec
2283 2667 47 25 des
2357 2667 22 25 ci-

1673 2711 93 22 seaux,
1785 2703 125 26 détacher
1929 2703 42 25 les
1991 2703 92 31 pattes
2103 2702 26 25 et
2149 2701 42 25 les
2211 2700 78 25 ailes.
2310 2700 81 25 Faire

1673 2738 117 25 rissoler
1815 2738 120 31 pendant
1958 2737 133 32 quelques
2116 2735 121 25 minutes
2261 2734 70 26 dans
2355 2733 36 26 du

1673 2772 97 24 beurre
1794 2778 65 18 avec
1883 2771 31 25 de
1937 2771 28 25 la
1989 2770 96 26 farine.
2127 2769 116 32 Ajouter
2266 2777 38 18 un
2328 2769 63 25 litre

1673 2805 77 25 d’eau
1766 2806 25 24 et
1806 2804 69 25 faire
1891 2804 74 25 cuire
1980 2811 53 18 une
2046 2804 90 25 heure.

1707 2839 52 30 „Le
1774 2839 103 31 liquide
1893 2839 42 24 est
1953 2837 105 25 clarifié
2074 2845 35 17 au
2127 2844 98 24 moyen
2240 2837 80 24 d’une
2334 2837 57 24 fine

1670 2872 129 31 passoire
1818 2873 25 23 et
1865 2871 73 25 servi
1958 2870 92 25 chaud.
2074 2870 36 24 Ce
2129 2870 107 30 potage,
2255 2870 26 30 je
2302 2870 25 23 le
2348 2869 31 24 dé-

1670 2905 81 29 clare,
1774 2905 42 24 est
1838 2903 140 25 excellent.
2006 2903 56 25 Son
2086 2903 66 31 goût
2173 2902 124 32 rappelle
2320 2901 69 25 celui

1671 2938 30 25 de
1718 2938 27 25 la
1765 2945 85 24 soupe
1866 2945 54 17 aux
1936 2936 162 25 éerevisèes.
2116 2936 34 25 Je
2167 2936 134 25 conseille
2317 2936 31 25 de
2365 2935 25 25 le

1672 2972 89 26 servir
1779 2971 16 25 à
1816 2970 47 25 des
1883 2969 78 26 hôtes
1981 2978 57 17 non
2056 2969 151 33 prévenus;
2226 2977 51 25 par
2296 2969 83 26 consé-

1671 3007 91 32 quent,
1783 3006 60 25 leur
1865 3004 102 25 laisser
1989 3004 88 25 croire
2096 3004 66 31 qu’il
2184 3005 42 25 est
2246 3003 51 25 fait
2317 3003 62 25 d’au-

1672 3041 41 24 tre
1728 3041 88 25 chose.
1833 3039 43 28 On
1893 3038 57 25 doit
1965 3038 112 25 d’abord
2091 3037 108 32 goûter;
2217 3045 36 18 on
2267 3037 62 32 juge
2346 3045 33 18 en-

1673 3074 79 25 suite.

1706 3107 51 30 „Le
1779 3108 141 24 hanneton
1944 3107 42 25 est
2011 3113 36 17 un
2073 3106 103 25 insecte
2199 3104 57 25 très
2279 3111 110 25 propre;

1671 3142 19 24 il
1710 3149 34 17 ne
1764 3149 29 17 se
1812 3141 109 25 nourrit
1942 3147 51 25 que
2013 3140 31 25 de
2065 3139 130 25 verdures
2217 3139 118 25 tendres.
2354 3138 36 25 Le

1670 3175 63 31 jour
1759 3174 35 25 où
1820 3175 25 24 le
1871 3174 91 31 public
1988 3172 159 26 consentira
2173 3172 15 25 à
2215 3172 175 26 s’affranchir

1671 3209 31 25 de
1723 3216 32 18 sa
1776 3207 162 32 prévention
1959 3207 104 31 injuste
2085 3206 15 25 à
2121 3206 127 25 l’endroit
2270 3206 35 25 du
2325 3205 54 25 han-

1670 3243 91 29 neton,
1782 3241 160 25 l’économie
1959 3240 171 32 domestique
2148 3248 69 18 aura
2237 3239 97 25 trouvé
2353 3247 37 18 un

1671 3275 135 25 véritable
1830 3275 115 25 aliment
1969 3275 151 32 populaire.
2162 3274 94 30 Alors,
2281 3274 41 25 les
2348 3281 31 18 ar-

1671 3310 74 25 mées
1769 3310 31 25 de
1825 3309 157 25 hannetons
2004 3316 34 18 ne
2062 3309 95 25 seront
2178 3308 64 32 plus
2267 3308 112 25 considé-

1671 3343 60 25 rées
1755 3351 103 17 comme
1883 3350 53 18 une
1961 3343 127 25 calamité
2111 3356 34 3 —
2168 3349 35 18 au
2227 3342 162 25 contraire.“

1704 3377 89 32 Après
1816 3377 69 30 tout,
1905 3376 180 25 l’astronome
2107 3376 122 25 Lalande
2250 3375 140 32 mangeait

1670 3411 63 25 bien
1751 3411 47 25 des
1817 3410 154 33 araignées,
1990 3410 61 25 leur
2069 3410 132 25 trouvant
2219 3417 37 19 un
2273 3409 66 33 goût
2359 3409 31 25 de

1670 3445 144 25 noisette...
1842 3464 5 4 .

1673 3539 74 31 Pays
1766 3538 104 27 chauds

1704 3579 51 26 Les
1773 3579 195 25 observations
1985 3578 83 26 faites
2085 3578 25 25 le
2127 3585 71 18 mois
2216 3578 108 25 dernier
2339 3585 51 25 par

1670 3613 218 25 l’Observatoire
1913 3612 30 25 de
1968 3612 150 32 Gottingue
2140 3612 124 25 autorise
2288 3612 16 25 à
2326 3619 52 25 sup-

1671 3655 83 25 poser
1777 3655 52 25 que
1853 3647 87 25 même
1964 3654 33 17 en
2020 3646 80 25 Avril
2124 3645 41 25 les
2191 3646 142 25 habitants
2359 3646 30 25 de

1670 3681 101 25 l’étoile
1793 3680 102 26 Persée
1913 3681 119 31 peuvent
2052 3688 68 18 sans
2140 3680 105 25 crainte
2265 3688 30 18 se
2314 3679 65 25 dévê-

1671 3716 36 24 tir
1730 3716 124 25 d’autant
1879 3715 66 32 qu’il
1966 3714 61 25 leur
2049 3713 80 33 plaît:
2153 3714 27 25 la
2205 3714 184 32 température

1671 3749 168 31 enregistrée
1857 3748 16 25 à
1893 3749 28 25 la
1940 3747 108 26 surface
2066 3749 31 25 de
2116 3749 41 25 cet
2175 3749 76 25 astre
2270 3747 68 25 était
2356 3754 34 19 en

1671 3782 64 25 effet
1760 3783 30 25 de
1816 3782 89 25 16.500
1929 3782 103 32 degrés.
2074 3782 76 25 Cette
2174 3789 109 18 mesure
2307 3789 16 17 a
2348 3781 41 25 été

1671 3816 118 25 obtenue
1829 3824 50 25 par
1904 3824 36 17 un
1963 3815 113 32 procédé
2101 3816 60 24 tout
2201 3815 129 25 différent
2354 3815 36 25 du

1669 3850 156 32 pyromètre
1848 3850 124 25 stellaire
1993 3850 31 25 de
2047 3849 37 25 M.
2109 3849 169 29 Nordmann,
2301 3849 77 25 astro-

1670 3892 80 18 nome
1766 3884 31 25 de
1815 3883 218 26 l’Observatoire
2051 3884 30 25 de
2100 3883 91 28 Paris,
2207 3882 90 32 lequel
2313 3883 76 25 avait

1671 3918 97 25 trouvé
1793 3918 30 25 de
1847 3925 51 19 son
1922 3917 58 25 côté
2005 3917 88 30 18,500
2117 3916 103 33 degrés.
2244 3917 58 25 Une
2325 3917 63 25 telle

1671 3952 184 25 concordance
1875 3953 42 24 est
1936 3958 33 18 en
1989 3951 96 25 faveur
2104 3951 31 25 de
2154 3951 74 25 l’une
2245 3952 25 24 et
2290 3950 99 25 l’autre

1670 3986 134 30 méthode;
1827 3986 52 25 elle
1901 3986 122 25 s’accuse
2043 3985 142 25 d’ailleurs
2223 3991 34 18 en
2294 3991 28 18 ce
2343 3984 46 33 qui

1670 4027 132 18 concerne
1827 4019 102 25 l’étoile
1953 4018 86 32 Argot
2063 4018 36 25 où
2123 4018 151 33 Gottingue
2299 4018 89 25 donne

1671 4053 101 30 12,000»
1793 4054 25 25 et
1843 4053 82 25 Paris
1948 4052 108 31 13,300»,
2079 4053 25 25 et
2126 4052 25 25 le
2176 4052 89 30 soleil,
2287 4052 102 32 glacier

1671 4095 35 17 au
1722 4088 61 31 prix
1800 4088 31 25 de
1849 4094 45 19 ces
1913 4087 168 30 fournaises,
2099 4086 35 25 où
2152 4087 41 25 les
2211 4086 177 25 évaluations

1669 4122 168 31 respectives
1856 4123 63 25 sont
1937 4121 85 29 8,000»
2039 4122 25 25 et
2082 4120 92 30 7,800».

1704 4156 22 25 Il
1746 4156 42 25 est
1810 4162 68 19 sans
1898 4155 80 25 doute
2000 4154 125 33 superflu
2146 4155 31 25 de
2196 4154 121 33 préciser
2337 4161 51 25 que

1670 4189 55 25 l’on
1744 4189 77 31 parle
1840 4189 34 25 ici
1893 4189 31 25 de
1943 4189 96 32 degrés
2059 4196 36 18 au
2116 4189 81 25 soleil
2217 4189 26 25 et
2261 4196 57 17 non
2337 4196 52 25 pas

1669 4223 15 25 à
1704 4223 123 25 l’ombre:
1847 4222 140 30 toutefois,
2007 4222 25 25 le
2051 4223 81 25 doute
2153 4230 33 18 en
2206 4223 68 25 cette
2294 4222 95 32 espèce

1669 4265 34 18 ne
1725 4257 132 31 prêterait
1881 4256 83 33 guère
1984 4257 65 31 plus
2074 4256 15 25 à
2114 4257 107 25 sourire
2245 4264 51 25 que
2320 4256 69 25 cette

1669 4291 129 31 question
1821 4290 83 32 posée
1943 4292 159 31 gravement
2141 4290 15 25 à
2197 4290 27 25 la
2264 4290 124 25 dernière

1670 4325 98 25 séance
1788 4325 47 25 des
1855 4325 184 31 Inscriptions
2058 4326 25 24 et
2105 4324 214 25 Belles-Lettres
2338 4331 50 25 par

1669 4359 58 25 l’un
1750 4359 47 25 des
1838 4359 135 25 membres
1997 4358 42 25 les
2062 4359 64 32 plus
2167 4358 117 25 savants
2307 4358 31 25 de
2360 4358 28 25 la

1670 4392 177 32 Compagnie,
1871 4392 150 31 quelqu’un
2046 4392 85 31 ayant
2155 4392 78 32 parlé
2259 4392 31 25 de
2315 4392 62 32 quel-

1670 4434 51 24 que
1747 4426 81 25 chose
1854 4433 51 25 que
1931 4426 84 25 firent
2041 4426 41 25 les
2108 4426 136 25 chrétiens
2272 4433 33 18 en
2332 4425 55 25 l’an

1669 4460 58 25 250:
1754 4460 104 31 „Après
1882 4459 195 26 Jésus-Christ
2101 4467 35 18 ou
2159 4458 120 26 avant?“
2305 4460 72 24 inter-

1668 4494 134 32 rompit-il
1822 4494 142 25 rudement
1985 4494 56 25 afin
2063 4494 31 25 de
2113 4495 123 24 montrer
2257 4501 51 25 que
2328 4494 60 24 tout

1670 4528 189 25 sommeillant
1897 4528 67 32 qu’il
1984 4528 76 25 avait
2099 4527 70 30 l’air,
2192 4528 19 25 il
2233 4527 67 25 était
2323 4527 15 25 à
2359 4528 29 25 la

1669 4562 128 32 question
1820 4562 25 24 et
1866 4562 62 25 n’en
1951 4562 106 32 perdait
2079 4562 101 32 goutte.

1727 4677 113 34 Voir
1863 4678 46 33 la
1932 4678 217 34 Dernière
2178 4678 151 34 Heure

1895 4738 55 25 en
1971 4730 58 33 3me
2048 4738 114 34 page

1701 4869 76 73 La
1808 4872 266 90 question
2107 4874 250 74 d’Orient

1686 5001 38 26 La
1749 5000 184 27 commission
1958 5000 160 27 financière
2145 5001 223 27 internationale

1706 5046 93 32 Paris,
1823 5048 16 25 9
1861 5047 74 31 juin.
1958 5062 36 3 —
2017 5047 40 25 La
2080 5047 185 25 commission
2289 5046 84 26 finan-

1669 5086 74 26 cière
1759 5086 225 26 internationale
1999 5085 66 26 s'est
2080 5086 100 25 réunie
2196 5095 30 17 ce
2241 5086 92 25 matin
2349 5094 37 18 au

1667 5125 69 31 quai
1755 5123 119 33 d’Orsay
1894 5133 35 18 en
1947 5125 102 25 séance
2068 5124 128 31 plénière
2212 5124 18 26 à
2250 5125 49 25 dix
2317 5124 55 25 heu-

1668 5172 54 23 res,
1740 5172 67 18 sous
1823 5164 29 25 la
1868 5163 168 31 présidence
2055 5163 34 25 de
2107 5162 37 27 M.
2163 5163 34 26 de
2214 5162 152 31 Margerie.

1705 5202 40 26 La
1765 5202 143 31 première
1931 5202 132 31 question
2084 5201 125 26 soumise
2232 5210 59 18 aux
2313 5200 60 26 délé-

1667 5242 69 30 gués
1760 5249 17 17 a
1799 5241 41 25 été
1863 5240 103 27 l’étude
2008 5240 37 26 du
2068 5240 156 30 règlement
2247 5239 140 26 intérieur

1669 5280 68 25 dont
1764 5288 40 18 un
1830 5279 102 32 projet,
1951 5278 122 27 'élaboré
2100 5278 244 26 antérieurement
2370 5277 17 26 à

1668 5319 27 27 la
1717 5318 73 26 suite
1813 5319 33 25 de
1869 5317 168 27 démarches
2058 5317 166 25 officieuses
2246 5318 80 25 entre
2347 5315 40 26 les

1669 5357 169 26 différentes
1854 5356 184 31 délégations,
2054 5364 18 18 a
2085 5356 42 25 été
2143 5355 30 26 lu
2187 5364 55 23 par
2256 5354 37 27 M.
2310 5354 76 26 Pon-

1667 5397 51 30 sot,
1743 5395 64 27 chef
1830 5396 36 25 du
1891 5395 179 30 secrétariat,
2092 5396 25 25 et
2141 5394 55 25 mis
2220 5402 34 18 en
2278 5394 94 25 discus-

1667 5435 71 26 sion.

1705 5473 46 26 Un
1767 5473 111 27 certain
1896 5471 120 28 nombre
2034 5471 144 27 d’articles
2196 5473 47 25 ont
2261 5471 41 26 été
2320 5478 52 24 pro-

1667 5513 184 25 visoirement
1876 5512 118 30 adoptés
2017 5517 54 25 par
2095 5510 28 26 la
2145 5509 194 27 commission.
2363 5508 22 26 Il

1669 5560 35 18 en
1720 5559 64 18 sera
1801 5551 94 26 donné
1909 5558 57 19 une
1982 5550 121 26 seconde
2118 5549 107 26 lecture
2242 5548 73 26 dans
2330 5555 57 19 une

1668 5590 48 25 des
1736 5589 174 27 nrochaines
1931 5589 125 26 séances.

2446 990 132 26 L’article
2594 991 16 25 2
2630 990 33 26 de
2681 997 30 19 ce
2728 990 103 31 projet,
2850 989 97 26 relatif
2964 989 18 26 à
2999 989 28 26 la
3045 997 69 24 ques-

2411 1029 58 25 tion
2487 1029 33 26 de
2536 1029 96 26 savoir
2647 1029 24 25 si
2685 1029 40 25 les
2739 1028 185 32 belligérants
2941 1030 104 24 auront
3061 1028 66 25 voix

2411 1068 184 26 délibérative
2642 1075 36 18 ou
2704 1067 189 26 consultative
2920 1075 18 18 a
2963 1068 50 30 été,
3060 1067 69 25 d’un

2411 1113 135 19 commun
2572 1106 112 31 accord,
2711 1106 120 31 réservé,
2858 1106 125 25 certains
3008 1113 108 23 gouver-

2410 1146 132 25 nements
2566 1144 120 32 n’ayant
2710 1152 52 24 pas
2787 1152 102 18 encore
2914 1152 49 18 sur
2986 1152 30 18 ce
3039 1144 90 31 point,

2413 1183 93 26 donné
2523 1183 217 26 d’instructions
2756 1182 18 26 à
2789 1183 77 26 leurs
2883 1183 139 31 délégués.

2448 1222 41 25 La
2506 1222 185 26 commission
2709 1230 16 17 a
2743 1222 96 26 décidé
2856 1229 54 23 que
2927 1222 28 25 la
2971 1221 159 31 prochaine

2412 1261 123 25 réunion
2556 1268 73 18 aura
2647 1260 58 26 lieu
2725 1260 87 31 jeudi.
2833 1259 30 27 Si
2883 1259 17 26 à
2919 1261 71 24 cette
3010 1260 74 30 date,
3103 1259 28 25 la

2412 1299 132 30 question
2567 1299 33 26 de
2621 1298 121 27 l’article
2763 1299 15 25 2
2799 1300 69 30 peut
2888 1299 58 25 être
2969 1298 101 31 réglée,
3091 1298 40 25 les

2413 1338 200 25 commissions
2634 1339 96 24 seront
2753 1337 119 26 aussitôt
2894 1337 180 26 constituées.

2451 1376 41 26 La
2508 1376 123 25 réunion
2648 1376 132 26 suivante
2799 1376 95 25 aurait
2910 1376 58 25 lieu
2984 1375 91 31 lundi,
3092 1375 40 25 les

2414 1414 131 34 délégués
2563 1416 89 29 ayant
2669 1414 153 26 manifesté
2840 1414 25 25 le
2882 1414 76 26 désir
2976 1414 34 26 de
3027 1421 36 18 ne
3079 1420 54 24 pas

2415 1453 92 30 siéger
2523 1453 25 25 le
2565 1453 119 26 samedi.

2452 1492 25 25 A
2498 1493 71 25 cette
2593 1491 131 30 question
2750 1491 33 26 de
2806 1491 28 26 la
2857 1491 68 26 voix
2950 1490 184 27 délibérative

2415 1538 36 18 ou
2471 1530 190 26 consultative
2681 1530 121 30 s’ajoute
2823 1529 68 27 celle
2911 1529 159 31 également
3091 1529 29 25 ré-

2415 1569 97 25 servée
2536 1568 38 25 du
2597 1568 83 26 mode
2706 1568 34 25 de
2762 1568 119 30 scrutin,
2905 1566 179 27 c’est-à-dire
3107 1567 29 25 la

2416 1607 131 31 question
2569 1607 34 25 de
2623 1603 96 30 savoir
2739 1607 24 26 si
2783 1607 40 25 les
2843 1606 81 26 Etats
2944 1605 191 31 balkaniques

2418 1648 105 24 auront
2539 1647 102 29 quatre
2658 1645 68 25 voix
2743 1653 36 18 ou
2796 1652 57 19 une
2870 1644 86 26 seule.

2453 1684 52 26 Les
2527 1684 81 26 Etats
2629 1684 190 31 balkaniques
2841 1685 48 24 ont
2910 1683 54 25 fait
2985 1682 151 26 connaître

2417 1722 84 31 qu’ils
2522 1722 242 31 n’accepteraient
2787 1730 36 18 en
2843 1729 96 18 aucun
2961 1729 47 18 cas
3029 1721 29 26 la
3078 1721 45 25 mé-

2417 1761 85 26 thode
2523 1761 34 25 de
2576 1761 28 25 la
2623 1761 67 25 voix
2709 1761 107 30 unique
2837 1761 27 25 et
2882 1761 48 25 ont
2950 1759 141 26 demandé
3111 1764 26 20 et

2419 1799 104 25 obtenu
2542 1808 53 22 que
2616 1799 41 25 les
2677 1799 200 26 commissions
2897 1806 36 18 ne
2952 1798 112 26 fussent
3084 1805 53 24 pas

2418 1838 173 25 constituées
2609 1839 87 24 avant
2715 1845 54 24 que
2787 1838 28 25 la
2832 1837 132 31 question
2981 1837 84 30 posée
3082 1843 56 23 par

2419 1876 120 25 l’article
2560 1876 15 25 2
2597 1876 38 25 du
2656 1876 157 30 règlement
2832 1875 141 26 intérieur
2993 1874 43 26 fût
3058 1876 65 24 tran-

2419 1914 76 26 chée.

2456 1953 57 26 Des
2535 1953 190 31 impressions
2750 1952 160 26 recueillies
2934 1959 37 18 au
2996 1959 83 18 cours
3105 1951 34 25 de

2420 1993 71 25 cette
2513 1991 144 31 première
2680 1991 111 30 séance,
2833 1990 19 25 il
2876 1990 104 25 résulte
3022 1997 54 23 que
3098 1989 41 26 les

2420 2030 81 30 Etaps
2518 2030 190 31 balkaniques
2725 2029 169 26 insisteront
2911 2029 34 25 de
2963 2028 29 26 la
3008 2028 85 30 façon
3112 2028 28 25 la

2420 2069 66 31 plus
2503 2068 72 31 vive,
2595 2077 58 17 non
2672 2068 158 26 seulement
2848 2074 50 19 sur
2918 2068 71 25 cette
3008 2067 132 30 question

2422 2107 37 26 du
2477 2109 63 25 vote
2559 2110 25 24 et
2604 2107 37 25 du
2660 2107 82 26 mode
2761 2107 34 25 de
2813 2106 136 30 votation,
2969 2105 74 25 mais
3062 2105 78 25 aussi

2422 2154 49 18 sur
2486 2146 25 25 le
2525 2146 145 25 caractère
2685 2153 58 18 non
2756 2144 131 27 limitatif
2902 2145 38 25 du
2954 2151 185 25 programme

2422 2185 119 30 suggéré
2568 2193 54 22 par
2649 2184 40 25 les
2714 2184 125 31 grandes
2865 2183 180 31 puissances,
3069 2181 17 26 à
3112 2181 29 26 la

2422 2223 185 25 commission
2631 2222 160 25 financière
2833 2224 25 24 et
2881 2230 49 18 sur
2953 2222 27 25 la
3003 2220 137 27 nécessité

2423 2261 131 26 d’établir
2576 2270 57 17 une
2655 2261 152 25 connexité
2829 2262 80 25 entre
2931 2261 40 25 les
2994 2260 147 31 questions

2422 2301 133 25 inscrites
2575 2299 17 26 à
2612 2308 30 18 ce
2662 2307 195 24 programme,
2876 2299 67 26 c’est
2961 2298 18 26 à
2997 2299 97 25 savoir
3113 2298 29 25 la

2422 2339 132 31 question
2574 2339 33 25 de
2626 2338 29 25 la
2673 2337 195 26 contribution
2887 2337 18 26 à
2924 2337 28 25 la
2969 2337 81 26 Dette
3071 2338 56 24 otto-

2424 2386 85 18 mane
2535 2380 25 24 et
2585 2377 28 25 la
2637 2376 132 31 question
2797 2383 5 4 '
2814 2376 33 25 de
2872 2376 28 25 la
2924 2376 217 31 compensation

2425 2416 161 25 financière
2601 2415 18 25 à
2637 2415 135 26 accorder
2789 2423 55 23 par
2861 2415 27 25 la
2905 2414 133 31 Turquie.

2460 2454 63 26 Une
2546 2454 178 27 déclaration
2747 2462 17 18 a
2786 2453 41 26 été
2849 2453 70 26 faite
2942 2461 38 18 au
3003 2460 68 18 nom
3094 2452 49 26 des

2425 2492 176 31 délégations
2629 2492 48 25 des
2703 2491 81 26 Etats
2810 2491 190 31 balkaniques
3024 2499 55 23 par
3105 2489 37 26 M.

2425 2530 139 31 Stanciof,
2590 2530 133 25 ministre
2748 2530 34 25 de
2807 2529 146 31 Bulgarie,
2979 2537 74 23 pour
3078 2530 52 30 pré-

2425 2569 73 25 ciser
2516 2568 25 26 le
2558 2576 185 24 programme
2762 2568 48 25 des
2828 2569 125 24 travaux
2971 2568 34 25 de
3022 2568 29 25 la
3067 2574 63 18 com-

2425 2607 120 25 mission
2564 2622 34 3 —
2596 2622 5 3 -
2618 2607 25 25 le
2662 2613 186 24 programme
2867 2606 69 25 dont
2956 2605 53 26 elle
3027 2607 41 24 est
3086 2605 44 25 sai-

2426 2645 41 26 sie
2484 2653 35 18 en
2534 2646 83 25 vertu
2633 2645 34 26 de
2681 2645 74 26 l’art.
2771 2645 16 25 6
2804 2645 38 25 du
2857 2644 85 26 traité
2958 2644 34 26 de
3007 2643 136 26 Londres.

2464 2684 80 26 Voici
2559 2684 28 25 la
2601 2684 153 26 substance
2769 2683 34 26 de
2817 2684 71 25 cette
2904 2682 189 26 déclaration:

2463 2722 52 27 Les
2537 2722 81 25 Etats
2640 2722 190 31 balkaniques
2853 2721 49 31 qui
2925 2720 80 26 n’ont
3027 2728 53 23 pas
3102 2720 41 27 été

2426 2761 142 26 consultés
2585 2769 49 18 sur
2650 2760 25 26 le
2689 2767 186 25 programme
2892 2760 33 26 de
2942 2759 202 26 délibérations

2425 2800 149 31 approuvé
2592 2808 55 23 par
2666 2799 40 26 les
2724 2799 125 32 grandes
2867 2799 179 31 puissances,
3066 2798 65 26 vien-

2425 2841 69 22 nent
2518 2837 18 25 à
2558 2838 29 25 la
2612 2837 184 25 commission
2821 2837 72 25 dans
2918 2837 40 25 les
2981 2836 162 25 conditions

2423 2875 92 25 fixées
2534 2882 55 22 par
2607 2874 120 25 l’article
2747 2875 15 24 6
2782 2874 38 25 du
2839 2874 85 25 traité
2942 2872 201 31 préliminaire

2425 2912 34 26 de
2476 2912 71 31 paix
2563 2912 83 31 qu’ils
2664 2914 48 24 ont
2728 2912 80 34 signé
2824 2919 69 19 avec
2909 2911 29 25 la
2953 2910 133 32 Turquie.
3103 2909 40 27 Ils

2424 2949 172 29 s'attendent
2621 2950 80 26 donc,
2716 2949 19 27 à
2755 2958 30 19 ce
2808 2958 54 24 que
2883 2951 93 25 toutes
2997 2949 40 27 les
3060 2957 69 24 ques-

2425 2990 74 25 tions
2516 2987 183 28 financières'
2709 2989 140 26 résultant
2865 2989 55 25 soit
2937 2989 33 25 de
2986 2988 29 26 la
3030 2996 113 24 guerre,

2424 3028 54 25 soit
2497 3028 34 26 de
2549 3028 192 30 l’occupation
2759 3027 50 26 des
2826 3027 160 25 territoires
3005 3025 137 31 annexés,

2425 3066 92 25 soient
2538 3065 107 31 réglées
2665 3068 56 29 par
2742 3065 28 25 la
2791 3064 185 26 commission
2997 3064 48 30 qui
3067 3064 76 30 siège

2425 3103 17 26 à
2463 3103 85 26 Paris
2569 3106 25 24 et
2617 3103 15 25 à
2656 3102 121 31 laquelle
2798 3103 41 25 les
2859 3102 81 25 alliés
2961 3105 63 23 sont
3046 3103 83 30 repré-

2424 3142 102 25 sentés.
2571 3141 38 26 Ils
2635 3141 133 26 estiment
2791 3149 54 23 que
2869 3140 190 26 l’attribution
3084 3148 59 18 aux

2424 3179 81 27 Etats
2523 3179 190 31 balkaniques
2732 3179 85 26 d’une
2833 3181 167 30 quote-part
3017 3179 48 25 des
3084 3179 45 25 det-

2426 3221 41 24 tes
2482 3219 48 30 qui
2546 3218 163 26 incombent
2725 3218 17 25 à
2756 3218 28 26 la
2799 3217 132 31 Turquie,
2947 3217 132 26 entraîne
3094 3218 35 25 né-

2424 3257 204 26 cessairement
2672 3257 142 26 certaines
2837 3256 233 31 compensations
3094 3256 35 30 pé-

2425 3296 146 26 cuniaires
2612 3304 54 23 que
2689 3295 29 26 la
2739 3294 124 32 Turquie
2888 3295 58 25 doit
2969 3303 91 23 payer
3084 3302 59 19 aux

2425 3333 80 27 Etats
2528 3333 198 32 balkaniques.

2460 3371 41 27 La
2524 3373 162 30 délégation
2710 3374 145 24 ottomane
2878 3376 89 27 ayant
2990 3371 153 26 manifesté

2425 3411 25 25 le
2476 3411 75 26 désir
2577 3410 111 26 d’avoir
2711 3410 70 26 trois
2808 3410 131 30 délégués
2964 3418 37 18 au
3026 3410 58 25 lieu
3108 3409 35 26 de

2425 3449 76 26 deux
2521 3450 73 25 dans
2612 3449 40 26 les
2673 3449 208 30 commissions,
2901 3448 182 26 satisfaction
3101 3447 41 27 lui

2425 3497 16 17 a
2457 3488 41 26 été
2514 3488 143 26 accordée.
2674 3487 36 26 Le
2726 3487 127 31 premier
2868 3487 117 31 délégué
2998 3494 90 25 russe,
3104 3486 37 26 M.

2425 3526 216 32 Sevastopoulo,
2662 3535 17 18 a
2700 3526 113 31 appuyé
2834 3526 25 25 le
2879 3526 82 30 point
2981 3526 34 25 de
3035 3535 53 18 vue
3109 3525 35 26 de

2424 3565 28 26 la
2472 3565 161 31 délégation
2653 3567 153 25 ottomane.
2826 3564 153 26 L’attitude
3000 3564 48 26 des
3069 3563 59 27 délé-

2425 3605 68 30 gués
2512 3612 96 19 russes
2629 3612 18 18 a
2664 3604 118 30 produit
2801 3612 50 19 sur
2870 3606 63 24 tous
2953 3603 40 26 les
3012 3602 130 31 délégués

2424 3643 29 27 la
2470 3643 148 26 meilleure
2635 3643 184 31 impression.

2462 3688 42 27 On
2523 3689 55 26 sait
2597 3697 34 19 en
2650 3689 69 26 effet
2737 3697 53 23 que
2807 3690 102 30 quatre
2926 3688 217 26 sous-commis-

2424 3728 78 25 sions
2522 3736 36 18 ou
2578 3727 117 26 comités
2714 3727 166 30 techniques
2900 3729 48 23 ont
2968 3727 41 26 été
3028 3727 113 30 prévus.

2426 3766 38 26 Ils
2491 3766 160 31 prendront
2677 3766 40 25 les
2744 3766 80 26 titres
2850 3766 33 25 de
2910 3765 117 26 comités
3054 3765 33 26 de
3115 3765 27 25 la

2425 3804 90 30 Dette,
2532 3804 48 26 des
2596 3804 157 31 garanties,
2771 3804 48 25 des
2837 3804 181 25 concessions
3035 3806 25 23 et
3076 3811 52 18 con-

2425 3845 80 29 trats,
2531 3845 26 24 et
2584 3843 48 26 des
2657 3843 203 25 réclamations
2885 3842 184 31 pécuniaires
3094 3841 48 26 des

2423 3881 194 32 belligérants.
2634 3881 52 26 Les
2703 3881 133 26 bureaux
2854 3881 34 25 de
2904 3888 45 18 ces
2966 3880 117 26 comités
3100 3887 29 18 se-

2423 3921 66 25 ront
2511 3920 129 26 nommés
2664 3920 244 25 ultérieurement.
2931 3918 36 27 Le
2991 3918 96 31 projet
3108 3918 34 25 de

2425 3958 157 31 règlement
2598 3958 158 27 détermine
2771 3958 25 25 le
2811 3957 118 26 nombre
2946 3958 49 25 des
3011 3957 131 30 délégués

2423 3997 49 31 qui
2489 3998 126 30 peuvent
2631 3997 159 31 participer
2809 4004 59 18 aux
2886 3995 202 26 délibérations
3107 4002 36 19 en

2425 4036 102 25 comité
2542 4035 161 31 technique.
2720 4035 25 26 Il
2760 4035 106 30 stipule
2881 4042 35 18 en
2933 4035 81 25 outre
3031 4041 53 23 que
3101 4033 40 25 les

2425 4074 203 26 délibérations
2645 4074 33 25 de
2695 4073 28 25 la
2739 4073 184 27 commission
2941 4074 63 24 sont
3020 4071 121 27 secrètes

2424 4116 26 24 et
2468 4121 53 24 que
2540 4113 40 25 les
2598 4112 168 26 documents
2783 4119 36 18 ne
2837 4111 116 26 doivent
2970 4118 35 18 en
3022 4110 58 26 être
3100 4109 27 26 di-

2424 4151 118 31 vulgués
2569 4159 53 24 que
2651 4151 34 25 de
2712 4150 210 27 l’assentiment
2949 4149 34 26 de
3011 4150 63 24 tous
3101 4147 41 26 les

2423 4190 240 31 gouvernements
2686 4188 188 32 représentés.

2460 4235 36 26 Le
2519 4235 148 31 président
2690 4234 33 26 de
2746 4234 30 26 la
2798 4233 186 27 commission
3008 4241 15 18 a
3048 4232 93 26 donné

2423 4275 208 26 connaissance
2656 4272 85 27 d’une
2764 4272 82 26 lettre
2870 4271 38 26 du
2931 4271 107 26 conseil
3062 4270 66 26 d’ad-

2421 4313 200 25 ministration
2639 4312 33 25 de
2689 4311 29 26 la
2734 4311 80 25 Dette
2832 4310 137 31 publique
2986 4311 154 29 ottomane,

2424 4351 119 26 relative
2561 4359 58 17 aux
2637 4350 118 25 intérêts
2772 4349 67 26 dont
2857 4348 28 25 la
2902 4348 81 25 Dette
3001 4356 17 17 a
3034 4348 28 25 la
3079 4354 48 24 ges-

2424 4391 69 30 tion,
2510 4392 25 25 et
2551 4389 168 31 exprimant
2733 4388 25 25 le
2772 4395 64 18 vœu
2851 4395 54 24 que
2920 4387 114 26 ceux-ci
3049 4386 92 26 soient

2422 4429 100 25 traités
2542 4436 68 19 avec
2630 4428 34 25 de
2684 4435 84 23 sages
2788 4426 224 30 ménagements.

2461 4467 36 25 Le
2513 4466 147 32 président
2676 4466 33 25 de
2724 4465 27 26 la
2767 4463 179 32 République
2961 4470 117 19 recevra
3093 4462 34 25 de-

2423 4506 77 25 main
2524 4505 18 26 à
2562 4507 102 29 quatre
2685 4503 104 26 heures
2810 4502 17 26 à
2848 4502 121 31 l’Elysée
2990 4502 41 25 les
3052 4507 75 19 mem-

2423 4544 64 26 bres
2506 4544 33 26 de
2557 4544 27 25 la
2602 4542 193 26 commission.

2423 4612 38 26 La
2480 4612 168 26 conférence
2667 4610 33 27 de
2719 4611 25 25 la
2766 4609 68 30 paix

2775 4656 16 18 a
2811 4646 121 28 terminé
2953 4654 45 19 ses
3016 4646 121 25 travaux

2459 4696 136 32 Londres,
2620 4695 91 26 lundi.
2736 4711 36 3 —
2796 4694 40 26 La
2860 4693 168 26 conférence
3055 4692 34 25 de
3113 4691 27 25 la

2422 4737 70 30 paix
2514 4744 16 18 a
2552 4735 122 26 terminé
2695 4732 187 33 aujourd’hui
2903 4739 44 18 ses
2967 4732 127 25 travaux
3115 4734 25 21 et

2422 4776 40 25 les
2484 4774 131 31 délégués
2637 4781 30 18 se
2689 4774 63 25 sont
2773 4771 117 31 séparés
2911 4769 230 28 définitivement

2421 4814 85 30 après
2525 4812 82 27 avoir
2628 4811 103 30 adopté
2750 4810 16 26 à
2786 4808 182 27 l’unanimité
2986 4808 28 25 la
3033 4806 94 27 résolu-

2423 4853 59 25 tion
2499 4850 140 32 proposée
2656 4858 55 23 par
2729 4849 24 26 le
2771 4848 116 31 délégué
2903 4846 90 31 serbe,
3011 4846 36 25 M.
3066 4845 69 26 Pav-

2422 4890 113 30 lovitch,
2557 4890 74 25 dans
2652 4888 28 25 la
2701 4887 92 26 forme
2815 4886 144 26 suivante:
3002 4884 139 26 Poursui-

2422 4931 68 24 vant
2513 4927 171 27 l’exécution
2709 4934 35 18 en
2766 4932 136 19 commun
2925 4924 34 26 de
2981 4922 119 26 l’article
3125 4922 14 25 7

2424 4968 38 26 du
2476 4967 85 26 traité
2578 4967 33 25 de
2626 4965 72 32 paix
2714 4964 37 26 du
2768 4964 84 25 17-30
2865 4963 60 25 mai
2942 4962 79 30 1913,
3038 4961 40 25 les
3094 4960 33 25 dé-

2422 5006 95 31 légués
2533 5006 48 25 des
2596 5012 80 25 pays,
2692 5002 180 33 représentés
2887 5000 15 27 à
2920 5002 27 25 la
2962 4999 178 30 conférence,

2423 5047 48 24 ont
2498 5051 129 19 reconnu
2653 5042 86 32 qu’on
2767 5040 156 28 arriverait
2948 5039 65 31 plus
3041 5036 85 27 facile-

2422 5085 77 25 ment
2521 5082 15 26 à
2559 5090 39 18 un
2620 5081 119 27 résultat
2761 5078 128 29 définitif
2909 5078 24 25 si
2954 5078 25 25 le
3000 5076 85 26 traité
3107 5075 34 25 de

2421 5123 71 31 paix
2517 5122 69 26 était
2610 5119 138 31 complété
2772 5126 53 24 par
2849 5117 49 26 des
2923 5117 76 25 actes
3024 5114 117 32 séparés

2420 5160 115 27 conclus
2557 5161 80 25 entre
2657 5159 41 25 les
2719 5156 240 32 gouvernements
2980 5152 159 32 respectifs.

2423 5200 43 25 En
2483 5199 203 30 conséquence,
2703 5196 35 25 ils
2755 5197 47 25 ont
2821 5194 107 27 décidé:
2950 5194 19 25 1.
2987 5193 34 25 de
3038 5192 102 25 laisser

2425 5247 59 17 aux
2513 5236 242 33 gouvernements
2782 5232 151 32 respectifs
2961 5232 25 25 le
3014 5230 63 26 soin
3107 5229 33 26 de

2423 5276 137 33 procéder
2578 5274 183 32 séparément
2777 5272 18 25 à
2813 5272 27 25 la
2859 5270 166 27 conclusion
3043 5269 33 26 de
3095 5275 46 19 ces

2421 5317 77 25 actes
2519 5316 80 25 entre
2618 5321 67 18 eux:
2707 5312 24 26 2.
2753 5310 34 27 de
2808 5310 124 26 clôturer
2953 5307 187 32 aujourd’hui

2421 5354 40 26 les
2481 5353 118 26 séances
2619 5352 34 26 de
2673 5351 28 26 la
2722 5349 178 27 conférence.

2458 5392 52 27 Les
2533 5391 136 26 missions
2693 5397 121 24 grecque
2837 5390 25 24 et
2886 5388 146 25 ottomane
3053 5383 74 27 assis-

2423 5432 88 25 taient
2535 5439 37 18 au
2595 5428 124 32 complet
2740 5427 17 26 à
2779 5427 28 25 la
2831 5425 131 27 réunion.
3003 5423 75 26 Mais
3101 5430 40 18 un

2422 5470 61 26 seul
2506 5469 117 31 délégué
2644 5467 80 27 serbe
2747 5468 25 25 et
2795 5470 40 21 ün
2859 5464 58 26 seul
2942 5462 116 32 délégué
3079 5461 47 25 bul-

2422 5517 69 25 gare
2512 5508 107 26 étaient
2640 5507 140 31 présents.

2458 5547 36 26 Le
2519 5547 91 25 comte
2633 5542 179 31 Voinovitch,
2855 5541 116 30 délégué
2995 5538 133 28 monténé-

2425 5587 73 31 grin,
2513 5594 18 18 a
2544 5583 115 34 présidé
2673 5583 30 26 la
2717 5581 132 27 dernière
2865 5580 102 26 séance
2982 5579 34 25 de
3030 5578 29 26 la
3074 5585 62 19 con-

3163 986 123 27 férence.
3304 987 25 26 Il
3348 996 17 18 a
3382 989 130 26 annoncé
3530 997 63 25 que,
3612 997 55 24 par
3685 991 74 25 suite
3777 991 39 26 du
3834 992 35 25 dé-

3166 1027 66 28 part
3260 1026 33 25 de
3322 1025 68 26 MM.
3420 1026 198 28 Novakoviteh
3665 1030 25 24 et
3716 1029 166 32 Nikovitch,

3164 1064 133 30 rappelés
3322 1073 30 19 ce
3376 1067 93 25 matin
3494 1067 17 26 à
3535 1068 151 33 Belgrade,
3730 1070 28 25 la
3783 1069 100 28 Serbie

3163 1101 101 28 n’était
3283 1103 65 30 plus
3370 1105 181 30 représentée
3572 1114 54 24 que
3645 1116 55 23 par
3721 1107 36 26 M.
3780 1109 104 26 Pavlo-

3164 1140 85 27 vitch.

3202 1178 36 26 M.
3260 1179 168 28 Pavlovitch
3449 1190 16 18 a
3485 1184 124 32 proposé
3628 1185 111 26 ensuite
3760 1186 28 25 la
3808 1187 62 25 réso-

3166 1217 91 26 lution
3279 1227 54 24 que
3354 1219 57 26 l’on
3432 1222 116 26 connaît
3570 1222 65 31 déjà
3656 1226 25 23 et
3702 1232 54 23 que
3777 1224 40 26 les
3837 1225 33 26 dé-

3166 1255 96 31 légués
3283 1257 82 27 alliés
3405 1261 49 24 ont
3475 1260 103 32 adopté
3601 1261 85 30 après
3708 1271 57 18 une
3788 1265 99 25 courte

3167 1294 169 28 discussion.

3208 1333 43 26 Un
3266 1334 116 32 délégué
3398 1338 63 25 turc
3476 1344 16 18 a
3508 1337 53 27 fait
3579 1338 111 26 ensuite
3705 1340 97 25 savoir
3816 1340 70 31 qu’il

3167 1371 110 27 n’avait
3302 1381 112 19 aucune
3438 1375 141 31 objection
3604 1376 19 26 à
3646 1376 74 26 faire
3746 1387 59 17 aux
3829 1380 43 25 ter-

3168 1418 60 19 mes
3253 1411 34 25 de
3312 1412 28 26 la
3365 1413 165 32 résolution,
3556 1415 47 31 qui
3628 1422 30 19 se
3683 1418 102 24 trouva
3810 1417 77 25 ainsi

3168 1448 120 31 adoptée
3309 1449 17 26 à
3346 1450 197 29 l’unanimité.'

3205 1487 92 31 Après
3324 1497 40 17 un
3390 1490 130 27 discours
3545 1491 124 32 d’adieu,
3696 1492 73 26 dans
3795 1493 91 31 lequel

3169 1525 25 26 le
3217 1527 148 30 président
3389 1536 17 17 a
3429 1529 116 26 adressé
3587 1538 37 18 au
3649 1531 42 25 roi
3716 1530 107 32 George
3848 1532 41 25 les

3169 1564 168 32 hommages
3355 1566 48 26 des
3422 1567 130 31 délégués
3571 1570 25 24 et
3615 1568 130 31 exprimé
3763 1569 63 26 leur
3844 1578 30 18 re-

3170 1604 208 27 connaissance
3400 1612 102 19 envers
3523 1607 25 25 le
3568 1610 227 28 gouvernement
3815 1611 25 24 et
3861 1608 28 25 la

3170 1642 101 25 nation
3292 1642 201 33 britanniques
3534 1653 74 23 pour
3648 1645 129 26 l’accueil
3800 1646 75 27 affec-

3172 1681 89 25 tueux
3284 1681 84 31 qu’ils
3392 1685 47 23 ont
3464 1690 67 24 reçu
3553 1683 18 26 à
3592 1684 136 32 Londres,
3752 1685 41 25 les
3816 1685 59 26 délé-

3172 1719 69 26 gués
3259 1722 64 24 sont
3342 1720 69 25 allés
3430 1721 138 25 déienner
3586 1730 36 15 an
3642 1722 95 23 nalais

3191 1778 38 27 La
3251 1780 169 27 conférence
3444 1782 47 26 des
3515 1782 146 28 ministres
3683 1783 190 32 balkaniques

3210 1826 151 32 Belgrade,
3383 1828 16 25 9
3420 1827 72 31 juin.
3532 1843 36 4 —
3606 1829 38 26 Le
3665 1833 227 27 gouvernement

3174 1865 80 25 serbe
3279 1865 48 26 n’a
3352 1873 54 24 pas
3431 1874 102 19 encore
3558 1875 69 24 reçu
3652 1868 28 26 la
3705 1869 122 30 réponse
3854 1870 38 25 du

3174 1906 225 28 gouvernement
3420 1904 119 31 bulgare
3563 1914 38 18 au
3623 1906 75 31 sujet
3719 1907 34 25 de
3777 1908 29 25 la
3826 1908 65 26 date

3176 1942 33 25 de
3223 1942 29 25 la
3266 1942 168 27 conférence
3451 1943 48 26 des
3513 1944 143 30 premiers
3669 1945 148 27 ministres
3831 1946 47 26 bal-

3174 1980 150 32 kaniques.
3351 1980 41 26 Ici
3420 1990 37 18 on
3483 1982 104 27 affecte
3614 1982 147 27 d’ailleurs
3788 1984 91 26 d’indi-

3175 2026 71 23 quer
3261 2019 68 30 qu’il
3346 2019 72 26 n’est
3433 2029 53 23 pas
3503 2020 50 27 sûr
3568 2029 54 24 que
3639 2021 25 26 le
3681 2022 142 30 prochain
3840 2024 39 25 mi-

3175 2057 106 26 nistère
3303 2061 115 29 accepte
3438 2061 70 25 cette
3530 2059 178 27 conférence.

3248 2118 35 26 M.
3303 2118 194 28 Novakovitch
3514 2120 118 31 rappelé
3649 2120 16 26 à
3685 2120 139 31 Belgrade

3212 2162 136 33 Londres,
3370 2166 15 25 9
3407 2165 72 31 juin.
3500 2182 37 3 —
3556 2166 37 26 M.
3614 2167 207 33 Novakoviteh,
3843 2176 37 18 an-

3177 2201 63 26 cien
3260 2203 149 30 président
3430 2204 38 25 du
3489 2206 107 25 conseil
3617 2205 81 27 serbe
3721 2208 26 24 et
3767 2206 129 30 premier

3178 2240 116 31 délégué
3310 2240 18 26 à
3343 2242 29 25 la
3387 2242 169 26 conférence
3570 2244 34 25 de
3618 2243 136 32 Londres,
3771 2246 43 25 est
3827 2253 52 23 rap-

3178 2279 63 31 pelé
3256 2279 18 26 à
3289 2279 150 32 Belgrade.
3456 2280 25 26 Il
3497 2289 19 17 a
3528 2282 89 30 quitté
3632 2282 128 26 Londres
3777 2286 105 28 aujour-

3178 2317 79 26 d’hui
3280 2318 63 26 afin
3365 2319 34 26 de
3420 2319 127 30 prendre
3568 2327 30 18 ce
3622 2321 58 25 soir
3702 2320 180 27 l'Orient-Ex-

3177 2365 81 23 press
3278 2365 74 23 pour
3373 2357 151 32 Belgrade.

3215 2395 42 26 On
3281 2398 57 25 met
3360 2404 30 18 ce
3414 2396 102 32 départ
3540 2404 32 18 en
3598 2397 124 26 relation
3764 2406 69 18 avec
3856 2398 41 26 les

3176 2433 93 27 bruits
3291 2435 35 25 de
3347 2435 156 26 démission
3524 2435 34 26 de
3578 2435 38 26 M.
3636 2436 148 26 Pachitch.

3309 2499 36 26 Le
3368 2498 183 28 Monténégro
3573 2501 26 25 et
3621 2501 25 25 la
3668 2500 98 26 Serbie

3216 2544 137 32 Gettigné,
3378 2546 16 25 9
3418 2545 73 30 juin.
3533 2561 36 3 —
3610 2546 37 26 Le
3672 2547 227 30 gouvernement

3178 2583 202 30 monténégrin
3398 2591 17 17 a
3432 2583 53 26 fait
3502 2584 96 26 savoir
3617 2592 37 17 au
3672 2587 227 28 gouvernement

3179 2620 81 26 serbe
3281 2621 69 31 qu’il
3370 2623 121 29 partage
3511 2630 52 18 son
3582 2622 82 32 point
3684 2623 33 26 de
3738 2631 53 18 vue
3811 2631 35 18 en
3868 2630 30 19 ce

3179 2659 49 30 qui
3249 2667 140 19 concerne
3409 2660 29 25 la
3458 2660 126 26 révision
3606 2661 38 25 du
3665 2661 85 26 traité
3771 2662 34 25 de
3828 2661 69 26 1912

3180 2706 54 23 par
3260 2706 57 18 une
3342 2698 168 26 conférence
3556 2699 48 26 des
3629 2700 102 30 quatre
3756 2700 142 31 premiers

3179 2736 157 27 ministres.

3233 2797 38 26 La
3293 2797 159 26 Roumanie
3471 2799 25 25 et
3516 2798 38 26 les
3574 2798 79 26 Etats
3672 2798 190 31 balkaniques

3216 2842 148 31 Bucarest,
3383 2843 15 25 9
3414 2843 73 30 juin.
3503 2858 37 3 —
3555 2843 41 25 La
3611 2843 163 26 Roumanie
3792 2846 42 23 est
3849 2851 34 18 ac-

3182 2879 167 26 tuellement
3376 2880 112 27 résolue
3516 2880 18 26 à
3562 2880 152 27 demeurer
3743 2881 139 31 complète-

3178 2920 80 25 ment
3277 2920 102 25 neutre
3400 2927 36 18 en
3456 2919 137 32 présence
3616 2920 49 25 des
3687 2920 140 26 divisions
3848 2924 49 27 qui

3179 2957 135 31 séparent
3331 2957 41 26 les
3389 2957 81 26 Etats
3486 2958 199 32 balkaniques.

3215 2995 80 27 Dans
3318 2997 126 25 certains
3467 2996 130 31 milieux,
3640 3004 36 17 on
3700 2997 100 25 estime
3843 3003 55 24 que

3178 3035 71 25 cette
3271 3034 122 25 attitude
3413 3035 41 24 est
3474 3041 57 19 une
3549 3034 179 26 maladresse
3749 3036 26 24 et
3794 3040 54 25 que
3869 3035 29 28 la

3178 3072 163 25 Roumanie
3356 3079 196 18 recommence
3568 3072 75 25 ainsi
3658 3072 28 25 la
3700 3071 80 27 faute
3794 3072 103 31 qu’elle

3178 3118 16 17 a
3216 3110 136 25 commise
3373 3118 36 18 au
3431 3110 72 25 mois
3523 3109 151 27 d’octobre.

3215 3147 41 26 On
3277 3148 135 26 voudrait
3431 3149 72 25 dans
3523 3156 46 18 ces
3588 3148 122 26 milieux
3727 3146 85 33 qu’en
3832 3149 51 30 pré-

3178 3194 84 18 sence
3280 3186 34 26 de
3332 3186 28 26 la
3376 3186 139 26 situation
3532 3187 140 30 nouvelle,
3689 3186 27 26 la
3734 3186 163 26 Roumanie

3178 3225 126 31 précisât
3321 3233 30 18 ce
3367 3225 102 31 qu’elle
3486 3225 82 31 exige
3586 3227 25 24 et
3621 3233 37 18 -ce
3676 3224 101 32 qu’elle
3794 3225 102 25 désire.

3216 3263 78 26 Pour
3300 3264 38 25 'le
3359 3266 135 29 moment,
3514 3263 144 31 toutefois,
3678 3264 28 25 la
3725 3263 113 26 volonté
3859 3263 40 25 du

3178 3303 43 25 roi
3240 3304 26 24 et
3282 3302 69 26 celle
3369 3303 38 25 du
3424 3304 226 29 gouvernement
3665 3304 63 24 sont
3746 3302 137 30 rigoureu-

3178 3343 111 25 sement
3306 3341 92 26 fixées
3417 3341 73 25 dans
3508 3340 25 26 le
3551 3348 65 19 sens
3635 3340 33 25 de
3686 3340 29 26 la
3730 3339 166 27 neutralité.

3293 3404 222 27 L’intervention
3541 3405 47 26 des
3615 3404 168 31 puissances

3215 3452 80 26 Nous
3315 3459 124 19 sommes
3459 3459 35 19 en
3514 3459 114 19 mesure
3650 3452 18 25 d
3678 3459 157 23 annoncer,
3857 3452 41 25 dit

3178 3491 27 26 la
3235 3491 153 31 «Liberté»,
3433 3498 54 23 que
3513 3490 25 26 le
3564 3491 226 30 gouvernement
3815 3497 81 19 russe

3178 3530 78 26 vient
3280 3530 34 26 de
3338 3529 169 26 renouveler
3534 3529 106 31 auprès
3664 3529 49 26 des
3738 3535 145 24 gouverne-

3178 3570 92 25 ments
3288 3568 190 31 balkaniques
3497 3575 56 18 une
3573 3569 153 29 pressante
3744 3565 153 28 démarche

3178 3607 41 26 les
3233 3607 125 26 invitant
3374 3606 16 27 à
3406 3614 56 19 une
3480 3606 231 27 démobilisation
3726 3605 79 26 aussi
3820 3612 63 18 com-

3178 3645 74 31 plète
3273 3654 54 23 que
3349 3645 124 31 possible
3495 3645 57 30 qui,
3574 3644 86 31 seule,
3683 3645 68 30 peut
3772 3642 124 26 faciliter

3178 3684 27 26 la
3224 3683 166 27 conclusion
3409 3683 149 27 définitive
3576 3683 33 26 de
3627 3683 29 25 la
3672 3682 80 31 paix.

3215 3723 39 25 La
3274 3722 87 27 Grèce
3382 3724 25 24 et
3429 3722 28 25 la
3478 3721 99 27 Serbie
3598 3723 47 23 ont
3667 3719 230 27 favorablement

3178 3761 130 26 accueilli
3329 3761 25 25 le
3376 3760 107 25 conseil
3505 3760 33 25 de
3559 3760 29 25 la
3609 3759 103 26 Russie
3734 3760 26 24 et
3782 3766 30 19 se
3832 3759 65 25 sont

3178 3800 143 26 déclarées
3341 3799 95 31 prêtes
3457 3799 17 25 à
3495 3806 35 18 ne
3551 3804 153 19 conserver
3725 3796 158 31 respective-

3178 3841 78 25 ment
3280 3846 67 19 sous
3370 3837 41 26 les
3436 3837 152 31 drapeaux
3612 3843 53 24 que
3690 3835 40 26 les
3755 3835 35 25 70
3801 3835 54 25 000
3879 3833 19 26 à

3177 3878 36 25 80
3223 3878 54 25 000
3299 3876 129 26 hommes
3448 3875 179 27 nécessaires
3666 3874 17 26 à
3704 3873 194 31 l’occupation

3178 3916 48 26 des
3245 3915 160 26 territoires
3423 3914 128 31 conquis.

3215 3954 38 25 La
3275 3953 146 31 Bulgarie,
3442 3960 69 19 sans
3530 3959 124 24 opposer
3673 3958 39 18 un
3733 3949 80 27 refus
3832 3948 17 27 à
3868 3949 29 25 la

3178 3992 142 27 demande
3337 3999 91 24 russe,
3446 3999 17 18 a
3478 3991 113 26 réservé
3607 3997 34 19 sa
3656 3989 130 30 réponse.

3214 4031 118 26 D’autre
3353 4032 75 30 part,
3449 4029 41 26 les
3511 4029 216 31 représentants
3749 4027 33 25 de
3804 4026 93 25 toutes

3178 4070 40 26 les
3234 4070 170 31 puissances
3422 4068 18 25 à
3458 4068 134 30 Athènes,
3610 4065 143 32 Belgrade
3771 4067 27 24 et
3815 4063 82 27 Sofia

3178 4111 57 29 ont,
3249 4108 116 26 suivant
3379 4107 25 26 le
3418 4114 63 19 vœu
3496 4106 34 25 de
3543 4106 29 25 la
3585 4104 176 27 Conférence
3775 4103 34 25 de
3822 4102 59 25 Lon-

3178 4148 74 30 dres,
3277 4145 152 27 renouvelé
3454 4152 68 19 avec
3546 4144 158 25 insistance
3727 4142 77 25 leurs
3829 4149 53 18 con-

3177 4186 66 26 seils
3265 4184 218 32 d’apaisement.

3396 4243 114 26 L’Italie
3528 4244 25 25 et
3573 4242 38 27 les
3628 4241 52 27 iles

3214 4293 135 30 Athènes,
3370 4293 16 25 9
3409 4290 73 31 juin.
3505 4305 36 3 —
3563 4288 41 26 On
3627 4296 30 18 se
3680 4288 113 25 montre
3815 4293 80 19 assez

3177 4332 65 26 ému
3266 4332 72 25 dans
3363 4330 41 25 les
3426 4327 122 27 milieux
3572 4326 124 26 officiels
3720 4326 34 26 de
3777 4332 105 19 conver-

3177 4370 109 25 sations
3328 4377 37 17 au
3407 4375 84 19 cours
3514 4365 158 31 desquelles
3715 4365 25 26 le
3764 4363 131 26 ministre

3178 4408 113 27 d’Italie
3313 4406 97 27 aurait
3432 4405 52 29 fait
3507 4404 96 26 savoir
3624 4411 54 24 que
3700 4410 52 19 son
3775 4409 107 24 gouver-

3177 4448 116 25 nement
3311 4445 118 27 désirait
3449 4443 105 32 garder
3574 4442 56 25 File
3651 4442 33 26 de
3705 4440 171 31 Stampalia.

3381 4524 311 58 France

3267 4622 39 25 La
3325 4619 34 27 loi
3378 4619 35 26 de
3428 4618 69 26 trois
3515 4625 52 19 ans
3585 4617 16 25 à
3619 4617 26 26 la
3664 4617 141 26 Chambre

3212 4661 91 30 Paris,
3340 4659 85 25 lundi.
3447 4673 34 3 —
3500 4658 37 25 La
3560 4656 135 26 Chambre
3717 4657 129 24 continue
3869 4656 29 25 la

3176 4695 160 25 discussion
3354 4694 31 25 de
3402 4694 28 25 la
3447 4693 37 25 loi
3502 4693 31 25 de
3552 4691 70 25 trois
3639 4698 60 18 ans.

3211 4729 37 25 M.
3269 4728 107 25 Tissier
3394 4727 109 25 affirme
3520 4726 29 25 la
3565 4724 112 26 volonté
3693 4723 138 33 pacifique
3848 4724 48 25 des

3177 4764 69 25 deux
3263 4761 75 26 côtés
3357 4762 47 25 des
3421 4760 118 31 Vosges,
3557 4759 73 25 mais
3647 4759 21 25 il
3686 4758 90 25 craint
3793 4758 41 25 les
3854 4765 31 19 ex-

3175 4797 131 25 citations
3326 4795 158 25 chauvines.
3506 4793 23 25 Il
3550 4793 102 31 ajoute:
3674 4793 79 25 Nous
3774 4799 122 18 sommes

3175 4831 112 25 résolus
3309 4830 15 25 à
3348 4830 59 25 tout
3431 4828 131 32 préparer
3584 4834 70 25 pour
3677 4826 79 25 avoir
3778 4833 53 18 une
3854 4833 30 18 ar-

3176 4864 58 25 mée
3255 4864 79 30 forte,
3357 4863 71 25 mais
3453 4862 22 25 si
3500 4869 72 18 nous
3596 4868 121 18 sommes
3740 4861 64 25 tous
3827 4859 58 25 d’ac-

3177 4899 63 25 cord
3266 4905 49 19 sur
3339 4897 25 25 le
3389 4897 57 30 but,
3469 4903 73 18 nous
3585 4894 135 25 différons
3763 4902 48 18 sur
3853 4894 43 25 les

3175 4940 123 25 moyens.

3203 4966 37 25 M.
3259 4965 107 26 Tissier
3381 4964 157 25 contestant
3556 4963 108 25 ensuite
3681 4970 52 25 que
3748 4963 28 25 la
3790 4962 106 25 France

3176 5001 39 25 ait
3238 5000 91 25 moins
3354 4998 118 33 dépensé
3497 5005 70 25 pour
3591 4996 112 25 l’armée
3727 5004 52 25 que
3802 4996 82 25 l’Alle-

3176 5040 106 27 magne,
3310 5034 37 25 M.
3372 5033 117 25 Etienne
3513 5031 184 32 l’interrompt
3723 5031 25 25 et
3773 5029 52 25 fait
3850 5030 33 25 ob-

3176 5075 94 19 server
3293 5067 128 33 qu’après
3445 5066 72 30 1871,
3540 5066 28 25 la
3589 5065 106 25 France
3716 5064 77 25 avait
3815 5064 16 25 à
3855 5070 29 19 re-

3175 5102 69 25 faire
3284 5109 52 19 son
3356 5100 91 26 armée
3468 5101 26 25 et
3516 5107 52 18 son
3590 5099 134 31 outillage
3744 5099 77 25 alors
3843 5106 52 25 que

3174 5136 190 32 l’Allemagne,
3389 5134 174 30 victorieuse,
3589 5133 75 25 avait
3689 5132 133 25 conservé
3849 5139 47 19 ses

3174 5178 100 19 armes.

3211 5204 37 26 M.
3266 5204 117 25 Etienne
3402 5202 131 25 confirme
3551 5208 52 25 que
3619 5200 183 32 l’Allemagne
3818 5208 16 18 a
3853 5200 31 26 dé-

3174 5238 85 33 pensé
3300 5245 69 25 pour
3392 5236 111 25 l’armée
3524 5236 64 31 plus
3612 5235 31 25 de
3665 5235 14 25 2
3702 5235 139 25 milliards
3864 5235 32 25 de

3174 5273 64 32 plus
3258 5279 51 25 que
3327 5271 27 25 la
3374 5271 112 25 France.
3507 5270 101 32 (Appl.)

3211 5306 38 25 M.
3274 5305 115 30 Tissier,
3411 5304 150 33 reprenant
3584 5310 52 19 son
3676 5303 135 30 discours,
3834 5309 50 25 pro-

3175 5348 87 19 nonce
3280 5347 37 18 un
3334 5339 65 32 long
3417 5338 143 32 plaidoyer
3577 5344 33 19 en
3627 5337 97 25 faveur
3742 5337 48 25 des
3807 5337 89 25 fortes

3176 5374 107 26 armées
3309 5374 31 25 de
3364 5373 111 25 réserve
3498 5373 25 25 et
3548 5372 151 25 condamne
3723 5370 173 26 sévèrement

3177 5409 41 25 les
3245 5408 107 25 armées
3379 5406 259 34 professionnelles.
3685 5404 200 33 (Applaudisse-

3175 5443 91 25 ments
3285 5441 16 25 à
3319 5440 254 33 l’extrême-gauche
3592 5441 26 25 et
3636 5447 54 18 une
3709 5439 90 33 partie
3817 5439 31 25 de
3868 5439 29 25 la

3175 5477 122 32 gauche).

3211 5511 38 25 M.
3274 5509 107 26 Tissier
3401 5508 115 32 critique
3537 5507 144 26 l’hostilité
3704 5507 47 25 des
3773 5507 124 25 bureaux

3178 5545 35 25 du
3238 5543 144 26 ministère
3423 5543 30 25 de
3479 5543 28 24 la
3530 5547 97 26 guerre
3668 5541 94 25 contre
3788 5540 41 25 les
3856 5540 28 25 ré-

3178 5585 103 19 serves.
3302 5578 24 25 Il
3346 5578 113 31 attaque
3479 5576 25 25 le
3525 5575 234 25 traditionalisme
3781 5574 48 26 des
3849 5574 50 25 bu-
