4980 6914
2041 2613 39 27 De
2104 2613 64 26 heer
2183 2619 50 19 nzs
2254 2610 115 26 AvoaiE
2383 2617 58 20 van
2459 2621 57 20 der
2532 2615 117 31 Hoeves
2659 2617 65 33 zegt,
2737 2610 74 31 dat't
2819 2611 59 26 hem
2887 2610 58 27 leed

2010 2647 69 31 doet,
2105 2646 46 26 dat
2176 2644 32 26 de
2233 2643 52 33 das
2309 2649 51 19 van
2379 2644 115 32 gisteren
2513 2639 99 47 voorbij
2630 2653 22 26 is
2670 2654 99 30 gega»n
2787 2644 94 27 zonder
2898 2653 46 17 een

2009 2679 87 27 woord
2113 2686 53 19 van
2183 2678 102 34 protest
2300 2675 78 33 tegen
2396 2676 31 26 do
2445 2676 58 30 vele
2520 2691 32 19 en
2570 2685 96 33 hoogst
2682 2673 132 39 onbillijke
2832 2674 96 30 aanval-

2009 2712 90 28 vallen
2124 2719 52 19 van
2202 2708 221 28 onderscheidene
2448 2711 85 34 leden,
2551 2725 120 20 wiaraan
2689 2715 46 26 het
2752 2712 143 26 ministerie
2913 2719 31 18 en

2009 2745 113 33 speciaal
2150 2745 31 25 de
2207 2743 135 26 ministers
2369 2750 53 19 van
2451 2745 109 31 binnenl
2596 2751 80 26 zaton
2704 2754 32 19 en
2753 2753 51 19 van
2822 2744 122 27 koloniën

2009 2779 73 25 bloot
2100 2777 100 27 hebben
2219 2778 125 35 gestaan._
2370 2774 69 27 Toen
2459 2777 34 33 hij
2513 2781 113 31 gisteren
2646 2789 44 21 een
2708 2778 87 28 woord
2813 2785 52 19 van
2881 2784 47 26 pro-

2008 2812 53 25 test
2083 2810 77 26 wildo
2185 2810 27 26 in
2239 2810 46 25 het
2311 2807 104 27 midden
2435 2810 124 34 brengen,
2578 2824 52 19 was
2647 2816 46 25 het
2708 2820 48 18 uur
2774 2813 26 24 te
2819 2818 46 18 ver
2882 2817 46 19 ver-

2009 2844 113 26 streken.
2139 2842 141 27 Misschien
2297 2842 21 25 is
2341 2841 40 27 dit
2399 2842 81 32 bótur,
2499 2849 99 32 omdat,
2615 2856 35 19 nu
2668 2848 31 26 do
2715 2844 155 32 onstuimige
2897 2850 31 25 ge-

2009 2876 139 27 moederen
2174 2875 52 27 wat
2252 2874 112 26 bodaard
2394 2875 57 32 zijn,
2478 2885 46 18 een
2544 2881 125 27 besadifrd
2688 2878 86 27 woord
2792 2884 71 19 mser
2878 2875 65 27 kans

2008 2915 51 21 van
2076 2908 165 33 instemming
2259 2907 78 26 heeft.
2370 2903 43 38 Hfj
2431 2910 60 31 «egt
2507 2919 46 20 een
2572 2911 126 35 bezadigd
2715 2910 96 31 woord>
2828 2915 73 20 mrtar
2916 2908 27 26 in

2009 2942 31 26 •ïq
2057 2941 85 27 versta
2160 2941 72 26 verte
2251 2940 53 27 niet
2322 2947 45 19 een
2383 2947 52 20 van
2454 2946 198 34 vergoelijking.
2687 2943 52 30 E?n
2753 2943 106 33 spreker
2871 2940 72 27 heoft

2007 2974 46 26 hot
2080 2974 113 33 gisteren
2219 2973 66 26 doen
2313 2973 161 28 voorkomen
2499 2978 71 27 alsof
2594 2987 52 26 Bpr.
2663 2979 111 28 onlangs
2790 2983 47 18 een
2854 2973 90 27 woord

2007 3015 51 19 van
2076 3006 188 34 vergoelijking
2282 3013 64 20 voor
2362 3006 46 26 het
2425 3007 144 31 ministerie
2585 3012 54 26 had
2656 3008 150 37 gesproken.
2826 3007 53 25 Dat
2889 3012 53 19 was

2007 3040 131 26 volstrekt
2156 3040 54 25 niet
2226 3039 46 26 het
2288 3039 85 31 geval,
2392 3043 71 24 want
2478 3044 69 25 noch
2564 3045 32 26 do
2613 3045 128 26 Minister,
2757 3040 67 26 noch
2841 3039 46 25 het
2902 3038 26 25 in-

2007 3072 131 28 dividueel
2154 3072 71 27 bezit
2241 3072 72 26 heeft
2330 3072 64 38 zijne
2412 3074 191 37 vergoelijking
2619 3077 103 32 noodig.

2042 3107 61 27 Wat
2121 3106 34 35 hij
2174 3106 110 34 onlangs
2302 3105 52 27 had
2372 3105 86 27 willen
2477 3107 66 27 doen
2562 3118 53 18 was
2633 3110 54 26 dit:
2704 3113 41 19 om
2763 3111 50 19 aaa
2830 3102 110 32 hen,die

2009 3141 106 28 zooveel
2132 3143 124 26 aanstoot
2272 3139 136 35 gevondei
2425 3139 103 27 hebben
2546 3143 26 26 in
2591 3143 45 26 het
2652 3139 144 43 gespokene
2813 3136 65 26 door
2891 3136 48 26 den

2008 3176 119 27 minister
2144 3183 52 19 van
2213 3175 130 32 koloniën,
2360 3175 26 26 te
2404 3174 136 27 beduiden,
2558 3176 47 26 dat
2623 3175 30 27 de
2669 3171 93 28 schuld
2780 3170 102 27 hunner
2895 3169 31 26 be-

2010 3209 143 35 zorgdheid
2178 3208 46 35 lag
2248 3217 50 18 ara
2316 3208 85 26 hunne
2418 3207 198 27 cnbekeudric'd
2633 3208 52 26 „et
2701 3207 31 26 de
2748 3203 122 28 Jadisfha
2887 3207 41 24 tee-

2011 3244 119 27 rzanden.
2165 3243 39 27 De
2228 3240 122 31 minister
2374 3247 51 22 van
2448 3234 122 33 koloniën
2587 3234 51 33 kan
2655 3240 63 27 toch
2735 3235 54 31 niet
2806 3244 65 21 voor
2888 3237 54 27 hün

2013 3279 97 33 paizrir
2133 3278 196 26 achterhouden
2355 3275 33 27 de
2414 3274 145 27 resultaten
2584 3282 51 18 van
2652 3274 45 25 het
2714 3272 145 27 onderzoek
2876 3279 67 19 naar

2009 3312 46 26 hst
2081 3311 154 31 grondbezit
2257 3318 33 25 op
2307 3309 76 30 Java,
2400 3308 47 26 dat
2464 3308 41 26 ter
2522 3306 220 32 Landsdrukkerij
2761 3305 181 33 verkrijgbaar

2008 3345 30 26 is.
2056 3344 41 32 Hij
2117 3344 77 32 roept
2210 3344 32 26 de
2258 3345 157 31 ongerusten
2432 3343 59 26 toe:
2509 3340 89 33 koopt,
2614 3340 65 25 leest
2696 3347 30 18 en
2739 3338 149 26 bestudeert
2896 3338 47 25 dat

2009 3377 110 26 resumé.
2152 3377 78 24 Leest
2248 3377 46 25 dat
2310 3376 120 25 alvorens
2448 3376 26 22 te
2493 3373 109 32 spreken
2619 3379 52 19 van
2688 3371 96 27 socialrt
2805 3371 136 30 revolutie,

2008 3415 31 18 en
2063 3409 28 22 te
2109 3413 105 25 zeggen,
2232 3406 46 25 dat
2297 3406 31 24 de
2343 3406 118 24 minister
2479 3411 52 19 van
2550 3404 120 25 kolon:3n
2689 3410 46 19 een
2751 3402 191 26 revolutionair

2008 3446 60 17 man
2093 3438 30 24 is.
2157 3437 53 25 Het
2233 3437 63 25 stuk
2320 3437 24 25 is
2368 3436 45 26 het
2439 3435 128 27 resultaat
2591 3443 52 17 vaa
2669 3438 46 21 een
2733 3433 158 32 onpartijdig
2909 3441 30 17 en

2008 3469 126 33 objectief
2157 3469 151 25 ondersoek.
2342 3468 47 28 En,
2415 3468 59 30 zest
2499 3467 41 28 hü,
2569 3467 39 24 als
2624 3465 34 30 #9
2678 3465 48 24 dat
2741 3467 106 28 gelizen
2865 3464 73 30 hebt,

2007 3500 56 27 snit
2078 3496 34 37 gij
2128 3500 70 30 «len;
2211 3497 46 28 dat
2274 3495 41 31 die
2331 3493 129 33 revolutie
2478 3497 65 27 foor
2559 3496 32 27 de
2608 3491 66 33 helft
2691 3496 56 25 niet
2761 3498 71 22 _eof
2843 3495 96 32 nocdljj

2007 3534 31 28 is,
2055 3540 73 18 maar
2153 3533 74 25 reeds
2246 3531 110 30 bfstaat,
2375 3540 31 17 en
2424 3531 47 26 dat
2487 3531 45 26 het
2550 3535 64 20 voor
2630 3529 31 25 de
2679 3528 96 25 audere
2792 3527 67 26 helft
2876 3534 61 19 eene

2007 3563 229 31 contrarevolutie,
2261 3570 63 19 eena
2350 3565 156 26 restauratie
2532 3563 28 30 is,
2588 3561 46 25 dat
2659 3560 64 26 toch
2752 3560 28 25 in
2798 3560 48 25 den
2865 3560 72 32 geest

2007 3596 46 26 der
2069 3598 214 25 conservatieven
2300 3596 65 26 valt.

2199 2447 99 33 Zitting
2314 2453 52 19 van
2389 2447 150 38 Woensdag
2556 2458 33 22 29
2606 2452 155 31 November.

2041 2497 58 26 Aan
2124 2494 31 27 de
2181 2493 64 27 orde
2269 2493 22 25 is
2310 2491 31 27 de
2359 2493 187 38 voortzetting
2563 2497 48 32 der
2627 2502 146 32 algemeene
2791 2491 138 31 beraadsla-

2009 2530 63 22 ging
2089 2535 61 18 over
2169 2528 32 25 de

2009 2562 431 33 Staatsbegrooting
2467 2562 107 33 voor
2602 2562 135 33 1877.

2039 2380 163 47 Tweede
2229 2380 136 47 Kamer
2392 2380 81 47 der
2500 2380 407 47 Staten-Courant.

2980 815 24 26 is
3021 815 159 33 ontworpen,
3190 816 41 26 die
3241 815 32 26 de
3288 813 176 32 handelingen
3482 817 50 19 van
3542 809 77 26 dezen
3630 807 120 27 Minister
3757 802 163 28 kenmerken,

2980 847 52 26 dan
3050 848 103 33 gelooft,
3168 849 34 32 hij
3221 848 56 26 niet
3293 848 47 25 dat
3351 854 27 19 er
3386 847 79 25 r*den
3483 842 111 31 bestaat,
3613 848 41 20 om
3665 841 46 25 der
3718 840 146 31 Kegeenng
3875 839 46 22 het

2979 881 164 26 vertrouwen
3161 882 27 25 te
3204 881 152 32 ontzaggen.
3874 900 6 5 .
3911 900 5 5 .

3011 914 54 26 E«n
3091 914 96 26 andere
3215 913 201 32 beschuldiging
3437 918 52 19 van
3508 908 47 27 den
3573 907 64 26 heer
3652 906 137 26 Haffmans
3804 908 53 19 was
3875 906 46 20 het

2978 945 136 27 beweerde
3130 947 163 32 scepticisme
3309 946 28 26 in
3356 946 31 25 de
3404 943 125 27 Memorie
3553 950 52 18 van
3621 937 223 30 Beantwoording
3861 937 19 22 t
3896 940 17 19 a

2979 978 46 27 der
3051 980 197 26 conservatieve
3270 979 86 33 partij,
3376 977 107 32 blijken»
3501 974 64 31 zijne
3582 972 63 27 rede
3660 972 27 26 in
3705 971 32 25 de
3754 971 92 24 _crst»
3861 973 39 19 _a-

2978 1019 63 19 mer.
3074 1012 58 32 Spr.
3159 1012 72 26 h*«ft
3257 1012 32 25 de
3306 1010 122 27 woerden
3445 1017 51 18 van
3515 1006 51 27 den
3582 1005 123 27 Minister
3723 1010 52 22 nog
3791 1007 60 19 eens
3868 1006 33 19 na-

2979 1044 113 33 gelezen.
3125 1045 40 25 En
3183 1045 54 26 wat
3253 1044 73 26 heeft
3341 1044 35 32 hij
3396 1041 119 34 gezegd?
3533 1039 61 26 Dit:
3613 1038 46 26 dat
3676 1037 46 26 het
3737 1036 57 25 met
3809 1035 91 31 gemak-

2979 1077 80 32 kelijk
3083 1077 22 26 is
3131 1077 32 26 de
3185 1072 81 37 juiste
3285 1084 78 25 grens
3379 1083 52 19 van
3450 1074 32 26 do
3498 1072 143 33 begrippen
3659 1077 52 19 van
3730 1069 30 25 de
3778 1071 123 20 conserva-

2979 1109 86 26 tieven
3084 1119 31 17 en
3131 1109 130 27 liberalen
3279 1117 51 18 aan
3346 1109 26 25 te
3391 1115 83 26 geven
3491 1114 31 18 en
3540 1113 52 22 nog
3608 1103 103 26 minder
3728 1108 41 18 om
3789 1107 51 19 van
3861 1102 57 20 elke

2979 1142 161 26 voordracht
3164 1143 26 25 te
3208 1149 105 26 zeggen,
3341 1148 28 19 ze
3385 1142 24 25 is
3426 1136 176 30 conservatief
3618 1135 28 27 of
3660 1135 120 26 liberaal.
3816 1135 100 24 Welnu,

2978 1178 71 24 moet
3065 1176 54 25 niet
3137 1176 44 25 elk
3197 1183 27 18 re
3235 1175 71 32 lelijk
3321 1173 107 27 niensch
3445 1172 40 26 dit
3502 1168 190 30 toestemmen?
3710 1167 39 26 En
3765 1174 24 18 is
3807 1167 45 24 het
3866 1167 50 21 dan

2979 1209 93 32 gepast
3097 1208 48 25 den
3164 1208 120 25 Minister
3308 1207 74 26 zulke
3402 1206 81 25 harde
3501 1212 31 17 en
3549 1209 46 18 zoo
3613 1204 93 30 hevige
3724 1199 132 30 verwijten
3874 1199 43 21 toe

2979 1243 26 24 te
3021 1241 119 32 voegen?
3158 1241 76 27 Weet
3242 1240 32 26 de
3292 1240 60 25 heer
3370 1238 137 26 Haffmans
3523 1243 61 18 eene
3604 1233 87 26 betere
3707 1233 116 25 definitie
3833 1239 7 15 i
3846 1239 1 15 1
3863 1233 54 20 Het

2979 1272 93 27 scheen
3097 1280 53 24 zoo,
3176 1277 72 22 want
3274 1272 33 32 hij
3325 1271 89 26 noemt
3441 1270 32 25 do
3490 1266 214 27 censervatieven
3718 1265 182 26 hervormings-

2979 1306 89 25 schuw
3092 1313 32 18 en
3150 1305 31 26 de
3197 1304 126 27 liberalen
3346 1298 280 34 hervonningsg«zind.
3672 1297 60 26 Men
3750 1296 65 26 ziet:
3833 1296 46 22 het
3893 1299 24 19 is

2978 1339 100 31 precies
3093 1338 129 26 hetzelfde
3239 1337 39 25 als
3295 1337 31 24 de
3344 1336 149 31 algcmeene
3510 1331 139 31 benaming
3674 1329 112 26 liberaal
3802 1333 33 18 en
3852 1332 48 19 con-

2979 1370 132 26 servatief.
3143 1370 78 26 Maar
3246 1376 53 19 was
3325 1368 31 25 do
3387 1365 109 26 lefisitie
3519 1364 66 32 juist
3611 1370 30 18 en
3671 1368 107 26 precies,
3795 1364 72 19 waar
3883 1359 32 24 de

2979 1403 145 30 Regeeriog
3148 1402 113 31 getoond
3279 1400 72 26 heeft
3378 1407 45 18 zoo
3441 1404 57 19 zeer
3515 1394 273 32 hervormingsgezind
3803 1394 27 22 te
3848 1396 47 25 zijn
3905 1394 9 21 i

2979 1436 54 26 Het
3048 1436 24 26 ii
3087 1443 78 20 waar,
3184 1435 31 26 de
3242 1434 119 26 minister
3378 1439 52 18 van
3444 1429 104 33 justitie
3566 1428 71 26 heeft
3653 1427 90 30 eenige
3762 1422 152 27 bescheiden

2979 1468 200 30 hervormingen
3203 1475 33 25 op
3261 1463 151 32 rechttrlijk
3437 1462 96 33 g*bied
3557 1457 189 34 aangebracht,
3771 1462 74 19 maar
3872 1456 45 32 gat

2979 1508 111 25 nergens
3109 1501 61 32 blijk
3188 1507 51 20 van
3257 1499 41 26 die
3315 1499 39 25 slo
3364 1493 247 37 ipingsgezindheid,
3628 1500 51 18 van
3698 1491 41 27 die
3750 1491 93 26 woeste
3854 1491 47 25 her-

2979 1533 222 33 vormingszncht,
3224 1532 43 27 die
3292 1531 32 27 de
3341 1531 63 26 heer
3422 1528 133 26 H«ffaians
3572 1526 77 27 recht
3665 1532 85 26 gaven
3768 1531 41 19 om
3828 1530 45 19 zeo
3891 1524 26 25 te

2980 1567 110 32 spreken
3117 1567 39 25 als
3181 1566 34 33 hij
3241 1565 102 33 gedaan
3370 1563 79 27 heeft.
3483 1560 111 32 Spreker
3618 1559 98 33 vraagt
3732 1558 32 25 de
3784 1557 129 32 bewijzen.

2980 1602 39 26 En
3046 1606 45 20 zoo
3109 1599 34 32 hij
3163 1609 27 17 ze
3204 1592 66 40 'gsf,
3287 1598 52 27 dan
3357 1605 47 20 zon
3422 1596 106 33 spreker
3544 1593 60 27 hem
3621 1593 120 32 toevoeg-
3749 1598 26 24 n,
3791 1591 52 26 wat
3861 1597 59 20 eens

2980 1642 46 18 een
3052 1633 94 26 vriend
3171 1641 51 18 aan
3248 1633 50 24 den
3321 1631 63 26 heer
3410 1630 138 27 Haftmans
3574 1625 164 34 toegtvoegd
3756 1624 86 27 heeft:
3860 1631 60 19 eene

2980 1667 151 26 accusation
3156 1667 46 32 qui
3227 1664 66 26 n'cst
3319 1671 46 26 pas
3383 1663 113 33 prouvée
3522 1661 106 27 devient
3644 1667 51 18 une
3712 1657 136 27 calomsie.
3880 1657 40 25 En

2979 1698 71 31 toch,
3069 1697 128 27 diezelfde
3211 1697 102 32 vriend,
3332 1696 40 27 die
3390 1696 47 26 dat
3455 1695 109 26 onrecht
3582 1694 84 25 moest
3684 1690 148 30 herstellen,
3849 1689 73 26 heeft

2979 1730 60 26 hom
3054 1730 129 26 verlaten.
3674 1748 4 5 .
3733 1747 4 2 ■

3013 1763 65 26 Wat
3094 1762 31 26 de
3143 1763 63 25 heer
3222 1762 138 26 Haffmans
3378 1761 54 26 niet
3450 1759 100 31 gedaan
3567 1756 80 30 heeft,
3665 1763 22 18 is
3705 1755 46 26 dat
3769 1761 67 19 soms
3854 1755 65 22 door

2980 1795 51 25 den
3056 1794 63 26 heer
3143 1794 176 33 Heydenrïjck
3346 1792 123 31 geschied
3480 1792 13 24 't
3526 1788 112 31 Spreker
3654 1788 83 25 dacht
3763 1787 46 24 dat
3823 1787 41 22 die
3882 1787 31 22 de

2980 1827 123 32 bewijzen
3120 1835 48 18 zou
3187 1828 113 25 leveren.
3326 1826 77 26 Maar
3420 1824 52 25 wat
3489 1821 73 26 heeft
3579 1820 35 31 hij
3633 1819 100 32 gedaan
3743 1819 14 25 ?
3783 1819 43 27 Hrj
3844 1819 72 22 heelt

2980 1859 47 26 het
3052 1859 215 32 zondenregister
3293 1866 50 18 van
3369 1857 31 24 de
3425 1854 148 32 Eegeering
3589 1850 148 34 opgesomd.
3774 1850 53 22 Het
3843 1850 76 22 komt

2980 1892 60 26 hem
3058 1898 72 24 voer,
3157 1892 47 26 dat
3229 1892 32 25 de
3286 1891 63 25 heer
3365 1885 181 35 Heydenrïjck
3561 1885 28 25 in
3608 1883 73 27 beide
3698 1880 137 33 opzichton
3853 1885 48 20 ver-

2980 1924 80 26 keerd
3078 1924 72 25 heoft
3167 1923 165 28 geoordeeld.
3798 1943 6 7 ,
3865 1943 7 12 ,

3015 1956 41 30 Hij
3083 1956 71 26 zeide
3177 1956 149 26 vooreerst:
3351 1952 32 26 de
3409 1950 145 33 Begeering
3580 1946 125 32 cajaleert
3729 1944 32 26 de
3777 1944 129 25 liberalen

2981 1988 115 33 Spreker
3112 1988 71 26 vond
3201 1988 40 25 dit
3256 1987 50 26 wel
3322 1984 144 32 eenigsziss
3483 1980 119 30 vreemd,
3620 1980 71 24 wart
3709 1980 33 28 hij
3762 1980 87 25 dacht;
3868 1980 46 20 dat

2981 2020 131 27 datzelfde
3129 2019 157 27 meermalen
3294 2024 69 25 „van
3380 2015 59 27 dien
3457 2011 204 34 afgevaardigde
3678 2016 24 19 is
3718 2011 105 30 gezegd.
3856 2011 57 21 Hoe

2980 2054 41 25 dit
3046 2053 38 30 zij,
3111 2053 31 25 de
3165 2052 63 26 heer
3254 2048 175 34 Heydenrïjck
3454 2047 120 28 verweet,
3600 2043 46 26 dat
3672 2042 31 26 do
3726 2042 187 25 ministervan

2980 2086 102 31 justitie
3098 2085 35 32 bij
3151 2085 32 25 de
3201 2083 51 26 wet
3268 2091 33 24 op
3319 2081 32 26 de
3369 2078 198 28 kerkfabrieken
3580 2075 46 26 het
3639 2074 116 33 beginsel
3767 2081 52 19 van
3830 2073 70 25 schei-

2979 2111 66 39 ding
3061 2125 50 17 van
3130 2117 72 25 Kerk
3220 2117 26 24 te
3262 2120 57 20 zeer
3337 2113 72 26 heeft
3424 2111 144 38 toegepast.
3602 2108 113 31 Spreker
3732 2107 100 31 gelooft
3849 2107 63 26 nut,

2981 2151 46 26 dat
3052 2150 39 25 dit
3110 2148 117 33 beginsel
3242 2154 52 18 van
3312 2145 135 31 scheiding
3464 2144 46 26 zóo
3528 2141 72 26 sterk
3618 2140 34 32 bij
3676 2140 31 26 de
3724 2140 128 26 liberalen
3868 2145 31 25 ge-

2980 2181 63 28 wild
3066 2183 31 26 is.
3130 2180 115 26 Althans
3269 2186 46 19 een
3341 2177 111 27 liberaal
3477 2176 136 32 schrijver,
3639 2173 83 26 baron
3743 2172 170 32 Hugenpoth,

2981 2224 54 18 was
3060 2217 77 32 tegen
3163 2213 43 26 die
3222 2212 58 31 wet,
3299 2211 90 27 omdat
3404 2210 31 30 zij
3452 2210 86 26 leiden
3556 2216 48 18 zou
3619 2207 43 25 tot
3679 2205 164 32 bevestiging
3861 2211 52 19 van

2981 2249 45 25 het
3044 2246 117 34 beginsel
3177 2254 52 19 van
3244 2243 133 34 algeheole
3394 2243 137 31 scheiding
3548 2249 52 19 van
3618 2239 72 26 Kerk
3712 2246 31 18 en
3762 2238 84 26 Staat.
3874 2237 39 25 De

2982 2281 109 26 liberale
3116 2280 54 26 lens
3196 2280 22 26 is
3243 2277 79 26 thans
3347 2276 112 27 ve.leer:
3480 2283 46 18 een
3548 2274 174 34 gehoorzame
3743 2270 72 26 Kerk
3833 2270 80 26 onder

2980 2322 47 18 een
3046 2311 219 34 alvermogenden
3282 2310 85 25 Staat.
3691 2335 7 6 .

3013 2346 53 26 Een
3094 2346 99 26 tweede
3219 2342 201 33 beschuldiging
3437 2347 52 20 van
3507 2340 48 26 den
3573 2339 63 26 heer
3652 2336 176 33 Heydenrïjck
3844 2342 67 22 was,

2981 2379 46 26 dat
3052 2378 35 33 bij
3106 2379 31 25 de
3155 2380 52 24 wet
3223 2385 32 25 op
3274 2376 32 26 de
3324 2375 180 32 coöperatieve
3528 2370 201 32 vereenieingen
3746 2368 31 26 de
3795 2368 118 25 minister

2980 2419 53 19 van
3047 2411 103 33 justitie
3168 2409 58 27 veel
3242 2408 148 34 sympathie
3406 2406 113 27 bcteond
3537 2405 72 25 heeft
3626 2411 64 18 voor
3706 2402 32 25 de
3756 2401 156 25 arbeidende

2980 2445 85 26 klasse
3084 2452 31 17 en
3132 2444 48 25 dua
3197 2451 65 19 voor
3281 2450 46 18 een
3345 2440 111 26 liberaul
3475 2438 122 33 bcgiaael.
3622 2437 77 26 Maar
3717 2434 31 26 de
3764 2433 146 38 sympathie

2980 2485 65 20 voor
3061 2477 31 25 de
3110 2474 157 27 arbeidende
3280 2474 85 26 klasse
3381 2472 22 26 U
3422 2479 47 19 een
3485 2472 89 25 zuiver
3592 2466 177 28 conservatief
3787 2466 122 30 beginsel,

2980 2510 93 32 terwijl
3096 2505 67 37 juist
3188 2510 32 25 de
3244 2505 128 28 liberalen
3397 2512 70 19 meer
3493 2502 146 34 sympathie
3654 2498 125 34 gevoelen
3797 2503 64 21 voor
3879 2498 31 22 do

2980 2541 170 32 bourgeoisie.
3749 2562 7 5 .
3783 2552 7 14 :
3883 2558 8 8 ,

3013 2578 104 25 Daarna
3133 2572 70 28 vond
3220 2571 32 26 do
3268 2570 61 26 heer
3346 2567 176 37 Heydenrïjck
3544 2564 120 30 aanstoot
3681 2570 50 19 aan
3749 2563 110 30 hetgeen
3876 2563 31 21 de

2980 2610 118 26 minister
3123 2614 51 20 van
3195 2604 104 33 justitie
3325 2603 96 32 gezegd
3438 2602 53 25 had
3509 2607 61 19 over
3588 2598 51 26 den
3654 2596 145 31 leerplicht.
3831 2596 78 21 Maar

2980 2620 61 50 d™
3052 2641 112 28 verwijt,
3176 2639 21 25 in
3223 2637 56 25 niet
3302 2634 151 32 Christelijk
3471 2642 51 17 van
3541 2634 48 24 den
3607 2630 63 25 heer
3686 2626 175 35 Heydenrïjck
3878 2633 32 17 en

2980 2675 58 26 Veel
3056 2668 180 33 Chrlstelrkor
3253 2675 53 19 was
3325 2668 30 25 do
3372 2667 61 26 heer
3444 2663 138 28 Schimmel
3589 2662 125 34 penninck
3724 2667 50 18 van
3788 2662 47 20 der
3844 2662 64 26 Uye,

2980 2709 63 26 door
3067 2707 57 27 rich
3202 2701 145 32 verheugen
3373 2702 64 24 over
3463 2699 40 25 die
3527 2705 40 18 vci
3574 2695 111 32 klaring,
3703 2693 72 26 want
3791 2698 52 18 van
3861 2696 47 18 een

2980 2750 59 18 man
3066 2740 38 26 als
3130 2739 31 26 de
3188 2737 60 26 heer
3265 2741 52 18 van
3339 2733 107 30 Lynden
3464 2730 24 27 is
3504 2731 54 25 niet
3575 2730 26 25 te
3619 2733 46 21 ver
3671 2725 122 28 «vachten,
3810 2721 46 26 dat
3874 2720 33 33 hij

2980 2776 167 26 al-emeenen
3158 2766 137 35 leerplicht
3318 2772 47 19 zou
3383 2764 85 26 willen
3485 2764 133 27 invoeren,
3635 2760 94 26 zonder
3748 2761 163 26 wegneming

2980 2809 46 22 dor
3045 2806 106 25 erieven
3169 2805 77 26 tegen
3265 2799 31 26 de
3315 2796 143 27 bestaande
3476 2793 149 27 schoolwet.

3013 2837 201 27 DeKe-c-riii»
3230 2839 51 20 was
3299 2831 71 26 zwak
3390 2829 34 31 bij
3443 2829 30 25 de
3490 2828 123 30 defensie,
3630 2824 72 27 zwak
3719 2823 142 31 tgenover
3879 2819 31 26 de

2979 2871 133 30 liberale,
3139 2856 72 39 zeil?
3235 2867 32 25 de
3282 2864 61 26 heer
3360 2859 175 35 Heydenrïjck
3552 2861 97 25 voorts.
3683 2857 58 32 Spr.
3756 2863 47 19 zou
3822 2852 89 27 eerder

2979 2894 103 39 te^oo'.
3106 2902 47 27 (lat
3180 2901 30 25 do
3235 2896 135 33 regeeriog
3394 2902 53 22 nog
3474 2893 57 26 veel
3548 2893 26 24 te
3591 2891 69 26 sterk
3676 2897 22 19 is
3716 2889 112 32 geweest
3844 2894 66 18 voor

2979 2916 64 46 vX
3059 2935 124 27 vrienden
3201 2935 51 22 van
3270 2929 47 26 den
3337 2929 61 25 heer
3415 2923 175 35 Heydenrrjck
3607 2931 32 17 en
3657 2929 51 19 van
3726 2922 31 25 do
3776 2920 133 32 overzijde,

2978 2955 143 44 dietegen
3149 2963 117 35 gestemd
3291 2961 111 28 hebben,
3436 2955 31 31 la
3493 2955 43 30 elk
3566 2955 85 39 geVal,
3669 2962 40 26 wy
3735 2954 103 27 hebben
3863 2960 46 19 een

2978 3004 115 25 nieuwen
3116 3000 118 26 minister
3259 3004 51 20 van
3337 2994 103 33 oorlog,
3457 3000 52 19 van
3528 2989 215 33 wienwydazer
3761 2988 84 30 dagen
3863 2994 46 18 een

2976 3043 67 19 mem
3070 3041 50 18 van
3138 3033 111 26 benut*.
3267 3031 150 25 outvan*en
3436 3026 110 31 hebben,
3563 3022 81 27 welke
3653 3022 34 28 lm
3698 3021 53 27 met
3763 3020 149 26 uitstekenu

2975 3073 132 26 genoegen
3124 3064 104 35 gelezen
3244 3063 79 27 heeft.
3351 3060 43 34 Hij
3411 3059 135 28 verwacht
3561 3065 52 19 van
3632 3057 78 26 dezen
3725 3056 118 25 minister
3861 3059 52 20 van

2976 3099 90 32 oorlog
3089 3098 80 33 goede
3194 3096 176 34 maatregelen
3387 3103 31 18 en
3436 3093 51 27 ziet
3502 3092 28 27 ia
3548 3091 60 27 hem
3626 3098 46 20 een
3689 3097 70 24 man,
3776 3094 52 19 van
3846 3093 66 19 wien

2975 3141 58 20 zeer
3048 3129 57 32 veel
3123 3131 79 35 goeds
3220 3132 26 25 te
3262 3131 118 26 wachten
3398 3129 30 26 is.

3009 3168 38 34 Bij
3074 3168 31 26 de
3128 3169 52 25 wet
3204 3174 32 26 op
3259 3164 46 28 het
3321 3164 106 32 Hooger
3445 3159 143 34 Onderwijs
3606 3167 53 20 was
3677 3158 32 26 de
3725 3158 119 26 minister
3862 3163 52 20 van

2978 3201 113 28 binnen!,
3110 3201 79 27 saken
3208 3200 50 28 ook
3274 3198 74 27 zwak
3365 3198 44 25 ten
3428 3196 106 27 aanzien
3552 3203 52 19 van
3621 3194 46 27 het
3676 3190 180 30 amendement
3863 3197 52 20 van

2978 3234 48 28 den
3044 3235 106 34 Spreker
3167 3235 40 26 uit
3223 3234 93 27 Breda;
3343 3233 41 30 Ja,
3402 3231 47 26 dat
3464 3231 22 25 is
3495 3229 54 27 niet
3559 3230 76 32 tegen
3646 3229 26 25 te
3681 3226 119 34 spreken.
3823 3224 54 26 Het
3893 3230 22 19 is

2979 3270 54 25 niet
3050 3272 26 24 te
3093 3268 159 31 ontkennen,
3270 3267 46 27 dat
3333 3267 32 25 da
3380 3265 116 31 houding
3515 3269 50 19 van
3583 3265 48 24 den
3646 3262 118 25 minister
3772 3266 52 19 van
3835 3259 80 25 bmnl.

2978 3302 80 28 zaken
3081 3301 181 33 afgescheiden
3287 3307 52 20 van
3363 3299 31 26 de
3418 3293 165 31 uitstekende
3613 3294 69 33 wijze
3709 3300 104 25 waarop
3830 3293 35 30 hij
3886 3293 31 22 de

2980 3337 50 26 wet
3066 3333 168 33 verdedigde,
3259 3333 60 26 hem
3339 3332 54 26 niet
3417 3331 112 26 voldaan
3560 3327 79 27 heeft.
3673 3327 76 26 Maar
3775 3327 47 24 dat
3846 3327 72 22 heelt

2978 3376 43 24 spr
3053 3367 86 32 galeid
3157 3374 41 18 om
3216 3366 32 26 do
3267 3366 50 26 wet
3334 3364 28 26 af
3378 3365 25 24 to
3420 3364 133 24 stemmui.
3587 3360 77 25 Maar
3680 3366 44 19 om
3738 3358 92 26 daarin
3848 3364 51 17 aan-

2976 3400 98 32 leiding
3091 3399 26 26 te
3135 3405 91 19 nemen
3244 3398 45 24 het
3306 3394 145 28 Ministerie
3469 3402 59 17 omv
3546 3399 13 19 r
3575 3393 26 25 te
3614 3398 103 26 werpen
3724 3398 31 18 en
3767 3389 76 26 zulke
3854 3396 45 17 vin-

2975 3431 60 32 nige
3064 3430 231 32 beschuldigingen
3320 3429 40 24 uit
3385 3428 26 24 to
3438 3425 123 32 brengen,
3580 3424 46 25 dat
3643 3424 64 30 gaat
3724 3423 26 24 to
3769 3428 53 19 ver.
3856 3420 58 24 Ook

2976 3464 31 24 de
3026 3463 90 24 besten
3135 3461 70 25 falen
3224 3467 76 19 soms.

3006 3490 131 32 E'ndclijH:
3152 3491 71 25 heeft
3241 3491 31 25 de
3289 3491 63 25 heer
3369 3488 175 31 Heydenrïjck
3561 3487 51 25 ook
3628 3485 31 25 de
3677 3484 132 25 koloniale
3817 3490 80 25 quaes-

2974 3524 35 26 tie
3039 3523 150 34 besproken.
3223 3522 58 33 Spr.
3307 3519 39 28 zal
3372 3522 130 24 daarover
3527 3520 66 24 niets
3619 3524 71 18 moer
3715 3522 110 26 zeggen;
3843 3515 70 25 want

2974 3557 33 31 hij
3026 3559 85 24 meent
3130 3562 111 19 zooeven
3260 3557 99 27 genoeg
3377 3553 128 25 daarover
3522 3553 26 22 to
3567 3547 103 28 hebben
3680 3548 106 33 geïegd.

3006 3589 56 27 Dit
3086 3588 47 33 zijn
3151 3595 35 19 nu
3209 3588 32 26 de
3259 3586 87 30 feiten,
3365 3592 104 25 waarop
3488 3583 40 25 die
3546 3589 50 25 spr.
3614 3581 57 25 zich
3691 3580 124 32 beroepen
3834 3580 78 27 heeft,

2974 3632 45 18 oen
3037 3622 80 26 zestal
3135 3621 86 28 feiten,
3239 3626 72 19 maar
3330 3618 45 26 het
3391 3617 47 31 zijn
3456 3622 28 19 er
3502 3614 51 26 ook
3569 3614 80 26 feiten
3665 3611 80 27 naar!
3764 3613 40 22 Ün
3822 3611 40 24 als
3880 3611 32 22 dc

2974 3657 61 26 heer
3059 3653 176 33 H.-ydonrijck
3261 3653 53 25 met
3339 3648 109 27 fierheid
3472 3650 66 28 zegt,
3563 3646 47 26 dat
3637 3645 34 32 hij
3689 3645 54 25 met
3759 3643 150 32 opgeheven

2975 3690 83 26 boofd
3074 3689 50 25 den
3141 3686 120 27 minister
3279 3692 51 19 van
3350 3681 113 27 binnenl.
3481 3680 80 26 zaken
3585 3686 46 19 zon
3648 3678 27 25 te
3693 3677 103 32 gemoet
3813 3677 98 26 trede»,

2974 3723 41 26 dlc
3040 3723 58 25 met
3111 3718 158 33 Jammerlijk
3288 3716 185 34 neergeslagen
3491 3720 81 25 oojjen
3592 3712 78 31 tegeii
3689 3711 60 24 hem
3765 3713 48 19 zou
3830 3712 64 20 over-

2974 3757 84 30 staan,
3084 3754 50 27 dan
3159 3755 70 24 most
3254 3751 52 32 Spr.
3332 3751 59 26 hem
3407 3749 63 26 toch
3488 3752 112 27 vragen:
3619 3744 27 25 of
3661 3743 34 31 hij
3715 3741 54 26 niet
3784 3738 126 33 gebloosd

2974 3789 71 26 heeft
3060 3790 59 22 toen
3139 3787 33 32 hij
3191 3785 26 26 al
3235 3785 41 26 die
3293 3783 103 33 prullen
3413 3789 86 20 samen
3506 3780 57 32 plak
3568 3778 24 26 te
3609 3780 43 24 offl
3665 3776 104 26 daarnit
3778 3780 60 20 eene
3849 3776 61 20 akte

2974 3829 52 20 van
3044 3819 198 34 beschuldiging
3259 3820 76 32 tegen
3353 3816 32 27 de
3400 3815 148 33 Begeering
3565 3813 25 25 te
3606 3810 116 32 gronden
3730 3810 11 24 t

3006 3855 67 26 Deze
3100 3854 135 26 Ministers
3250 3852 103 27 hebben
3370 3857 64 26 iprs.
3451 3847 170 31 verdediging
3639 3842 74 27 zeker
3730 3842 57 25 met
3802 3842 110 26 noodig,

2974 3896 26 18 ze
3018 3888 47 31 zijn
3084 3894 175 25 mansgenoeg
3275 3894 43 18 om
3334 3885 89 25 zelven
3442 3882 41 26 dio
3498 3881 63 26 taak
3580 3887 33 25 op
3630 3879 25 25 te
3672 3881 99 22 nemen;
3789 3880 74 19 maar
3874 3876 34 26 mj

2974 3922 86 25 rieent
3087 3920 63 27 toon
3176 3920 46 25 dat
3243 3920 44 26 het
3313 3919 53 25 hun
3392 3920 162 27 aangenaam
3580 3913 53 26 kan
3659 3918 46 25 zyn
3733 3914 50 24 om,
3810 3913 34 19 na
3870 3911 40 19 die

2974 3954 107 33 scherpe
3107 3948 146 35 tónvsfUflüj
3280 3958 52 21 Tan
3361 3947 138 31 bevriende
3517 3946 63 33 zijde
3598 3953 47 19 een
3661 3941 77 28 enkel
3755 3941 87 25 woord
3859 3945 53 20 van

2975 3987 99 33 billijke
3093 3986 182 32 waardeoring
3293 3987 26 24 te
3338 3983 145 30 verntfficn.
3652 4003 4 8 ,
3892 4002 8 13 ,

3007 4020 159 32 Bovendien,
3190 4019 38 33 hij
3254 4026 48 19 zou
3328 4018 46 26 het
3402 4017 60 26 toch
3489 4013 100 35 gedaan
3614 4012 19 26 h
3651 4011 77 30 bben,
3755 4031 25 4 _
3804 4012 70 20 waTe
3900 4010 13 20 t

2974 4063 74 18 maar
3074 4055 84 25 alleen
3185 4061 66 26 pour
3275 4052 136 25 I'honneur
3438 4051 32 25 du
3490 4046 124 35 paviljon,
3632 4045 77 32 tegen
3726 4044 106 25 zooveel
3849 4045 47 21 ver-

2974 4088 189 32 dachtmaking
3181 4095 31 18 en
3229 4085 154 33 verguizing
3399 4083 38 26 als
3456 4083 115 33 gisteren
3588 4078 58 26 hier
3663 4083 139 20 vernomen
3815 4077 76 22 werd.

3007 4121 43 30 Hij
3076 4120 133 27 herhaalt:
3235 4120 46 25 het
3306 4119 22 25 is
3356 4124 64 24 geen
3446 4114 87 27 woord
3562 4120 53 19 van
3633 4109 200 33 vergoelijking.
3867 4109 41 27 Hy

2975 4153 74 33 volgt
3066 4155 63 31 zijne
3146 4152 174 33 overtuiging.
3347 4150 64 26 Wat
3426 4148 35 33 hij
3481 4147 111 26 afkeurt
3607 4146 65 24 daar
3689 4142 79 26 stuit
3784 4141 33 26 hu
3828 4143 85 26 tegen.

2975 4172 59 43 He?
3052 4188 21 25 hl
3097 4186 47 26 des
3169 4185 133 33 geenszins
3327 4191 61 18 ene
3416 4181 79 26 zucht
3520 4181 41 24 tot
3578 4175 190 43 vergoelijking
3793 4174 41 25 die
3853 4175 58 21 hem

2975 4219 65 27 deed
3069 4220 117 31 spreken,
3210 4217 76 27 maai-
3313 4224 46 18 een
3386 4219 67 30 geve
3469 4214 9 26 1
3503 4220 61 30 vaa,
3580 4209 79 27 dabk.
3692 4207 43 26 Hu
3751 4207 93 26 erkent
3860 4207 53 22 met

2975 4253 71 26 dank
3063 4253 46 24 dat
3125 4251 58 26 veel
3201 4250 79 34 goeds
3299 4248 64 26 door
3379 4247 40 27 dit
3437 4245 144 27 Ministerie
3600 4240 99 35 gedaan
3718 4240 30 28 is,
3764 4246 32 18 en
3815 4240 39 22 als
3867 4240 45 21 het

2974 4285 56 27 niet
3046 4285 53 26 met
3115 4284 150 26 roekelooze
3281 4280 71 27 hand
3370 4285 227 26 omvergeworpen
3614 4273 91 32 wordt,
3724 4273 86 25 meent
3821 4273 33 30 hij
3867 4273 46 22 aat

2976 4318 46 26 het
3039 4325 52 24 nog
3107 4317 58 25 veel
3183 4317 79 32 goeds
3280 4315 39 26 zal
3335 4315 105 25 kunnen
3458 4313 73 25 doen.
3862 4337 6 5 .

3009 4350 41 33 Hij
3067 4350 110 25 ontkent
3195 4350 61 28 niet,
3274 4349 47 25 dat
3337 4355 28 18 er
3383 4352 112 25 vroeger
3511 4352 31 18 en
3552 4351 35 19 nu
3598 4349 52 25 nog
3659 4346 69 20 meer
3737 4338 170 30 toenadering

2976 4383 124 26 tusschen
3130 4381 214 27 conservatieven
3372 4388 31 18 en
3419 4377 128 27 liberalen
3567 4375 110 28 bestaat,
3693 4378 74 20 maar
3784 4377 58 19 men
3859 4372 51 24 ziet

2976 4416 46 26 dat
3040 4414 51 27 ook
3107 4415 27 24 in
3152 4414 148 33 Engeland.
3333 4413 39 26 Do
3389 4411 80 25 tories
3485 4419 32 17 en
3535 4409 84 32 whigs
3635 4408 76 26 etaan
3723 4406 54 25 niet
3787 4409 46 19 ver
3841 4409 71 19 meer

2975 4452 52 24 fan
3053 4444 97 31 elka*r:
3184 4448 41 25 En
3252 4446 39 26 als
3314 4452 59 20 men
3399 4444 102 32 vraagt,
3528 4442 52 26 wat
3601 4448 33 27 op
3652 4440 39 26 dit
3707 4436 141 34 oogenblik
3867 4436 46 24 het

2975 4473 178 34 kenmerkend
3170 4476 172 28 onderscheid
3359 4479 27 26 in
3404 4475 137 34 _n„e!«id
3557 4475 123 26 tusschen
3690 4469 111 30 liberaal
3809 4476 31 18 en
3850 4475 46 20 con-

2974 4513 126 27 servatief
3115 4513 31 27 is,
3163 4512 52 24 dan
3230 4512 24 24 is
3272 4512 45 24 het
3334 4511 47 25 dat
3398 4509 32 26 de
3448 4517 60 18 eene
3527 4507 162 26 aanvoerder
3710 4505 111 28 Diaraell
3839 4509 30 18 en
3880 4505 31 22 de

2975 4546 96 27 andere
3098 4543 144 28 Gladstone
3268 4544 69 30 heet,
3359 4551 32 19 en
3409 4541 46 27 dat
3471 4541 32 27 d«
3522 4538 213 30 conservatieven
3752 4535 92 27 „daar
3850 4541 60 19 «.wei

2975 4579 52 26 wat
3052 4579 188 24 avonturenser
3266 4576 47 31 zijn
3339 4576 52 24 dan
3417 4576 32 24 da
3474 4573 138 26 liberalen.
3646 4572 77 25 Maar
3742 4576 119 20 wanneer
3880 4569 31 24 de

2975 4609 211 30 conservatieven
3204 4613 70 19 meer
3291 4606 133 33 genaderd
3441 4605 48 33 zijo
3506 4606 43 25 tot
3566 4605 31 26 de
3613 4603 135 30 liberalen,
3765 4602 51 25 dan
3835 4600 21 25 is
3873 4599 38 26 dit

2975 4648 40 22 tot
3041 4644 31 28 de
3099 4639 213 31 oud-liberalen,
3338 4646 31 18 en
3394 4638 51 26 ook
3478 4636 247 33 spreksravrienden
3743 4633 103 27 hebben
3862 4632 45 26 het

2975 4670 116 35 tamelijk
3109 4672 47 26 we*
3174 4674 54 22 m'it
3244 4677 48 19 ü9n
3312 4670 131 31 gemeosd.
3477 4670 48 26 Als
3543 4670 48 25 dus
3608 4670 32 24 de
3653 4668 214 26 conservatieven
3879 4665 31 25 de

2978 4707 146 33 ueginselea
3150 4700 46 31 der
3220 4701 195 28 cad-liceralen
3432 4703 145 28 Genassen,
3595 4701 51 26 dan
3664 4700 22 26 is
3704 4707 51 25 spr.
3774 4698 65 25 daar
3855 4697 56 25 niet

2974 4750 46 18 zoo
3047 4737 109 33 bezorgd
3183 4743 78 22 over;
3286 4742 73 19 maar
3377 4735 32 25 do
3424 4734 128 26 lib-ralsn
3569 4729 48 35 zijn
3635 4733 56 25 Ület
3707 4730 70 26 allen
3796 4737 32 24 op
3846 4729 46 26 het-

2974 4774 80 28 zelfde
3072 4769 143 33 standpunt
3233 4775 48 19 van
3301 4773 110 26 vroeger
3425 4766 135 40 g^yen.

3006 4807 38 26 E-j
3063 4807 38 25 dit
3117 4812 34 18 nu
3169 4802 20 26 is
3208 4800 149 27 uitstekend
3374 4796 161 28 ontwikkeld
3544 4795 64 26 door
3619 4794 47 26 den
3677 4793 229 33 tegenwoordigen

2974 4838 181 28 uitnemenden
3180 4833 83 27 leider
3280 4833 46 25 der
3343 4830 135 30 liberalen,
3496 4830 48 25 deu
3561 4828 63 25 he-r
3640 4827 145 32 KappeyEe
3802 4832 53 19 van
3874 4825 32 24 da

2975 4872 132 33 Coppello,
3124 4871 59 25 toen
3202 4866 33 33 hij
3254 4866 45 25 ten
3317 4864 107 32 vorigea
3439 4861 58 33 jare
3516 4860 46 27 het
3579 4866 169 26 programma
3764 4857 45 25 der
3824 4863 80 25 jonge

2975 4899 128 32 Üblral**
3126 4899 162 30 n!tflen««tto,
3319 4894 117 30 Daaruit
3461 4896 22 25 is
3509 4894 45 26 het
3580 4891 107 34 spreker
3704 4889 136 34 gebleken,
3859 4887 47 26 dat

2975 4939 28 28 zij
3024 4939 30 25 do
3139 4931 109 30 liberale
3266 4928 148 35 !iegüi*e»en
3431 4933 61 22 oveï
3510 4925 84 28 boord
3612 4925 102 25 hebban
3725 4929 137 26 geworpen
3873 4928 31 18 en

2975 4980 61 19 oene
3063 4969 86 27 sterke
3174 4964 170 32 toenadering
3367 4963 43 26 tot
3431 4961 32 27 de
3481 4957 188 30 socialistische
3685 4954 149 35 beginselen
3853 4959 51 19 van

2974 5000 207 31 Staatsalmaeht
3206 4998 66 26 doen
3298 4997 63 26 zien.
3394 4995 35 33 Zij
3458 4994 115 32 schijnen
3600 4990 56 27 mt
3672 4996 69 20 meer

2975 5044 50 20 aan
3050 5035 31 27 de
3099 5031 146 35 beginselen
3265 5037 48 20 van
3331 5029 124 32 selfhelp,
3472 5035 51 19 van
3541 5022 171 32 ïndiviiueelp
3731 5022 157 30 zelfstandig-

2975 5070 59 26 heid
3056 5078 31 17 en
3104 5066 188 33 ontwikkeling
3308 5063 46 27 der
3370 5062 152 27 individuen
3539 5060 64 27 door
3619 5059 76 33 eigen
3711 5056 103 31 kracht,
3829 5060 76 21 maar

2975 5102 48 28 wel
3040 5101 47 27 dat
3104 5101 32 26 de
3151 5100 96 27 volken
3265 5100 102 25 moeten
3385 5098 91 25 komen
3495 5095 79 25 onder
3587 5093 102 32 voogdij
3702 5098 51 20 van
3763 5092 48 22 den
3822 5092 84 25 Staat;

2975 5137 46 27 dat
3046 5137 21 27 is
3093 5143 61 19 eene
3180 5140 56 20 zeer
3255 5131 149 35 deapotiekc
3422 5128 112 35 voogdij,
3550 5127 41 27 dia
3609 5126 60 27 ham
3686 5131 45 27 erg
3749 5124 156 26 verschrikt.

2974 5171 78 26 Maai-
3078 5170 38 26 als
3143 5167 31 28 de
3198 5167 63 26 heer
3281 5166 137 26 fiaftmar.s
3437 5172 47 19 aan
3503 5164 41 26 db
3561 5161 39 26 lib
3614 5159 74 28 ralen
3705 5159 131 31 toeroept:
3856 5163 50 24 .ga

2974 5204 61 27 toch
3060 5199 201 35 gouverneercü,
3279 5205 41 20 uw
3337 5198 87 27 straïs
3441 5197 81 26 duurt
3539 5193 46 27 xóó
3709 5192 51 25 dan
3776 5191 78 25 raadt
3870 5191 35 28 hy

2975 5238 58 26 hem
3061 5244 50 19 aan
3130 5244 31 18 en
3178 5233 63 26 acht
3256 5233 45 25 het
3319 5231 77 27 noodi
3398 5244 4 19 :
3403 5239 12 25 <
3431 5238 41 19 om
3490 5229 129 27 daarover
3635 5232 52 26 nog
3705 5231 60 20 cena
3782 5225 27 25 te
3826 5225 65 24 raad-

2974 5270 92 34 plegen
3091 5270 53 24 met
3169 5267 64 32 zijno
3257 5264 196 27 conservatieve
3471 5261 195 33 leedgonooten,
3685 5258 123 25 ülvorens
3826 5263 33 25 op
3875 5258 32 22 de

2975 5301 227 33 verwezenlijking
3219 5306 52 20 van
3288 5297 47 33 zijn
3353 5296 103 26 wensch
3475 5303 50 18 aan
3541 5298 26 21 te
3586 5293 116 32 dringen.

3006 5335 40 27 De
3064 5328 60 33 teer
3142 5340 54 19 vat»
3215 5333 103 26 Ni.sfen
3335 5329 81 26 denkt
3433 5336 28 18 er
3478 5328 54 26 Liet
3549 5334 51 19 aan
3617 5330 110 20 censuur
3743 5322 40 25 uit
3801 5322 89 25 toocU-

2974 5376 59 22 nsn,
3050 5368 61 26 zelfs
3129 5367 54 25 niet
3201 5373 32 25 op
3250 5365 32 25 da
3301 5363 60 25 rode
3378 5369 53 19 van
3449 5361 48 25 den
3516 5360 63 24 heer
3595 5365 51 18 van
3665 5355 46 26 der
3728 5355 116 25 Hoeven.
3872 5355 35 21 l)c

2974 5388 60 40 heef
3038 5409 31 18 en
3090 5400 132 32 vtintgens
3240 5405 31 17 en
3288 5395 122 32 luringer
3425 5392 84 28 tullen
3528 5391 58 26 hem
3602 5395 83 25 geven
3704 5387 52 26 wat
3768 5385 34 31 hy
3810 5385 97 30 noodig

2974 5434 18 27 *
3005 5464 45 28 Hfl
3066 5461 71 30 heeft
3155 5460 53 27 met
3223 5459 59 33 diep
3300 5458 142 26 leedwezen
3459 5456 31 24 de
3509 5453 124 26 discussie
3650 5458 51 19 van
3717 5448 115 34 gisteren
3854 5445 39 31 bij-

2974 5498 124 32 gewoond
3138 5494 77 25 leder
3240 5492 40 26 die
3306 5491 46 25 het
3372 5489 48 25 wel
3437 5486 86 26 meefit
3540 5485 54 25 met
3611 5485 47 25 het
3672 5481 64 26 land
3754 5486 31 19 en
3802 5477 53 26 met
3874 5477 32 26 de

2974 5507 194 50 conservatieve
3184 5522 149 35 beginselen
3351 5519 40 26 zal
3410 5518 38 26 dit
3464 5516 150 33 lecdgevoel
3632 5515 102 25 moeten
3750 5511 97 25 deelen.

3006 5564 97 26 Waren
3120 5561 40 26 die
3177 5556 142 28 discussi?n
3335 5551 96 32 noodig
3449 5557 40 19 om
3508 5549 46 27 het
3570 5545 195 28 conservatieve
3788 5539 118 33 beginsel

2974 5597 26 26 to
3026 5594 150 30 versterken
3213 5590 51 25 dan
3287 5589 22 25 is
3335 5585 41 26 dio
3402 5583 77 34 partij
3496 5590 33 24 op
3548 5581 31 25 de
3595 5577 142 32 traurig.te
3755 5582 69 25 wyze
3841 5572 64 27 ziek.

2974 5631 73 24 Maar
3067 5627 105 28 spreker
3191 5622 67 33 blijft
3274 5621 92 33 hopen,
3385 5616 45 26 dat
3449 5616 30 25 da
3496 5615 83 25 storm
3595 5611 41 26 dia
3654 5611 115 30 gisteren
3785 5615 24 18 is
3817 5607 71 32 uitge-

2976 5666 97 24 broken
3080 5636 50 51 Pde
3155 5656 74 27 lucht
3246 5631 80 54 moge*
3337 5650 128 27 zuiveren.
3500 5646 113 34 Spreker
3631 5643 44 26 wil
3691 5642 91 26 echter
3798 5647 47 19 een
3863 5637 28 27 al-

2975 5702 104 18 gemeen
3098 5692 86 28 woord
3201 5695 96 25 zeggen
3314 5692 64 20 over
3397 5681 26 26 al
3439 5681 40 26 die
3497 5679 211 28 redevoeringen.
3743 5673 46 38 Al.
3795 5673 40 26 dm
3861 5678 44 21 re-

2974 5701 321 53 SevoKenbevatten
3320 5719 27 26 te
3365 5714 56 28 veel
3439 5709 196 32 ontboezeming
3652 5717 32 18 en
3700 5708 26 25 ta
3743 5713 96 25 weinig
3855 5704 37 27 lei-

2975 5733 226 58 dendegedachte
3241 5752 111 33 Spreker
3371 5751 51 25 kan
3438 5753 28 19 er
3483 5745 54 26 niet
3554 5744 39 25 nit
3609 5747 138 21 vernemen
3761 5739 81 27 welke
3852 5745 54 26 weg

2976 5796 15 22 d
3000 5817 26 2 _.
3044 5767 63 51 tofh
3124 5789 47 28 wel
3189 5787 63 27 door
3268 5792 47 20 ons
3332 5790 46 20 zou
3394 5779 102 27 moeten
3514 5776 103 27 worden
3633 5771 120 35 gevolgd.

3009 5826 46 27 A's
3072 5825 32 26 de
3120 5825 63 25 heer
3200 5820 31 26 da
3248 5815 171 31 Casembroot
3435 5820 46 18 een
3498 5810 26 27 vi
3535 5807 52 27 and
3602 5807 24 27 is
3647 5813 52 20 van
3724 5803 183 28 ministerieele

2978 5848 117 39 crisissen
3123 5862 112 20 waarom
3253 5851 43 26 wil
3312 5850 34 30 hij
3365 5848 50 25 dan
3433 5852 46 18 een
3496 5844 98 25 nieuwe
3611 5838 156 27 uitlokken?
3801 5838 40 32 By
3863 5838 46 25 het

2978 5868 14 41 l
3030 5896 119 13 ,„„v*n
3176 5867 50 40 L
3250 5884 63 25 heer
3330 5878 135 30 liaff.nans
3482 5874 80 28 dacht
3579 5880 51 25 spr'
3648 5880 50 18 aan
3716 5878 46 18 een
3778 5876 61 21 Vers
3857 5877 51 19 van

2978 5894 46 58 Ln
3040 5896 156 54 Komisch
3213 5891 109 53 dichter,
3338 5911 98 28 waarin
3455 5909 31 26 de
3502 5907 139 33 hagelslag
3658 5904 111 27 klettert
3811 5903 58 26 Ook
3880 5903 31 26 do

2978 5935 60 51 ?ede
3056 5962 51 21 van
3124 5954 50 26 den
3190 5952 61 26 heer
3268 5948 136 27 Hafïmans
3424 5949 51 18 was
3493 5949 46 17 een
3548 5940 130 33 geduchte
3691 5936 145 33 hagelslag.
3854 5939 57 30 Spr.

2978 5991 83 28 houdt
3078 5995 27 19 er
3117 5986 52 28 nist
3183 5991 51 20 van
3243 5981 89 28 omdat
3340 5979 59 26 deze
3410 5973 109 30 dikwerf
3527 5973 92 34 groote
3628 5972 206 32 verwoestingen
3846 5976 50 19 aan-

2978 6000 69 48 richt
3089 6020 41 28 Hij
3150 6018 41 26 wil
3210 6017 106 24 daarom
3333 6012 54 25 niet
3404 6015 106 25 zeggen,
3528 6007 46 26 dat
3592 6006 32 26 de
3641 6005 137 34 hage'slag
3790 6004 56 26 niet
3854 6011 44 19 ver-

2979 6054 76 25 diend
3072 6059 52 20 was
3165 6050 57 30 Spr.
3240 6044 133 28 herinnert
3390 6040 98 26 slechts
3503 6046 51 19 aan
3573 6039 31 26 de
3614 6039 155 32 benoeming
3776 6044 52 19 van
3837 6035 80 33 graaf

2979 6098 52 18 van
3047 6085 97 33 Zuijlen
3162 6084 41 25 tot
3219 6079 94 33 gezant
3330 6078 26 25 to
3373 6073 113 28 Weenen
3503 6080 32 19 en
3554 6079 50 20 aan
3621 6072 112 33 hetgeen
3751 6072 117 26 daaraan
3893 6077 22 19 is

2979 6128 80 53 T°D™
3060 6119 13 25 f
3079 6123 130 54 Mnc*ufie
3231 6151 52 19 van
3309 6141 48 28 den
3374 6138 63 30 haer
3455 6138 138 27 Haffmans
3608 6144 56 20 was
3678 6137 57 27 niet
3750 6142 100 28 genoeg
3867 6142 33 27 ge-

2980 6183 156 32 motiveerd;
3152 6195 31 5 —
3201 6177 50 28 wèl
3267 6177 31 26 de
3315 6172 130 30 conclusie
3463 6182 52 19 van
3528 6172 50 27 den
3587 6174 60 26 heer
3657 6169 177 37 Heydenrïjck
3843 6176 74 20 maar

2981 6220 72 26 diens
3070 6216 129 27 motieven
3215 6209 118 33 deugden
3350 6207 61 27 niet

3014 6252 71 28 Juist
3106 6256 32 24 op
3163 6247 46 27 het
3233 6241 93 37 gebied
3346 6248 53 19 van
3417 6240 32 27 de
3467 6240 51 27 wet
3534 6247 53 20 van
3604 6237 47 28 het
3666 6239 99 33 hooger
3783 6235 136 30 onderwijs

2983 6293 87 20 waren
3085 6289 28 19 er
3130 6286 64 21 voor
3209 6283 46 19 ons
3273 6274 150 33 lichtzijden
3441 6274 43 26 die
3501 6274 32 26 de
3548 6273 65 27 heer
3628 6269 178 37 Heydenrïjck
3822 6268 56 26 niet
3893 6275 27 18 in

2985 6320 46 24 het
3046 6315 65 28 licht
3128 6311 100 33 gesteld
3246 6307 77 27 heeft.

3019 6353 40 25 De
3083 6345 144 31 rnilitbwet
3250 6340 70 28 moet
3346 6346 32 26 op
3397 6339 46 26 het
3461 6339 214 33 zondenregister
3691 6338 46 27 der
3755 6332 168 32 rechterzijde

2987 6392 31 14 pn
3044 6383 54 24 r.iet
3123 6387 32 19 oo
3181 6378 46 26 dat
3250 6381 51 19 van
3325 6372 47 27 het
3387 6372 146 27 Ministerie
3552 6373 90 30 staan;
3659 6372 39 25 dit
3713 6376 53 20 was
3784 6366 141 27 concihant

2987 6424 113 25 genoeg;
3117 6413 32 27 de
3165 6405 168 35 rechterzijde
3348 6412 56 19 was
3420 6405 144 33 onhandig.
3582 6405 51 33 Spr
3659 6402 80 28 dacht
3756 6399 152 33 brjdertem-

2987 6451 73 25 niioe
3077 6454 63 21 over
3157 6446 50 24 art.
3227 6445 9 24 1
3256 6442 47 25 der
3319 6438 146 27 militiewet
3483 6446 50 18 aan
3550 6446 63 18 eene
3633 6433 226 30 kansberekening
3883 6435 41 20 om

2988 6483 46 26 het
3059 6477 143 31 Ministerie
3228 6476 83 26 Haver
3334 6480 34 26 op
3385 6471 143 26 militairen
3547 6471 51 26 dan
3615 6477 33 26 op
3666 6468 112 27 anderen
3796 6465 84 31 grond
3900 6465 26 20 to

2989 6517 87 57 d°Met
3180 6543 63 26 heer
3259 6547 53 20 van
3328 6537 47 27 der
3391 6536 111 27 Hoeven
3519 6536 60 32 zegt
3594 6535 45 30 hn.
3657 6534 47 26 dat
3719 6529 78 28 liefde
3814 6531 66 22 voor
3895 6523 31 26 de

2992 6580 158 28 arbeidende
3174 6576 87 28 klasse
3286 6573 24 27 is
3334 6578 47 20 een
3407 6568 180 28 conservatief
3609 6555 318 64 beginsel•*£s?£

2992 6614 99 27 slechts
3107 6620 50 18 aan
3176 6613 31 25 de
3223 6607 103 27 werken
3344 6613 53 20 van
3413 6605 51 26 den
3482 6601 156 28 beroemden
3656 6595 124 31 Ketheler
3796 6595 26 24 te
3835 6595 92 24 Maioz,

2993 6648 70 26 eerst
3079 6645 117 30 militair,
3213 6641 69 27 later
3299 6638 131 34 bisschop,
3448 6637 74 32 altijd
3540 6643 46 18 een
3604 6633 57 52 «#1
3677 6630 112 27 mwwb.

3031 6680 74 25 Heter
3130 6678 70 27 erief
3226 6673 53 28 had
3302 6680 58 19 men
3383 6671 106 26 kunnen
3506 6669 93 33 putten
3615 6667 40 24 uit
3671 6666 46 24 het
3731 6666 196 28 tllD'lT™,r

2974 6681 5 53 i
2994 6712 57 26 kies
3065 6685 83 58 abelf
3158 6710 30 26 of
3202 6709 40 25 uit
3259 6707 46 25 het
3321 6703 152 31 denkbeeld,
3490 6681 44 45 o£
3550 6706 47 20 een
3613 6694 250 35 dep«tome»tro«r
3874 6687 38 26 ün-

2996 6745 102 39 derwys
3124 6751 33 31 op
3183 6744 27 26 te
3223 6739 112 32 lichten,
3351 6738 112 32 hetgeen
3480 6735 56 27 met
3550 6728 165 32 wenschelnk
3731 6732 24 20 is
3769 6731 35 20 nu
3822 6725 45 25 het
3883 6728 34 19 on

86 5701 11 31 \
115 5675 33 39 ïl'
177 5700 31 32 In

99 5719 74 50 *stiüg
190 5747 21 26 2i
231 5714 32 28 de
287 5722 99 32 tweede
411 5730 87 34 plaats
522 5730 90 34 geloof
625 5730 35 32 ik,
679 5730 47 26 dat
742 5735 46 19 een
806 5725 184 34 vermogensba-

91 5791 15 21 r
150 5770 43 37 tot
209 5796 11 18 c
259 5766 60 37 .ïeer
337 5770 67 31 B°ad
420 5779 47 19 znu
485 5771 149 27 aansluiten
651 5771 34 34 bij
704 5778 47 19 ons
768 5767 159 37 equivalent.
954 5765 35 27 Tc-

89 5800 52 35 w6S
165 5800 191 48 geenlUlra^n*
374 5811 85 25 wordt
477 5811 154 32 gemeenlijk
648 5810 174 34 aangevoerd,
840 5807 47 27 dat
902 5807 90 25 vertee-

89 5862 7 12 .
113 5843 58 35 9eßte
172 5865 15 20 ü
204 5878 31 12 ___
249 5841 144 34 T°ldoendo
411 5851 129 25 maatstaf
554 5851 22 25 is
593 5858 53 19 van
663 5850 151 27 financiaele
830 5846 104 30 kracht.
967 5845 39 27 De

89 5878 31 43 J'
122 5885 14 21 t>
157 5878 80 53 iut^
252 5883 45 22 Zo°
313 5887 138 30 redeneert
468 5898 59 18 men
543 5904 33 5 —
593 5893 136 25 verteeren
746 5891 48 26 wel
811 5891 56 26 niet
876 5896 71 20 meer
957 5887 51 27 dan

89 5921 92 41 J^den
198 5943 13 12 j
242 5921 12 18 e
256 5922 17 21 °•
283 5940 7 11 i
315 5930 73 25 maar
413 5930 143 34 sommigen
582 5930 135 27 verteeren
739 5930 110 33 minder,
867 5937 31 20 en
915 5928 91 30 zulken

143 5975 91 38 .Vermo
246 5961 13 19 r
322 5969 152 28 e(luiralent
483 5972 57 24 niet
548 5979 86 18 zwaar
641 5979 102 25 genoeg
752 5972 136 32 getroffen.
904 5969 103 30 Welnu,

87 5999 143 54 >"'''J'Ji_eri
236 5998 17 26 8
256 6000 154 47 jDBbela3tin
413 6015 18 26 B
457 6018 47 19 zou
530 6009 93 27 dienen
653 6009 39 27 als
711 6011 138 27 correctief
863 6012 78 33 tegen
958 6008 50 28 den

90 6041 74 50 iaV^
188 6061 67 30 uit.»
273 6040 57 48 'r^'
348 6045 26 27 t*'
376 6054 22 22 B,
413 6057 67 19 naar
498 6058 58 18 men
575 6051 120 31 beweert,
713 6052 65 26 door
795 6052 46 26 het
856 6050 151 35 equivalent

90 6100 27 33 do
144 6089 119 45 ""'aabd
309 6119 6 5 •
390 6087 32 26 lk
446 6096 74 20 meen
546 6091 27 25 te
599 6089 103 27 hebbon
719 6091 176 34 aangetoond,
912 6091 47 27 dat
976 6090 32 27 de

87 6125 89 51 >»88,i9
335 6130 18 25 8
379 6126 61 27 Zulk
458 6137 46 19 een
523 6130 138 27 correctief
677 6130 98 28 «lechts
791 6132 27 26 in
836 6139 60 19 zeer
913 6130 78 30 onvol-

89 6185 12 30 «
100 6185 13 30 q
133 6167 45 35 ,ïet
178 6180 60 32 «Uen
248 6162 25 53 \
280 6163 73 24 eTert
354 6165 155 30 'daal'voor
519 6172 32 22 de
560 6171 156 31 overgroote
728 6171 178 27 meerderheid
915 6180 52 19 van
977 6171 32 27 de

89 6207 137 47 W^nt
250 6203 31 51 e*
319 6203 59 27 Btad
379 6224 7 11 '
424 6209 26 25 Ct
467 6209 85 27 heften
569 6217 53 19 van
640 6217 46 19 een
703 6210 162 28 income-tax
876 6215 78 26 naist
963 6214 46 26 hst

89 6249 163 44 «Weegen
269 6276 26 17 t»
309 6241 48 52 fHs
374 6247 30 24 in
422 6249 70 25 'dem
509 6256 47 19 zm
575 6249 58 32 tli°-
666 6249 40 26 De
722 6253 287 34 vermogensbelasting

89 6279 51 51 Vel
157 6283 30 32 d*
210 6296 48 35 kan
291 6313 15 21 h
351 6282 85 30 &lleen
452 6287 125 28 dcznlkeD
581 6308 7 12 >
606 6288 41 26 die
664 6288 100 26 fortain
782 6289 123 34 bezitten,
917 6293 35 34 bij
961 6294 48 27 wie

154 6330 99 40 "'^gen
261 6317 13 19 8
352 6327 104 27 grootst
472 6328 31 30 is,
520 6328 47 25 dat
583 6328 46 25 het
645 6327 122 26 inkomen
784 6328 46 26 het
847 6331 100 34 bedrag
964 6334 45 26 dor

89 6380 44 34 >oo
159 6361 32 34 fin
194 6380 18 26 8
228 6358 98 56 Van°r
328 6361 131 34 rSChrÖdt-
495 6367 71 26 Haro
589 6367 154 33 invoeriD&'
767 6367 56 27 met
837 6370 172 38 gelijktijdige

89 6417 60 33 drtit
171 6412 54 30 ïeer
243 6430 14 20 r
274 6428 6 22 1
315 6433 6 6 •
363 6406 178 33 emoentelijke
557 6407 126 32 opcenten
700 6415 33 25 op
751 6406 46 26 het
809 6413 143 31 personeel,
961 6422 48 19 zou

118 6465 18 19 ft
164 6443 43 35 tea
222 6468 74 17 _e»„i
314 6441 171 31 lr,Sei!et3nen
501 6454 48 19 een
565 6445 163 34 belangrijke
745 6448 196 35 vermindering
957 6459 54 21 van

90 6494 57 24 „sT
175 6485 21 27 is
220 6503 12 14 ,
234 6506 14 12 n
253 6485 13 30 ;
298 6480 33 25 ge
347 6477 112 33 hebben.

197 6510 7 9 '
220 6504 93 28 zoover
328 6514 27 19 it
374 6517 17 15 v

89 6543 14 22 p
105 6548 9 19 e
117 6529 12 40 J.
167 6531 58 30 Pau
269 6544 13 14 a
319 6552 6 6 .
374 6524 50 22 **n
442 6530 113 27 n»gaan,
572 6526 98 27 slechts
687 6527 61 26 éeae
768 6526 148 35 bedenking
933 6529 78 34 tegen

90 6556 69 54 «Cf
220 6576 40 28 di-i
278 6593 32 18 „
343 6595 12 15 f
357 6556 28 27 ik
400 6562 91 31 geloof
506 6566 56 26 niet
562 6586 7 11 '
586 6567 47 26 dat
650 6566 31 34 *8
699 6574 89 25 wegen
804 6575 69 25 mag.
907 6569 37 26 Er
961 6578 51 25 zyn

90 6612 27 33 de
182 6604 115 46 kapitaal
322 6633 6 17 i
385 6607 13 17 °
415 6601 149 30 ink°msten
581 6607 129 33 genieten,
722 6607 96 27 zonder
828 6608 129 27 nochtans
966 6618 46 19 een

87 6648 26 34 ik
139 6638 104 44 *°°dani
253 6667 21 11 ,„
276 6671 18 18 n
330 6671 6 6 •
369 6635 123 32 bczllten-
523 6645 52 26 Zoo
593 6647 31 26 do
641 6648 289 33 vermogensbelasting
946 6657 66 20 voor

311 6676 38 53 n,r
383 6677 26 25 al
426 6680 26 25 te
469 6685 107 32 gMêtiS
594 6686 20 25 zi
615 6686 45 32 -J,l?
679 6687 48 26 üm
745 6689 66 26 twee
828 6689 120 32 redenen,
965 6698 47 19 zou

288 6713 17 19 o
322 6713 41 26 die
380 6722 85 31 vraag
483 6723 168 30 ontkennend
667 6726 105 28 worden
791 6728 176 28 beantwoord.

1400 6373 193 56 Italie.

1085 6452 47 30 De
1153 6452 70 30 heer
1241 6449 137 37 Tecchio,
1398 6448 123 38 onlangs
1541 6448 71 28 door
1631 6446 56 30 den
1710 6446 118 38 Koning
1840 6449 44 26 tot
1894 6455 67 21 voor-

1045 6493 86 31 zitter
1162 6504 58 20 van
1247 6494 57 28 dea
1326 6493 106 30 Senaat
1453 6490 158 37 benoemd,
1633 6489 78 28 heeft
1735 6489 47 28 die
1802 6489 176 38 betrekking

1046 6536 146 28 aanvaard
1217 6537 60 27 met
1297 6543 70 20 eene
1385 6531 207 38 redevoering,
1615 6531 111 30 waarin
1747 6540 27 20 o.
1795 6540 27 20 a.
1844 6530 50 30 het
1913 6530 48 28 vol-

1046 6576 94 34 gende
1167 6579 167 28 voorkomt:
1363 6576 59 30 Tot
1443 6575 169 39 vervulling
1635 6575 52 28 der
1711 6574 144 40 plichten,
1884 6573 94 30 welke

1046 6622 54 21 een
1122 6626 51 21 zoo
1198 6620 174 38 gewichtige
1391 6618 69 31 taak
1481 6618 220 38 medebrengen,
1722 6617 60 30 laat
1802 6615 31 31 ik
1854 6615 48 39 mij
1924 6615 41 28 lei-

1046 6656 58 30 den
1124 6666 38 20 en
1186 6661 83 27 word
1293 6661 33 28 ik
1346 6661 130 37 gesterkt
1499 6661 70 27 door
1591 6664 76 25 twee
1691 6659 170 39 gevoelens,
1883 6658 97 30 sedert

1046 6696 71 37 lang
1136 6698 67 38 diep
1224 6700 33 30 in
1277 6702 71 39 mijn
1359 6704 65 28 hart
1435 6700 168 41 geworteld,
1613 6702 155 40 namelijk:
1782 6700 197 39 enbegrensde

1046 6737 87 31 Lefde
1155 6749 71 21 voor
1247 6743 48 28 het
1316 6745 158 28 vaderland
1494 6754 35 21 en
1551 6745 76 38 zijne
1646 6743 215 41 grondwettige
1878 6742 87 33 instel-

4354 130 130 91 N°.
4547 130 298 86 14354.

643 502 1476 176 ALGEMEEN
2350 487 1937 180 HANDELSBLAD.

141 143 338 131 Vrijdag
539 158 44 89 1
647 150 433 94 December
1143 149 235 87 1876.

400 320 854 128 BIJVOEGSEL
1343 314 256 120 TOT
1951 301 139 137 DE
2091 301 420 137 NIEUWE
3896 302 425 120 AMSTERDAMSCHE
4322 302 261 120 COURANT.

2050 2100 60 28 Het
2134 2096 124 30 Journal
2278 2095 47 28 des
2346 2095 123 38 Débats,
2491 2107 58 22 van
2571 2104 44 28 dit
2630 2099 105 33 artikel
2753 2094 191 41 gewagendo,

2009 2145 97 25 noemt
2133 2139 35 27 do
2190 2145 83 20 vrees
2294 2135 52 30 der
2369 2137 106 31 Diritto
2502 2140 178 33 betreffende
2702 2148 70 22 eene
2793 2135 152 38 mogelijke

2010 2181 144 37 bezetting
2174 2189 58 20 van
2250 2178 118 37 Egypte
2392 2178 70 30 door
2484 2180 164 41 Engeland,
2669 2178 175 43 ongegrond.
2869 2177 58 28 »En-

2176 2223 65 34 zegt
2272 2219 50 28 het
2354 2218 152 39 Parijschc
2531 2225 67 31 blad
2620 2237 26 19 o.
2672 2236 26 19 a.
2722 2223 41 28 /'is
2793 2223 152 26 meesteres

2011 2275 56 20 van
2088 2265 50 28 het
2157 2259 105 31 kanaal
2283 2269 35 19 en
2340 2259 78 30 heeft
2445 2262 119 40 Egypte
2585 2269 61 28 niet

2049 1043 40 7 —
2121 1026 59 37 Wij
2209 1025 112 30 hebben
2341 1024 129 38 gisteren
2490 1029 92 30 onder
2598 1030 37 28 de
2655 1028 204 38 telegrammen
2884 1030 59 25 met

2008 1080 52 19 een
2092 1069 85 27 enkel
2199 1067 99 28 woord
2319 1065 130 37 melding
2474 1071 135 33 gemaakt
2630 1080 57 20 van
2709 1078 52 19 een
2783 1068 143 27 hoofdarti-

2008 1111 48 30 kel
2080 1110 52 28 der
2154 1108 104 30 Dirilto
2269 1128 9 14 ,
2298 1107 112 28 waarin
2428 1108 124 39 betoogd
2572 1113 113 35 wordt,
2712 1110 50 28 dat
2772 1108 35 30 de
2817 1108 125 38 zending

2009 1162 56 18 van
2086 1150 64 30 lord
2169 1148 154 38 Salisbury
2343 1156 53 20 een
2418 1148 98 32 nieuw
2528 1153 73 30 licht
2611 1156 94 34 werpt
2715 1161 35 28 op
2763 1150 180 38 Engeland's

2008 1193 188 35 bedoelingen
2231 1194 48 25 ten
2308 1189 131 37 opzichte
2469 1200 59 21 van
2552 1195 117 38 Egypte
2698 1204 37 18 en
2754 1193 51 27 het
2826 1192 117 35 geheele

2008 1233 172 31 Oostersche
2206 1231 168 38 vrasgstuk.
2406 1231 54 27 Dit
2490 1234 107 31 artikel
2635 1245 57 20 van
2724 1235 51 27 het
2797 1232 146 31 officieuse

2009 1276 66 30 blad
2095 1274 26 30 is
2150 1283 65 20 zeer
2236 1271 154 38 uitvoerig,
2419 1271 79 39 wWij
2518 1274 150 39 hebben',
2689 1279 65 35 zegt
2774 1276 50 28 het
2841 1284 27 20 o.
2893 1284 51 26 a.,

2009 1320 76 25 //met
2096 1316 128 37 vreugde
2235 1313 35 30 de
2291 1312 433 44 ontwikkelieg-gadegoslagen
2737 1326 57 19 van
2807 1317 35 27 do
2852 1317 91 35 goede

2008 1356 211 39 betrekkingen
2236 1355 136 30 tusschen
2394 1352 155 38 Engeland
2569 1369 35 20 en
2624 1359 96 35 Italië,
2732 1367 79 21 maar
2822 1358 120 28 kunnen

2007 1406 102 24 tevens
2139 1398 61 30 niet
2224 1396 116 30 nalaten
2359 1403 53 20 ons
2432 1395 123 38 gelegea
2576 1406 28 24 le
2627 1402 79 27 laten
2727 1408 57 28 zyn
2804 1408 57 20 aan
2887 1398 57 28 den

2007 1442 135 28 nieuwen
2171 1440 131 28 toestand
2330 1437 52 27 der
2402 1435 254 37 Middellandsche
2676 1442 74 35 Zee,
2772 1441 100 27 indien
2894 1440 50 27 het

2009 1482 162 37 Eegolsche
2194 1489 91 28 gezag
2308 1479 31 27 in
2357 1478 117 37 Egypte
2494 1480 71 31 zulk
2587 1493 53 19 een
2661 1485 105 35 hoogte
2787 1481 97 30 mocht
2895 1481 33 27 be-

2007 1524 122 34 reiken,
2150 1522 51 27 dat
2219 1521 37 27 de
2275 1518 213 38 bedrijvigheid
2509 1530 38 21 en
2567 1525 37 27 de
2624 1522 189 38 rechtmatige
2825 1521 118 30 invloed

2008 1573 56 18 van
2075 1563 65 28 elke
2154 1561 78 30 natio
2254 1571 32 18 er
2306 1559 100 30 buiten
2419 1559 132 35 gesloten
2563 1565 137 31 wierden.
2722 1565 58 35 Wij
2793 1563 150 38 begrijpen

2006 1604 34 27 de
2062 1600 288 38 noodzakelijkheid,
2380 1600 94 30 welko
2496 1612 71 22 voor
2588 1605 152 39 Engoland
2761 1605 120 34 bestaat,
2896 1613 47 19 om

2006 1644 74 38 zijne
2100 1643 208 38 gemeenschap
2333 1644 59 25 met
2413 1642 85 30 Indië
2519 1649 116 28 zooveel
2656 1645 135 39 mogelijk
2812 1649 28 25 to
2852 1655 73 18 waar-

2006 1687 118 35 borgen,
2147 1693 79 21 maar
2251 1682 47 38 wij
2321 1691 57 26 zyn
2399 1685 102 27 tovens
2522 1696 58 22 van
2601 1688 148 40 gevoelen,
2769 1687 50 28 dat
2829 1685 115 28 nieuwo

2006 1728 125 28 redenen
2150 1735 56 19 van
2220 1722 217 38 bekommering
2456 1735 72 20 voor
2546 1730 56 30 den
2624 1728 221 39 Europeeschon
2856 1727 87 27 vrede

2007 1769 109 28 zouden
2137 1770 146 30 ontstaan,
2304 1763 99 30 indien
2424 1767 35 27 de
2470 1769 178 33 conferentie
2660 1779 28 21 te
2700 1767 243 37 Konstantioopsl

2007 1811 94 28 louter
2128 1819 37 26 op
2197 1818 52 19 oen
2285 1806 200 39 wederkeerig
2516 1814 141 38 toegaven
2678 1820 57 20 van
2754 1807 131 31 Rusland
2907 1818 37 18 en

2007 1851 154 39 Engeland
2180 1848 111 35 uitliep.
2327 1846 63 30 Het
2409 1846 176 38 Oostersche
2603 1852 156 39 vraagstuk
2769 1851 57 27 kan
2838 1848 106 30 slechts

2007 1891 174 32 beschouwd
2202 1890 117 28 worden
2340 1889 46 28 uit
2406 1898 53 20 eon
2480 1900 79 22 meer
2584 1897 146 38 algemeen
2754 1893 130 34 oogpunt
2909 1898 34 19 en

2007 1935 32 28 in
2074 1932 74 38 zijne
2183 1929 174 38 betrekking
2379 1933 44 25 tot
2445 1931 57 31 alle
2529 1936 226 38 mogendheden,
2774 1930 57 30 dio*
2843 1941 31 18 er
2891 1939 53 19 een

2008 1980 83 34 groot
2112 1983 35 19 en
2172 1970 230 32 rechtstreeksch
2422 1971 105 38 belang
2549 1978 40 37 hij
2602 1980 119 28 hebben.
2733 1974 112 30 Slechts
2856 1971 89 28 onder

2008 2019 69 28 deza
2098 2013 204 32 voorwaarden
2323 2011 139 38 gelooven
2483 2016 61 38 wij,
2565 2021 51 28 dat
2636 2021 34 27 dc
2682 2015 122 35 zending
2815 2022 57 19 van
2881 2013 64 28 lord

2010 2059 152 34 Salisbury
2184 2056 58 28 kan
2263 2053 150 38 bijdragen
2437 2059 44 26 tot
2500 2059 58 30 don
2580 2061 87 30 vrede
2687 2067 56 20 van

2010 826 109 35 lingen,
2141 821 86 37 diepe
2245 816 190 40 gehechtheid
2453 828 54 19 aan
2530 821 112 39 koning
2665 821 104 30 Victor
2790 817 154 37 Emanuel,

2010 875 56 19 aan
2087 866 56 27 den
2165 862 109 34 Vorst,
2297 860 69 28 door
2383 859 78 28 wien
2483 861 87 32 Italië
2591 865 25 28 is
2637 862 143 31 verheven
2802 863 44 25 tot
2867 860 58 35 vrij-

2010 906 74 35 heid,
2107 899 292 39 onafhankelijkheid
2411 911 38 18 en
2459 904 124 30 eenheid
2594 915 37 19 en
2641 906 46 27 die
2695 912 71 30 geen
2774 901 169 37 levendiger

2009 948 132 35 begeerte
2161 945 86 33 kent,
2271 943 74 28 noch
2366 941 122 37 vuriger
2506 946 107 37 gelofte
2634 946 111 39 gedaan
2766 943 94 37 heeft,
2884 944 58 27 dan

2008 998 47 19 om
2075 986 86 30 Italië
2186 984 139 37 gelukkig
2350 987 28 24 te
2401 984 115 32 maken.

119 934 519 24 (INGEZONDEN.)

181 985 27 33 2'j
235 990 41 33 mij
302 991 125 33 vergund,
446 990 90 33 eenige
562 987 177 28 denkbeelden
764 992 65 20 voor
846 985 27 26 te
891 984 109 31 dragen,

98 1031 20 33 (jj
131 1024 8 12 *
155 1024 12 19 a
170 1026 129 37 &nleidirg
315 1038 52 18 van
385 1030 46 26 het
448 1029 116 27 voorstel
582 1028 45 27 der
643 1025 224 28 raadscommissie
882 1023 43 26 tot
943 1023 44 26 hef-

97 1070 30 38 *»t
144 1090 12 21 i,
152 1062 46 26 Van
223 1075 46 20 een
293 1068 285 33 inkomstenbelasting
602 1069 26 24 te
648 1067 74 25 dezer
739 1062 83 30 stede.
854 1063 33 25 Ik
904 1061 96 34 geloof,

97 1115 46 35 Mdd
207 1103 59 31 doal
293 1108 46 27 der
365 1108 145 26 commissie
536 1114 57 20 zeer
618 1104 111 33 loffelijk
750 1103 30 31 is,
798 1108 73 20 maar
889 1102 46 25 dat
954 1100 45 26 h-.t

97 1133 58 58 nJj*
157 1134 15 33 1.
191 1148 132 26 waardoor
341 1148 31 32 zij
390 1147 66 26 haar
474 1147 59 26 doel
550 1146 45 27 wil
606 1144 130 30 bereiken,
752 1143 56 26 niet
830 1142 26 25 in
882 1140 116 27 dezelfde

115 1198 14 28 j
158 1179 60 30 a'lcr
236 1187 149 34 sympathie
403 1186 128 26 verdient.

96 1213 113 40 tnJ^bt
224 1214 202 45 is'opgemerkt,
444 1225 47 26 dat
508 1232 60 19 men
585 1222 56 27 nht
656 1221 53 26 kon
725 1220 148 32 voortgaan
889 1218 54 27 met
952 1218 46 26 het

231 1265 177 32 periodiek'te
426 1264 163 33 verhoogen;
607 1259 146 27 allerminst
770 1266 35 18 nu
833 1258 47 26 het
904 1265 93 26 perso-

93 1315 17 22 H
132 1304 6 11 '
216 1304 48 31 zijn
282 1305 104 33 talrijke
403 1305 135 33 opcenten,
556 1300 190 32 hoofdzakelijk
763 1306 65 19 naar
846 1297 150 27 denzelfden

93 1350 14 24 v,
110 1361 9 19 ö
135 1329 58 57 '^af
215 1342 39 27 als
282 1344 46 26 het
354 1343 158 33 equivalent,
537 1343 106 26 immers
667 1346 65 20 naar
758 1339 31 25 de
815 1336 181 33 huurwaarde,

93 1369 52 51 t,JJ
169 1377 122 31 geheven.
325 1383 130 27 Wanneer
480 1388 60 20 men
566 1381 61 26 deze
651 1380 98 26 laatste
774 1378 28 26 in
827 1376 27 27 al
869 1377 27 26 te
913 1376 83 27 mime

93 1424 20 32 d(
115 1441 9 19 r
136 1409 56 41 ,tot
209 1422 142 33 grondslag
367 1429 53 19 van
439 1421 135 33 belasting
589 1420 78 31 kiest,
685 1417 86 30 wordt
788 1426 47 18 een
850 1417 78 33 groot
939 1415 57 27 deel

93 1462 17 32 tg
138 1452 131 43 Dcvo!king
293 1462 116 33 genoopt
433 1468 44 19 om
504 1460 59 26 zich
580 1460 54 26 met
650 1467 47 19 een
715 1454 281 37 bekrompenvwoning

93 1509 17 26 H
125 1493 169 40 '^genoegen.
327 1501 105 27 Minder
449 1500 141 27 misschien
605 1500 28 26 in
650 1498 195 34 werkelijkheid
869 1496 52 27 dan
946 1495 50 27 wel

93 1550 26 30 tui
136 1531 11 19 e
159 1537 202 39 herstellingen
380 1543 46 26 der
442 1540 150 31 menschen,
609 1539 84 27 wordt
711 1539 46 26 het
772 1538 84 26 huren
879 1544 52 20 van
948 1544 45 18 een

92 1589 26 30 H«
119 1604 9 19 e
139 1572 12 19 °
175 1580 100 35 ffoning
300 1591 58 18 zeer
383 1581 142 27 kostbaar:
550 1580 50 26 hoo
625 1586 71 19 meer
712 1585 60 19 men
788 1577 144 27 verwoont,
946 1574 48 25 hoe

93 1607 47 54 b^
155 1616 54 27 acn
234 1623 70 26 moet
331 1622 113 27 betalen.
478 1620 117 27 Ziedaar,
612 1624 66 20 naar
693 1617 28 26 ik
738 1623 83 22 meen,
846 1622 47 18 een
918 1613 77 31 groot

92 1667 30 32 'en
155 1656 37 34 .ar'
224 1661 58 26 Ook
299 1662 40 26 nit
356 1669 46 19 een
419 1658 156 35 hygiënisch
592 1656 117 32 oogpunt
725 1662 47 19 zou
789 1652 47 26 het
852 1652 27 24 te
888 1650 91 26 betreu-

91 1700 34 35 te,.
135 1685 40 31 2lJB
178 1710 7 11 >
200 1695 90 32 indien
306 1701 32 26 de
354 1700 120 33 regeling
491 1698 47 25 der
556 1695 165 31 belastingen
739 1693 26 25 in
784 1690 59 26 deze
861 1689 133 32 gemeente

91 1736 67 46 K\Y
183 1731 91 33 bracüt
276 1760 6 11 >
302 1740 46 26 dat
365 1747 47 18 een
430 1735 90 32 talliök
537 1734 59 26 deel
613 1734 46 26 der
677 1729 112 35 burBer'J
808 1728 57 27 ïich
881 1728 54 26 met
946 1735 48 25 ge~

113 1791 15 27 Q
152 1772 37 27 'ge
207 1780 198 32 woniDgruimte
423 1778 26 26 te
465 1774 98 28 vreden
579 1773 92 27 stelde,

92 1819 31 33 je»
131 1806 106 41 esta<%e
255 1819 163 32 verhooging
435 1824 52 20 van
504 1815 46 26 het
568 1812 151 35 equivalent
735 1818 70 20 ware
817 1808 51 27 ook
876 1806 117 32 onbillrjk

91 1865 44 34 fc«s
150 1851 12 48 ü
176 1848 47 32 hen
224 1877 7 11 '
250 1858 41 26 dio
309 1865 52 20 Tan
380 1865 46 19 een
444 1857 85 33 maüg
543 1854 124 28 iniomeH
685 1852 103 27 moeten
813 1850 85 26 leven.
931 1846 43 27 We-

91 1903 6 27 j
103 1903 33 27 8
204 1900 92 22 nauwe
313 1897 119 27 verband
449 1897 123 26 tusschen
588 1892 128 28 welvaart
732 1898 31 20 en
782 1889 148 32 bevolkiog,
948 1885 47 28 wel

91 1936 11 28 l
103 1950 22 25 ea
136 1924 47 33 Sar,
200 1931 118 31 drukken
335 1936 66 26 oude
419 1936 165 33 belastingen
602 1932 98 28 slechts
723 1929 215 33 schijnbaar
963 1932 33 26 op

91 1975 9 28 d
102 1989 12 19 a
126 1972 6 11 '
200 1978 27 20 ze
243 1975 119 27 betalen:
380 1975 104 31 loonen,
502 1975 118 30 winsten,
638 1975 91 27 huren,
756 1970 64 26 aU«a
837 1968 85 33 regelt
939 1964 56 28 zich

168 2013 76 33 w°P
263 2015 51 26 den
332 2015 80 26 dnur:
430 2014 69 27 docb-
515 2013 57 28 veel
589 2013 46 33 *fld
653 2013 53 25 kan
723 2009 150 32 verloopcn,
889 2013 43 20 eer
948 2013 45 18 een

90 2060 40 34 'iei]
133 2042 31 25 We
177 2046 130 43 belasting
322 2055 27 26 in
369 2054 79 26 dezen
464 2054 40 26 zin
522 2054 51 26 ook
589 2060 63 25 mag
669 2050 102 26 heeten.
803 2048 40 26 En
860 2047 78 26 thans
947 2046 47 31 zijn

90 2081 63 54 Vl^
154 2088 12 20 6
197 2088 164 39 belastingen
399 2093 115 33 noodig,
539 2093 72 26 want
635 2091 32 25 de
693 2087 132 34 gemeente
852 2086 72 26 heeft
948 2085 46 26 be-

90 2134 43 32 W
176 2132 48 26 aaa
252 2134 213 33 vermeerdering
491 2140 53 19 van
573 2131 156 27 inkomsten.
763 2126 40 34 Bij
829 2125 32 27 de
876 2125 117 32 regeling

89 2160 56 52 Hijjr
159 2160 161 46 belastingen
337 2181 64 25 mag
417 2173 56 26 niet
488 2172 85 26 alleen
589 2170 106 27 worden
713 2166 71 34 gelet
800 2172 33 26 op
850 2165 64 26 haro
933 2161 50 27 defl-

90 2212 17 33 in
124 2198 40 37 ?Ve
182 2211 126 35 werking;
325 2222 59 18 men
402 2212 70 26 moet
488 2211 50 26 ook
555 2217 112 26 nagaan,
686 2209 48 25 hoe
752 2205 28 33 zij
798 2204 86 26 znllen
893 2202 102 27 werken

110 2248 35 41 £
159 2249 80 27 eerste
255 2252 85 33 jaren.

89 2298 45 35 toü
150 2293 74 41 v-nu
241 2293 106 26 wenscll
364 2291 28 27 ik
410 2290 31 27 do
459 2297 65 21 vraa
524 2297 19 26 S
559 2290 27 25 te
602 2288 97 27 sl'ellen
702 2308 6 11 '
726 2287 28 27 of
770 2285 32 27 de
826 2283 86 27 kll;in8
931 2282 65 46 bur7

194 2326 31 28 de
241 2330 139 34 invoering
398 2337 77 20 cener
494 2331 168 25 income-tax
679 2327 57 27 veel
751 2326 65 27 baat
827 2330 47 20 zou
882 2320 113 28 vinden?

90 2376 47 35 °Pbr
152 2363 41 25 eea
217 2367 135 37 belasting
377 2378 48 19 zon
450 2368 50 27 wel
517 2369 125 32 sommige
659 2367 64 33 rijke
739 2366 86 26 lieden
843 2368 70 21 meer
931 2360 65 26 doen

138 2399 76 33 eDgen
242 2408 52 27 dan
322 2419 47 21 nu;
398 2417 76 19 maar
501 2407 97 28 sluiten
624 2407 40 32 wij
683 2413 63 20 onze
762 2412 83 26 oogen
862 2400 63 28 toch
941 2399 56 27 niet

89 2447 18 32 te
107 2466 19 22 er
130 2466 4 5 -
209 2444 57 38 feit,
283 2450 46 26 dat
350 2448 34 32 bij
403 2448 32 26 do
452 2450 97 25 meeste
566 2447 112 33 burgers
703 2445 148 27 inkomsten
876 2450 32 19 en
932 2445 48 21 ver-

215 2492 135 30 nagelloeg
367 2486 116 30 dezelfde
501 2494 56 19 som
573 2486 142 33 bedragen.
749 2483 119 34 Bavrijdt
885 2479 34 34 gij
945 2478 51 27 hen

87 2517 92 50 Hrjg.ecn
196 2526 295 34 Verteeringsbelasting
509 2533 43 19 om
569 2525 51 26 hen
638 2532 50 18 aan
706 2531 46 19 een
764 2518 219 32 iukomsteiihelas-

87 2571 40 31 *i«k
198 2565 194 34 onderwerpen,
419 2567 52 25 dan
496 2565 93 26 maakt
615 2564 33 32 gij
667 2564 54 26 hun
739 2562 124 27 toestand
878 2557 118 32 waarlijk

89 2607 21 32 in
123 2595 69 53 jj-Veel
209 2602 83 31 beter.
326 2607 91 27 Slecht
433 2607 27 25 in
478 2613 94 20 zoover
591 2604 43 26 zal
651 2611 28 18 er
696 2602 169 32 verbetering
882 2601 58 33 zijo,
958 2598 39 27 als

89 2641 44 33 W
146 2637 11 39 1?
159 2641 52 26 I^*o
228 2643 99 35 heffing
345 2648 115 30 (wegens
477 2644 30 25 ds
524 2646 123 31 grootere
665 2642 136 32 bijdragen
826 2648 52 20 van
905 2641 32 26 de
954 2639 32 33 rij-

87 2680 12 31 k
112 2702 12 17 4„
139 2705 5 9 ,
165 2678 151 40 etrekkelijk
332 2685 102 27 minder
450 2689 87 20 zwaar
553 2681 41 26 zal
611 2688 85 19 wezen
713 2680 52 26 dan
783 2680 31 26 de
823 2680 83 31 oude;
922 2685 74 20 maar

87 2722 30 35 die
156 2714 24 25 et
195 2725 113 26 VerBchil
326 2724 48 27 wel
392 2721 149 34 belangrijk
556 2720 50 32 zijn
614 2720 13 25 ?
644 2719 112 26 Ziedaar
772 2719 32 26 de
821 2719 176 32 overweging,

87 2748 79 46 ij.'"'!
184 2758 72 37 altijd
276 2765 170 26 weerhouden
465 2763 72 27 heeft
554 2769 51 20 van
617 2760 92 32 groote
719 2758 216 33 ingenomenheid
944 2758 53 25 met

87 2789 124 38 wNe
227 2803 60 33 ta»|
305 2804 30 32 zij
352 2804 22 26 is
392 2810 46 20 zoo
456 2802 94 33 weinig
573 2798 130 28 radikaal.
736 2797 54 26 Gaf
803 2804 60 19 men
879 2804 48 18 ons
951 2804 46 18 een

87 2845 30 31 H
164 2835 40 27 nin
208 2846 17 25 8
243 2849 52 20 van
312 2843 113 32 hetgeen
443 2850 46 19 cm
507 2839 142 30 huisvader
665 2836 54 28 met
744 2843 47 19 een
813 2835 85 32 matig
922 2835 61 25 inko-

87 2881 38 43 !loo
125 2881 11 43 t
176 2880 48 25 Dea
248 2889 32 19 *n
305 2882 138 30 verliezen,
470 2882 40 26 al»
535 2881 31 26 de
583 2878 129 34 opcenten
729 2883 54 19 van
798 2875 47 26 het
862 2872 133 33 personeel

87 2924 19 26 *e
107 2937 21 22 ot
159 2916 44 25 *ca
229 2920 164 28 income-tax
420 2919 105 28 worden'
555 2924 159 26 vervangen,
746 2915 51 26 dan
823 2911 124 32 betwijfel
967 2910 30 26 ik

86 2954 31 33 le„
143 2947 26 25 of
183 2953 30 28 de
230 2961 78 25 winst
326 2968 35 18 zo<
370 2967 13 19 r
400 2960 79 33 groot
496 2967 47 19 zou
562 2957 105 32 blijken.
700 2956 39 25 De
751 2954 97 26 meeste
856 2949 139 27 menschen

87 2986 57 39 Hwe
146 2989 13 20 a
176 2996 43 25 «oo
236 3000 119 33 machtig
372 2999 59 26 veel
446 2999 57 26 ni«t
521 3006 41 25 op.
596 2995 93 27 Belast
706 2994 51 26 hen
774 2999 66 20 naar
856 2991 46 26 het
917 2988 79 27 inko-

87 3040 19 35 Ijj
132 3037 5 9 '
152 3022 39 33 bel
194 3040 27 19 as
222 3037 12 25 t
250 3038 51 27 hen
319 3046 66 19 naar
402 3038 32 27 de
451 3037 158 31 verteering,
626 3035 27 25 in
672 3033 74 27 beide
762 3031 120 34 gevallen
892 3028 105 27 betakn

110 3086 17 30 j,
137 3067 159 45 etmoedelijk
312 3085 137 27 nagenoeg
465 3076 132 28 evenveel,

87 3122 57 34 •ton
159 3111 71 30 neem
257 3118 110 28 daarom
397 3117 32 27 de
456 3116 113 33 vrijheid
587 3122 47 20 een
652 3112 83 28 ander
752 3110 145 28 denkbcild
915 3110 39 26 uit
972 3110 26 25 te

87 3162 33 32 «et
132 3149 51 51 „eD'
198 3151 46 31 dat
261 3159 43 32 mij
322 3158 77 28 reeds
416 3158 63 33 lang
497 3164 66 20 voor
580 3156 50 26 den
648 3156 72 33 geest
729 3152 72 28 heeft
811 3152 117 34 gestaan.
946 3149 53 27 Zou

87 3201 32 33 «^
149 3187 33 25 let
198 3196 57 26 veel
272 3197 203 27 doeltreffender
491 3197 59 33 zijn,
567 3197 28 26 in
612 3196 89 33 plaats
717 3202 53 20 van
787 3202 48 19 een
850 3193 150 27 inkomsten

87 3223 60 50 Vi,j,'
150 3228 17 20 e,
169 3233 244 37 *'»ojettsbela_ing
430 3237 28 25 in
475 3237 27 25 to
519 3235 117 27 voeren?
652 3234 85 32 leder,
756 3234 41 26 die
814 3234 28 26 in
859 3233 31 27 de
899 3233 102 26 tonnen

87 3270 45 43 W^
146 3266 25 45 l°
174 3273 15 19 U
206 3272 51 28 dan
274 3276 104 27 bebbcn
396 3285 33 25 op
446 3276 26 25 te
497 3282 92 26 geven,
615 3273 111 27 hoeveel
751 3273 48 33 zijn
824 3273 102 26 fortuin
952 3273 33 25 bo-

87 3317 22 39 \
110 3317 24 39 t
158 3313 50 33 ,en
226 3312 31 28 de
273 3315 102 34 heffing
391 3324 48 19 zon
459 3317 50 30 1/2,
526 3314 47 34 3/4
589 3314 31 27 of
637 3318 12 22 1
665 3322 48 26 per
732 3314 70 26 mille
824 3312 102 27 moeten
944 3312 57 33 zijo,

87 3347 44 40 '»ch
189 3347 12 27 *
228 3357 97 33 noodig
351 3356 85 26 bleek.
470 3356 40 26 Do
537 3353 292 34 vermogensbelasting
853 3353 24 26 is
901 3352 57 26 hier
974 3353 26 25 to

87 3397 37 33 &«o
125 3417 27 20 ev
161 3390 64 27 geen
241 3394 163 28 uitheeasch
420 3392 124 37 product;
562 3394 27 26 in
606 3400 126 25 vroegere
751 3392 81 32 tijden
848 3393 22 25 is
888 3392 30 31 zij
931 3391 71 26 vaak

87 3433 39 35 **»1
190 3444 6 12 '
213 3432 51 25 O"''
281 3433 106 24 bestaat
405 3433 30 28 zij
454 3433 27 22 in
498 3432 184 24 verscheidene
700 3430 115 24 kantons
840 3436 53 19 van
918 3429 83 25 Zwit-

87 3475 34 31 Cfy
144 3458 38 41 7d-
214 3468 54 28 Het
293 3469 22 26 is
340 3469 48 26 dus
413 3475 79 26 geene
517 3467 142 31 belasting,
678 3467 41 25 die
738 3474 53 24 nog
809 3467 73 24 nooit
900 3472 51 17 aan
969 3465 32 25 de

87 3510 12 24 >
100 3521 21 24 lt
125 3502 31 46 |'
158 3503 32 31 Dg
204 3507 24 27 is
244 3508 111 34 getoest;
372 3506 172 33 integendeel,
561 3506 28 25 ik
606 3504 91 32 geloof
713 3504 46 24 dat
785 3503 99 25 theorie
911 3509 31 18 en
959 3508 28 20 er-

111 3557 17 28 g
148 3541 15 26 ?
178 3540 92 37 beiden
285 3556 65 21 voor
366 3547 66 28 haar
450 3546 106 35 pleiten.

86 3583 43 34 ÓM;
169 3579 53 33 dria
250 3589 118 28 gronden
393 3594 74 21 meen
493 3585 28 27 ik
546 3582 64 34 mijn
634 3580 117 30 voorstel
768 3580 26 26 te
815 3578 105 26 kunnen
937 3583 47 20 ver-

110 3612 78 50 jfcn:

86 3659 22 37 *e
110 3680 11 21 f
123 3659 4 6 '
156 3652 21 27 Ü
180 3666 12 18 °
209 3667 292 34 vermogensbelasting
517 3664 72 35 geeft
607 3658 207 32 administratief
820 3657 43 27 tot
869 3652 57 32 vet!
935 3654 48 26 min-

111 3711 21 34 lj
159 3698 168 38 06ilijkhedcn
346 3707 151 33 aanleiding
515 3706 52 26 dan
583 3704 32 26 de
633 3700 177 30 income-tax;

87 3749 20 25 «ri
111 3758 19 24 ni
135 3743 5 6 *
163 3733 39 48 ,ZiJ
217 3743 52 30 kan
288 3749 93 26 dienen
400 3749 39 25 als
456 3744 143 30 correctief
607 3750 64 22 voor
687 3742 32 27 de
738 3737 135 38 gebreken
889 3743 52 20 van
953 3741 47 20 on»

86 3824 67 35 H/
184 3815 71 34 lïarn
280 3824 139 35 invoering
446 3834 47 20 zou
519 3826 27 27 in
565 3821 252 33 overeenstemming
833 3817 50 34 zijn
899 3815 54 28 met
970 3815 31 26 de

383 865 25 32 INKOMSTEN-
407 865 25 32 OF
459 859 461 38 VERMOGENSBELASTING
920 859 25 38 ?

1065 2665 107 26 Ziedaar
1189 2663 31 26 de
1238 2660 187 31 denkbeelden,
1442 2660 41 26 die
1500 2659 28 26 ik
1546 2666 48 18 aan
1613 2656 46 26 het
1676 2656 106 27 oordeel
1800 2656 46 27 der
1856 2657 100 27 deskun-

1032 2705 76 33 digen
1126 2704 131 27 wenschte
1273 2704 27 24 te
1317 2700 193 32 onderwerpen.
1527 2696 100 33 Blijken
1646 2695 28 33 zij
1694 2695 106 34 onjuist,
1815 2695 51 28 dan
1878 2699 41 26 zal
1928 2699 46 26 het

1031 2745 52 33 mij,
1101 2752 66 19 naar
1182 2744 28 26 ik
1228 2743 76 33 hoop,
1320 2740 57 26 niat
1395 2738 39 27 als
1450 2745 51 20 een
1518 2737 116 34 vergrijp
1659 2737 104 27 worden
1782 2738 190 33 aangerekend,

1032 2784 46 26 dat
1095 2784 28 26 ik
1140 2784 89 31 eenige
1246 2779 193 35 oogenblikken
1456 2778 31 26 de
1505 2778 133 26 aandacht
1654 2785 53 19 van
1717 2778 46 26 het
1779 2778 109 33 publiek
1897 2778 61 26 daar-

1032 2823 74 26 mede
1131 2823 51 26 heb
1202 2818 221 35 beziggehouden.
1450 2817 98 26 /'Thero
1566 2817 21 26 ia
1606 2817 100 33 always
1724 2825 71 19 some
1812 2818 70 32 good
1898 2818 27 27 te
1942 2818 32 27 be

1139 2862 59 31 zegt
1213 2859 67 31 Mill,
1299 2859 50 31 *by
1367 2857 110 33 diggiag
1493 2857 28 26 at
1541 2856 46 26 the
1604 2858 73 25 roots
1695 2857 30 26 of

1081 2907 184 28 Amstekdam,
1580 2902 33 26 N.
1632 2902 31 27 G.
1681 2902 161 28 riERSON.

1030 2948 33 25 27
1080 2943 150 28 November
1252 2944 70 26 1876.

1046 3008 504 24 ___l»____wnrnu^_vw»£_^&-;Vn-w

1070 828 54 26 Ten
1141 827 91 30 eerste,
1248 824 91 26 omdat
1356 823 46 27 het
1419 824 64 26 toch
1498 826 120 34 waarlijk
1633 827 57 27 niet
1707 828 116 32 aangaat
1840 841 32 5 —
1889 824 86 28 zooals

1037 867 34 32 bij
1091 867 33 26 de
1140 863 282 34 inkomstenbelasting
1437 865 158 33 geschieden
1612 873 48 20 zon
1677 881 33 5 —
1726 867 124 26 inkomen
1866 867 40 26 uit
1923 866 34 26 ka-

1035 907 100 33 pitalen
1153 914 31 18 en
1201 906 122 26 inkomen
1341 905 40 26 uit
1398 906 115 26 anderen
1531 906 96 27 hoofde
1644 915 66 18 naar
1722 907 154 26 denzelfden
1885 906 71 26 maat-

1035 947 57 27 staf
1104 947 26 25 te
1149 945 102 26 treffen.
1286 945 53 26 Het
1356 952 61 19 eene
1437 945 97 33 draagt
1551 954 47 19 een
1616 947 143 26 dnurzaam
1776 947 136 30 karakter;
1928 945 46 26 het

1033 987 98 27 tweede
1149 985 83 27 houdt
1248 984 156 34 gewoonlijk
1424 992 39 27 op,
1482 993 122 20 wanneer
1620 986 30 30 of
1665 989 31 26 de
1713 987 130 26 krachten
1858 993 52 20 van
1923 984 50 26 den

1035 1033 111 28 persoon
1172 1025 43 27 die
1239 1025 46 26 het
1310 1024 125 27 inkomen
1456 1026 91 32 geniet
1563 1028 61 26 hem
1643 1028 125 34 begeven,
1786 1026 30 27 öf
1831 1026 50 32 zijn
1897 1024 76 27 leven

1033 1067 107 33 eindigt.
1178 1064 130 33 Vergeten
1333 1065 40 31 wij
1394 1064 100 35 daarbij
1512 1068 64 32 niet,
1593 1069 47 26 dat
1658 1069 31 26 de
1706 1069 92 32 groote
1815 1064 157 30 inkomsten,

1033 1114 125 20 waarvan
1176 1104 57 27 hier
1248 1106 146 34 gesproken
1413 1107 93 32 wordt,
1524 1115 58 19 zeer
1600 1108 111 33 dikwijls
1728 1108 27 25 in
1767 1104 118 30 verband
1896 1104 77 24 staan

1032 1147 56 26 met
1104 1147 92 33 groote
1213 1144 107 28 risico's.
1356 1146 40 34 Op
1411 1147 77 33 jaren
1505 1155 52 20 van
1574 1147 163 33 belangrijke
1754 1146 109 27 winsten
1879 1143 93 33 plegen

1030 1186 78 34 jaren
1124 1193 52 19 van
1193 1185 94 27 verlies
1304 1186 27 26 to
1344 1186 97 33 volgen
1457 1194 32 19 en
1507 1188 74 26 reeds
1600 1188 107 26 daarom
1726 1193 47 19 zou
1789 1185 46 26 het
1853 1180 119 33 onbillijk

1032 1226 48 33 zijn
1107 1233 43 19 om
1175 1225 109 27 win»tcn
1309 1233 65 20 even
1398 1234 87 19 zwaar
1505 1228 26 26 te
1550 1228 119 26 belasten
1685 1226 40 26 als
1742 1225 99 28 renten,
1858 1221 113 34 pachten

1032 1274 32 19 en
1081 1266 92 27 huren.

1064 1306 53 26 Ten
1136 1305 98 27 tweed*
1252 1305 30 33 zij
1299 1307 162 31 opgemerkt,
1480 1307 46 26 dat
1541 1307 150 26 inkomsten
1702 1305 40 25 nit
1752 1304 112 26 anderen
1876 1300 96 27 hoofde

1031 1346 52 27 dan
1100 1348 70 27 bezit
1183 1354 53 21 van
1253 1354 149 27 vermogen,
1420 1355 66 20 naar
1502 1348 46 26 hst
1566 1344 197 35 voorgedragen
1780 1343 63 33 plan
1854 1342 56 26 niet
1920 1349 31 26 ge-

1031 1388 58 27 heel
1106 1388 50 33 vrij
1173 1387 102 27 zouden
1291 1385 105 34 blijven.
1414 1388 81 27 Want
1511 1388 48 26 één
1574 1394 53 20 van
1648 1384 106 27 beiden:
1773 1383 41 26 die
1824 1382 148 26 inkomsten

1032 1428 104 27 worden
1152 1435 65 20 voor
1234 1427 46 27 het
1297 1428 161 26 meerendeel
1475 1428 27 26 öf
1518 1426 122 28 verteerd
1658 1426 30 26 öf
1702 1423 136 35 opgelegd.
1856 1421 116 28 Worden

1031 1468 30 33 zij
1078 1467 130 32 verteerd,
1226 1467 51 26 dan
1296 1467 104 26 bereikt
1416 1474 59 19 men
1492 1473 30 20 ze
1537 1467 66 26 door
1619 1465 98 27 middel
1735 1472 50 20 van
1802 1463 46 26 het
1860 1462 96 33 equiva-

1031 1508 54 26 lent
1095 1518 7 21 ;
1119 1507 105 27 worden
1241 1508 30 30 zrj
1290 1506 135 34 opgelegd,
1443 1506 53 26 dan
1513 1506 106 32 groeien
1630 1505 30 31 zij
1674 1504 98 27 weldra
1785 1504 117 25 dermate
1912 1509 58 22 aan,

1031 1547 46 25 dat
1095 1547 31 25 de
1143 1547 78 25 fiscus
1238 1546 65 26 door
1319 1545 97 26 middel
1434 1552 52 19 van
1504 1545 32 25 da
1552 1543 289 32 vermogensbelasting
1854 1548 30 18 er
1897 1548 59 24 Bpoc-

1030 1585 46 32 dig
1091 1585 46 25 het
1154 1585 64 32 zijne
1237 1591 52 19 van
1306 1584 89 32 krijgt.
1428 1583 73 30 Stsl,
1519 1583 47 25 dat
1581 1580 104 26 iemand
1700 1579 122 33 jaarlijks
1839 1580 25 30 ƒ
1884 1581 87 27 10,000

1028 1625 98 31 oplegt.
1144 1624 44 25 Nn
1205 1623 77 26 klimt
1298 1623 48 31 zija
1364 1622 109 26 aandeel
1489 1622 27 25 in
1531 1620 32 25 de
1572 1618 295 33 vermogensbelasting,
1877 1618 33 32 bij
1924 1625 46 18 een

1030 1663 100 32 heffing
1146 1670 52 19 van
1214 1662 33 31 s/*
1264 1669 47 26 per
1328 1661 79 31 mille,
1423 1661 122 32 jaarlijks
1560 1659 54 25 met
1630 1661 25 28 ƒ
1671 1662 66 24 7.50
1754 1665 32 18 en
1804 1665 34 18 na
1861 1657 109 32 verloop

1031 1710 51 20 van
1098 1703 54 25 tien
1167 1702 78 32 jaren
1261 1701 40 27 zal
1319 1701 33 32 hij
1368 1702 24 30 ƒ
1404 1702 41 28 75,
1463 1708 33 18 na
1515 1700 106 32 verloop
1632 1706 53 20 van
1698 1698 105 32 twintig
1809 1697 77 33 jaren
1893 1698 24 31 ƒ
1925 1700 46 24 150

1030 1749 70 19 meer
1117 1741 105 26 betalen
1241 1741 52 26 dan
1310 1740 139 27 voorheen.
1478 1739 65 33 Mijn
1560 1739 110 26 slotsom
1685 1739 32 30 is,
1736 1737 46 26 dat
1800 1746 47 18 een
1864 1743 89 20 vermo-

1031 1781 196 33 gensbelasting
1244 1779 185 33 aanvankelijk
1444 1780 51 26 wel
1512 1779 107 33 gunstig
1636 1780 56 24 kan
1707 1778 51 33 zijn
1773 1785 64 20 voor
1854 1778 59 31 hen,
1930 1778 41 27 die

1029 1822 122 27 inkomen
1168 1821 119 32 genieten
1305 1820 40 25 nit
1369 1819 201 32 handelszaken,
1587 1819 107 26 ambten
1722 1826 32 19 en
1782 1818 189 34 betrekkingen

1031 1871 61 22 enz.,
1110 1869 73 19 maar
1201 1860 47 26 dat
1264 1859 83 27 hierin
1365 1867 33 19 na
1416 1860 109 34 verloop
1546 1867 52 20 van
1615 1858 50 34 tijd
1688 1858 178 33 verandering
1890 1858 81 27 komt.

1031 1903 39 26 En
1088 1903 45 25 het
1141 1902 22 25 is
1176 1899 91 33 billijk,
1287 1899 46 26 dat
1352 1899 39 26 dit
1408 1900 70 26 eerst
1494 1899 157 34 geschiedde
1669 1907 34 18 na
1720 1898 110 34 verloop
1847 1906 52 19 van
1916 1898 57 33 tijd,

1032 1942 70 27 want
1117 1939 148 27 inkomsten
1283 1939 40 25 nit
1338 1938 118 34 kapitaal
1472 1948 32 18 en
1520 1939 148 26 inkomsten
1685 1938 40 26 uit
1742 1938 112 26 anderen
1877 1937 96 27 hoofde

1030 1988 93 26 mogen
1140 1980 85 26 dunkt
1241 1980 52 32 mij,
1310 1980 92 26 fiscaal
1417 1981 57 26 niet
1489 1988 33 26 op
1541 1981 46 26 één
1604 1980 46 33 lijn
1668 1980 105 27 worden
1789 1978 111 34 gesteld.

1062 2021 52 26 111.
1130 2021 54 26 Ten
1202 2020 79 27 slotto
1299 2027 53 27 nog
1369 2028 47 19 een
1434 2021 89 26 woord
1540 2028 64 19 over
1620 2021 32 26 de
1669 2028 93 26 vraag,
1780 2020 30 26 of
1822 2020 61 33 mijn
1893 2026 64 21 voor-

1031 2060 51 27 stel
1098 2068 51 18 aan
1168 2060 94 26 artikel
1279 2061 50 25 243
1346 2060 47 26 der
1411 2060 195 33 gemeentewet,
1624 2060 47 26 dat
1688 2060 31 26 de
1736 2060 165 34 plaatselijke
1924 2059 33 27 be-

1030 2101 131 32 lastingen
1178 2099 45 28 wil
1239 2099 115 34 geheven
1372 2099 104 27 hebben
1494 2107 66 20 naar
1577 2100 187 35 grondslagen,
1782 2100 57 27 '/die
1851 2106 64 21 voor
1926 2106 46 19 een

1030 2140 141 33 redelijken
1187 2140 130 27 maatstaf
1332 2148 53 20 van
1403 2140 46 27 het
1465 2141 125 27 inkomen
1611 2141 47 27 der
1684 2139 288 34 belastingschuldigen

1030 2183 27 26 te
1077 2181 104 26 houden
1290 2181 61 27 Men
1368 2183 74 26 heeft
1457 2191 65 25 geen
1544 2181 122 34 ongelijk,
1693 2183 39 25 als
1754 2190 60 18 men
1839 2179 135 31 beweert,

1031 2222 47 27 dat
1095 2230 46 18 ons
1157 2222 152 34 equivalent
1326 2223 56 26 niet
1397 2223 92 33 geheel
1506 2230 52 19 aai
1576 2223 79 26 dezen
1672 2223 71 25 eisch
1761 2222 124 30 voldoet,
1903 2219 71 27 want

1031 2262 133 33 menigeen
1182 2262 72 26 heeft
1271 2269 71 19 meer
1358 2262 123 27 inkomen
1499 2262 52 26 dan
1567 2262 35 33 hij
1622 2262 124 26 verteert.
1780 2261 79 26 Maar
1876 2259 51 27 ook
1946 2259 27 26 in

1032 2302 40 26 dit
1093 2302 104 32 opzicht
1222 2303 97 33 schijnt
1335 2303 291 33 vermogensbelasting
1650 2310 47 18 een
1724 2302 67 32 goed
1818 2301 155 31 correctief;

1031 2344 51 25 ook
1098 2343 58 27 hier
1172 2343 64 27 sluit
1251 2344 30 33 zij
1299 2344 56 26 zich
1372 2344 37 32 bij
1426 2344 45 26 het
1479 2343 154 33 equivalent
1639 2341 189 32 voortreffelijk
1843 2348 58 19 aan.
1919 2341 53 26 Het

1032 2383 56 26 niet
1104 2385 136 26 verteerde
1257 2385 123 26 inkomen
1398 2383 84 27 wordt
1499 2381 136 34 kapitaal;
1652 2380 65 26 treft
1734 2388 60 18 men
1812 2380 57 31 dus,
1893 2380 80 26 naast

1031 2424 31 26 de
1080 2425 189 33 verteeringen.
1287 2425 45 26 hot
1350 2431 148 25 vermogen,
1515 2430 46 18 zoo
1578 2420 66 27 treft
1659 2428 58 17 man
1744 2419 45 26 het
1807 2419 71 27 volle
1893 2419 65 26 inko-

1031 2471 67 20 men.
1115 2465 61 26 Men
1194 2465 129 33 hoade^in
1341 2465 46 25 het
1404 2471 58 24 oog,
1480 2463 46 25 dat
1543 2461 32 25 de
1593 2460 149 32 verteering
1752 2458 91 27 vooral
1854 2459 65 25 daar
1928 2467 46 18 een

1031 2503 159 33 gebrekkige
1209 2503 130 27 maatstaf
1352 2510 52 19 van
1422 2502 47 25 het
1483 2500 123 24 inkomon
1623 2499 30 28 is,
1675 2504 70 19 waar
1770 2497 58 27 veel
1854 2498 119 33 kapitaal

1031 2543 105 26 bestaat
1161 2543 39 26 Da
1217 2543 203 32 samenvoeging
1429 2548 52 19 van
1492 2537 177 32 vertserings-
1685 2544 32 19 en
1727 2537 230 33 vermogensbelas-

1031 2583 58 33 ting
1104 2583 54 26 kan
1176 2583 48 26 das
1243 2582 51 28 ook
1311 2582 40 26 uit
1369 2588 46 20 een
1431 2578 124 32 w.ttelijk
1574 2578 117 32 oogpunt
1716 2576 177 34 aanbeveling
1913 2585 45 20 ver-

1033 2624 102 25 dienen.

86 3934 65 52 l»«tij
181 3932 50 33 dmi
233 3943 135 30 »istratitf
381 3945 22 26 is
422 3944 31 27 cle
470 3943 165 28 income-tas
653 3938 76 37 altijd
745 3947 46 20 een
810 3934 130 34 moeilijke
956 3934 31 26 bc-

86 3973 35 46 lr_
122 3973 12 46 9
151 3971 22 27 *•
206 3976 54 33 Het
275 3993 70 19 ware
359 3985 93 33 begrip
470 3991 53 20 van
541 3984 106 26 «zuiver
810 3978 73 27 staat
894 3980 106 22 nauwe-

86 4017 40 40 V
142 4010 61 40 7a6i;
219 4019 27 27 in
263 4025 32 26 de
312 4025 178 33 wetenschap,
508 4031 74 19 maar
600 4031 59 18 zeer
679 4022 77 26 zeker
772 4019 57 26 niet
843 4019 27 25 in
888 4017 32 26 do
930 4013 58 27 hoof-

86 4051 19 34 tü
197 4062 151 34 raenschen;
365 4064 119 27 iedereen
503 4063 107 34 b*paalt
627 4062 46 26 het
699 4068 32 26 op
758 4058 64 33 zijne
844 4056 77 33 wijze.
956 4052 45 33 Wij

86 4090 176 56 M^'^totd,
288 4104 47 26 dat
359 4104 27 26 to
415 4104 155 32 Groningen
595 4101 126 32 sommige
746 4097 96 30 lieden,
867 4097 64 24 over
957 4093 46 27 het

87 4136 65 46 fcftui
184 4136 96 39 ft°drag
304 4143 104 26 hunner
433 4149 170 26 aangegeven
634 4136 146 31 inkomsten
810 4134 191 30 onderhouden,

87 4182 41 33 \t
208 4178 30 27 rd
253 4181 113 33 bebben,
385 4183 47 25 dat
458 4182 30 33 sij
516 4181 40 27 als
581 4179 56 28 hun
663 4179 124 26 inkomen
813 4172 190 30 beschouwden

89 4207 83 51 *%?i
181 4214 124 40 Jzarlykt
321 4222 182 28 overhielden*.
523 4221 94 28 Wordt
634 4221 46 25 het
697 4215 118 30 voorstel
841 4215 46 25 der
911 4213 92 27 raads-

86 4256 43 45 N
149 4248 27 52 iÜ
176 4252 21 25 6*
200 4261 12 19 8
229 4267 187 28 ogenomen,
432 4270 46 19 zoo
497 4261 52 26 kan
567 4267 59 19 men
645 4265 28 20 er
690 4257 61 26 vast
769 4263 33 25 op
817 4254 122 28 rekenen,
957 4252 47 26 dat

86 4286 129 59 Sn,*
240 4305 32 21 «h
296 4310 66 19 even
379 4300 171 32 wonderlijke
568 4294 197 35 interpretaties
782 4300 53 19 van
852 4293 46 25 het
914 4291 90 27 woord

112 4342 17 31 U
131 4358 14 20 n
159 4328 12 41 ?
172 4331 15 21 ft
204 4332 136 40 toegepast
357 4341 86 27 zullen
464 4339 112 27 worden.

86 4375 69 46 *°'4t
221 4378 41 26 Zal
278 4380 31 27 de
327 4378 209 30 Gemeenteraad
554 4375 52 28 zalf
621 4372 151 33 verlangen,
790 4371 47 26 dat
853 4370 47 27 het
913 4370 91 27 woord

87 4413 38 38 tijn
326 4421 47 27 Zal
390 4421 31 27 de
438 4413 280 38 belastingschuldige»
730 4415 43 26 tet
784 4410 158 34 berekening
952 4417 51 19 van

86 4455 67 45 'Ooe^
253 4459 46 27 i__
301 4469 84 21 omeD)
402 4460 32 26 do
454 4457 103 28 waarde
575 4456 78 33 zijner
671 4454 196 35 eigendommen
881 4452 124 35 jaarlijks

86 4493 60 45 •^t
156 4485 169 46 Veeren?
341 4499 110 30 lemand
468 4496 73 31 heeft
559 4505 115 28 couposs
691 4495 109 37 geknipt
808 4502 65 20 voor
881 4494 25 33 ƒ
919 4494 86 27 10000,

87 4534 27 31 •>«
135 4527 73 47 w*'Jn.
207 4540 13 17 e
236 4539 110 28 effecten
363 4541 50 32 zijn
429 4541 25 31 ƒ
468 4540 87 30 10,000
573 4540 27 25 in
618 4539 106 26 waarde
741 4537 122 34 gedaald.
888 4534 73 27 Moet
970 4533 34 32 hij

86 4567 26 35 fle
126 4593 28 27 eft
156 4596 2 6 .
202 4570 122 38 inkomen
340 4579 94 28 stellen
452 4587 33 26 op
503 4580 25 32 ƒ
540 4580 87 31 10,000
645 4578 28 28 of
689 4585 33 27 op
733 4577 84 28 nihil?
836 4572 168 37 omgekeerd:

86 4606 138 56 ttSTe^j*o
241 4618 50 33 z'3n
313 4623 20 30 f
351 4624 87 27 10.000
456 4620 28 25 in
501 4619 105 26 waarde
624 4619 138 33 gestegen;
778 4618 72 26 moet
867 4616 34 33 hij
912 4622 35 19 nu
957 4622 48 25 op-

125 4665 91 39 Wv-
219 4655 74 30 0,000
308 4661 31 27 of
353 4659 142 34 /2O'OC0?
513 4658 45 28 2al
575 4658 33 33 bÜ
627 4658 124 26 ink°men
769 4657 102 27 moeten
888 4661 117 22 nocinen,

86 4689 39 45 ?eï
148 4711 24 26 te
233 4695 28 27 ia
278 4702 45 24 not
340 4701 155 32 aigeloop»11
510 4700 61 31 iaar
588 4697 53 26 had
660 4697 110 26 *'*"«*«
787 4697 137 26 verteeren
941 4701 48 19 zon-

118 4743 60 32 -lW
196 4733 151 38 Terarmen,
373 4740 28 27 of
417 4739 71 27 moet
504 4737 35 32 hij
557 4744 46 19 een
621 4736 116 26 andefch
754 4736 72 33 regel
842 4734 113 34 volgen?
973 4731 32 27 In

87 4772 59 40 Bta^
171 4767 58 30 'g°n
254 4778 41 26 zin
321 4780 41 25 dia
389 4786 84 25 vraag
495 4778 54 26 ook
573 4776 86 27 wordt
676 4776 102 31 beslist,
794 4775 28 27 in
837 4775 72 27 ieder
927 4772 78 35 geval

87 4804 48 50 Si,
151 4828 11 14 l
185 4809 31 24 °n
231 4819 64 26 Taor
312 4815 111 37 moeiolij
429 4815 107 30 kneden.
570 4818 64 32 Mag
652 4824 27 20 er
697 4817 67 33 géén
781 4815 99 27 taxatie
888 4814 117 33 geschie-

86 4847 43 53 J*l
143 4876 15 7 ~
158 4848 35 52 ej^
210 4852 39 28 **1
266 4856 53 30 dan
335 4856 33 30 do
385 4857 131 35 koopman
533 4858 48 31 zijn
599 4858 110 27 winsten
726 4856 164 28 berekenen?
901 4854 64 33 Mag
977 4859 28 21 er

139 4913 15 26 g
156 4919 33 20 ein
183 4887 92 33 ax%rd
291 4899 115 28 worden,
423 4899 50 25 hoe
489 4898 40 26 zal
547 4898 45 26 het
608 4897 52 26 dan
678 4905 69 25 gaan
756 4897 54 26 met
817 4898 32 25 de
857 4893 148 30 inkomsten

86 4928 52 40 Hy
162 4958 26 21 of
195 4931 70 30 een*9
281 4937 28 27 in
326 4939 81 32 tijden
425 4945 52 20 van
494 4938 138 33 gestadige
647 4937 91 34 daling
756 4937 46 27 der
819 4936 172 28 effectenkoer-

116 4984 11 18 -8
146 4988 25 30 ik
201 4970 39 26 ***
257 4975 31 27 dis
306 4978 131 33 koopman
452 4978 103 26 moeten
573 4978 145 30 taxeeeren,
736 4978 54 26 niet
808 4977 31 26 de
855 4976 149 26 rentenier?

87 5015 26 47 ÏT
133 5022 25 34 *k
181 5039 15 24 i.
322 5022 17 25 7
365 5019 47 27 der
428 5017 182 34 voorgestelde
627 5017 176 32 verordening
820 5015 185 34 goed,begrijp

128 5067 57 34 °cd.(i
193 5053 37 45 ,ien
249 5054 65 30 daar
334 5057 131 27 volstrekt
482 5059 54 25 niet
554 5057 76 26 zeker
646 5065 53 20 van
716 5057 71 24 —is
803 5056 40 25 dit
860 5054 144 27 inderdaad

137 5104 22 31 to
175 5114 6 15 i
219 5095 14 20 n
247 5095 8 20 8
270 5095 47 30 der
333 5096 244 31 Kaadscommissie.
611 5096 77 26 Maar
705 5095 48 26 hoe
771 5095 59 26 zulk
852 5101 47 19 een
914 5092 91 27 stelsel

86 5122 60 45 Nts
149 5154 15 20 U
164 5152 21 25 j„
209 5130 83 32 a<len?
312 5138 61 27 Vele
392 5138 155 34 kooplieden
563 5137 50 31 zijn
625 5138 26 22 te
661 5134 81 33 gelijk
751 5134 144 26 renteniers
905 5141 31 17 en
946 5131 58 28 Vele

87 5169 21 25 '1
125 5185 6 18 (
138 5183 26 24 ft-,
176 5163 35 25 P'ra
231 5169 27 30 in
275 5174 51 30 dan
344 5179 85 27 eroud
446 5178 46 26 der
510 5174 64 28 zaak
591 5173 237 33 ongepatentcerde
844 5170 158 27 handelaars

115 5212 20 24 tr

86 5220 73 32 'iet
182 5233 22 18 ki

87 5248 58 41 Hd
146 5274 12 18 e
198 5249 38 24 ler
262 5252 126 33 badoeldo
405 5256 228 30 administratieve
650 5254 119 27 bezwaar
787 5251 84 27 wordt
888 5250 116 37 ontgaan

86 5321 14 21 d
125 5306 13 18 o
141 5310 26 24 «s
169 5321 14 19 a
184 5288 57 46 i6rm
243 5298 219 34 °!eD3oelaßting.
497 5298 50 27 Om
565 5297 46 26 het
627 5296 99 32 bedrag
744 5302 51 19 van
806 5301 48 25 zyn
863 5298 141 25 vermogen

86 5360 13 22 d
194 5328 37 54 6?'
247 5335 40 27 Zdi
304 5337 72 30 ieder
392 5348 46 20 ver
442 5339 83 35 l>licnt
542 5337 47 34 lÜn
608 5344 41 20 om
667 5336 32 27 de
709 5334 105 28 waarde
823 5331 80 37 zÜner
913 5331 21 27 e,:
938 5339 66 27 Ben-

104 5374 8 19 e
113 5379 59 37 «elfj
175 5401 12 18 0
208 5374 22 17 *
249 5373 129 33 'axooren.
412 5381 72 26 Voor
500 5379 155 33 kooplieden
672 5386 31 18 en
720 5373 226 35 niet-kooplieden
964 5369 41 31 zal

113 5408 28 37 Ik
157 5425 45 37 he|,
202 5407 69 33 reBel
287 5415 106 34 B*W«*:
412 5427 46 19 zo°
476 5419 171 33 nauwkeurig
665 5417 138 34 mogelijke
820 5414 142 33 schatting.

86 5457 43 31 r'
143 5451 184 39 4w°nlangs
346 5460 171 33 gelegenheid
535 5459 86 33 gehad
638 5466 43 18 om
699 5456 139 33 Inlichting
855 5452 150 34 teverk'rij-

87 5485 38 54 S-°
142 5507 12 19 e
155 5511 15 21 ö
185 5485 21 54 f
209 5487 79 31 &ande
307 5497 31 26 de
354 5499 118 33 werking
490 5499 46 25 der
550 5497 289 33 vermogensbelasting
849 5496 28 25 in
886 5494 46 26 het
941 5502 48 18 con-

89 5525 83 47 ''•Jetid
203 5528 86 51 \*^
308 5537 112 28 Genève.
455 5539 69 26 Deze
540 5538 174 32 inlichtingen
731 5537 87 26 luiden
836 5543 59 19 zeer
911 5536 79 26 bevre-

90 5571 28 51 hf
118 5578 27 25 ar
164 5587 44 28 W
274 5571 133 40 belasting
431 5578 107 27 bestaat
563 5584 28 20 er
615 5578 90 26 sedert
719 5576 59 27 vele
791 5576 78 33 jaren
887 5584 31 17 en
935 5575 71 34 geeft

227 5610 113 53 jBoo^,
366 5619 131 28 volstrekt
523 5627 65 25 geen
617 5617 151 32 aanleiding
793 5616 41 26 tot
859 5615 146 33 practische

1083 6085 30 28 Is
1134 6091 65 22 men
1220 6081 51 30 het
1290 6090 70 20 over
1378 6081 70 28 deze
1468 6086 111 33 punten
1596 6090 69 20 een»
1683 6080 165 38 geworden,
1859 6080 56 30 dan
1926 6081 45 30 zal

1043 6138 53 20 een
1117 6126 105 37 beroep
1243 6123 117 30 worden
1381 6124 112 38 gedaan
1513 6132 37 30 op
1570 6123 50 30 het
1641 6125 100 35 groote
1765 6120 136 40 publiek,
1922 6126 48 26 ten

1043 6170 84 30 einde
1147 6165 155 40 geldelijke
1325 6165 227 35 ondersteuning
1573 6169 27 24 te
1625 6165 152 35 erlangen,
1799 6164 109 28 hieruit
1928 6165 45 28 zal

1043 6222 56 21 een
1117 6209 85 31 fonds
1222 6207 117 31 worden
1361 6206 211 38 samengesteld
1591 6210 41 25 tot
1654 6204 129 39 dekking
1806 6204 52 31 der
1869 6206 87 31 onkos-

1043 6259 60 33 ten,
1123 6250 144 32 vereisoht
1287 6256 70 20 voor
1374 6256 53 20 een
1448 6248 171 37 doelmatige
1636 6247 159 38 inrichting
1815 6256 35 20 en
1866 6249 92 27 versie-

1043 6296 69 39 ring
1130 6295 52 30 der
1205 6289 142 33 Duitsche
1352 6288 145 40 afdeeling
1508 6293 45 25 ter
1567 6288 150 39 Parijsche
1726 6289 247 39 tentoonstelling.

1080 5189 38 5 —
1136 5173 65 27 Een
1221 5174 83 34 groot
1325 5172 96 27 aastal
1433 5180 56 19 van
1500 5172 34 27 de
1548 5174 201 25 voornaamste
1762 5169 206 30 industrieolen

1038 5223 37 19 en
1106 5212 259 38 groothandelaren
1395 5212 31 27 in
1461 5212 137 37 sommige
1624 5211 142 28 artikelen
1787 5213 58 26 vdn
1863 5219 39 28 ny
1907 5219 46 20 ver-

1037 5254 78 38 heid,
1136 5258 28 25 te
1192 5252 111 37 Barlgn
1324 5252 159 38 gevestigd-,
1505 5252 112 28 fteboen
1633 5252 50 27 het
1697 5259 172 20 voornomen
1879 5261 71 31 opge-

1038 5300 51 26 vat
1115 5304 47 20 om
1189 5295 37 28 de
1254 5293 130 31 t«ttaestie
1413 5294 51 28 der
1483 5293 181 38 deelneming
1682 5303 54 19 aan
1757 5293 35 28 de
1817 5294 154 31 beraamde

1038 5335 222 33 internationale
1292 5334 237 39 tentoonstelling
1560 5337 28 25 te
1622 5334 96 35 Parijs
1749 5333 172 41 zelfstandig
1939 5342 30 25 te

1039 5379 188 32 behandelen.
1257 5376 61 31 Het
1338 5386 172 20 voornemen
1533 5376 110 28 bestaat
1664 5375 61 28 zich
1748 5375 37 37 bij
1807 5376 102 38 petitie
1926 5382 43 26 tot

1039 5424 37 30 de
1095 5421 165 39 Regeering
1279 5428 35 20 en
1338 5421 41 26 tot
1403 5418 56 28 den
1476 5417 142 38 Rijksdag
1639 5421 28 24 te
1681 5417 132 37 wenden,
1825 5421 50 26 ten
1885 5420 84 30 eindo

1039 5470 30 25 te
1090 5463 176 38 verkrijgen,
1286 5461 50 28 dat
1356 5460 34 28 de
1411 5459 70 28 zaak
1504 5469 57 18 van
1578 5463 322 35 gcuvorneraentswége
1925 5463 44 30 aal

1041 5506 119 31 worden
1181 5502 203 38 ondersteund,
1406 5510 79 20 maar
1505 5503 30 26 te
1553 5493 175 44 gelijkertijd
1748 5499 112 30 hebben
1871 5500 34 38 zij
1918 5503 50 30 het

1039 5550 71 37 plan
1130 5558 45 20 om
1196 5546 32 30 in
1250 5545 48 30 elk
1318 5541 84 41 geval
1422 5552 37 28 op
1480 5542 84 38 eigen
1585 5541 138 30 krachten
1743 5544 169 35 stounende,
1932 5545 37 28 de

1041 5590 72 28 eaak
1142 5597 51 21 soo
1221 5585 137 40 mogelijk
1387 5584 44 30 uit
1461 5588 28 25 te
1517 5583 120 35 maken,
1658 5583 71 27 door
1749 5582 38 37 bij
1809 5584 161 32 voldoende

1039 5630 183 38 deelneming
1241 5630 32 28 in
1294 5630 60 27 hun
1377 5624 172 32 voorstellen
1560 5623 56 30 ook
1628 5623 104 28 zonder
1742 5623 54 28 den
1809 5623 158 33 officieelen

1041 5673 126 35 bystand
1189 5672 52 30 der
1261 5669 151 39 regeering
1434 5673 28 24 te
1482 5674 184 31 exposeeror.

1083 5714 50 27 Bir
1142 5721 57 20 nen
1213 5713 125 35 weinige
1352 5713 103 35 dagen,
1469 5719 50 20 zoo
1534 5708 87 30 meldt
1637 5707 34 27 de
1682 5708 151 28 Breslauer
1843 5708 126 39 Zeitung,

1041 5754 96 27 zullen
1168 5754 229 37 vergaderingen
1427 5752 32 28 in
1488 5751 37 30 de
1557 5747 150 31 hoofdstad
1727 5750 118 27 worden
1866 5751 103 38 belegd

1042 5799 44 25 tot
1116 5794 159 38 bijwoning
1304 5805 136 19 waarvan
1467 5791 222 35 indu3trieelon,
1714 5790 185 31 beoefenaars
1919 5793 52 28 der

1041 5836 124 30 schoono
1185 5836 136 35 kunsten,
1341 5837 52 27 der
1413 5835 248 37 wetecsehappon,
1683 5837 74 28 enz.,
1779 5832 96 27 zullen
1897 5842 56 20 wor-

1041 5878 57 28 den
1117 5877 216 37 uitgenoodigd.
1377 5877 47 38 Op
1446 5876 47 28 die
1515 5872 191 40 vergadering
1724 5871 63 39 zal,
1814 5883 71 20 naar
1905 5884 65 20 men

1042 5920 164 34 verneemt,
1228 5924 53 20 een
1302 5917 162 30 commissie
1485 5917 117 28 worden
1624 5915 151 34 benoemd,
1798 5923 56 20 aan
1877 5916 94 28 welke

1041 5961 37 28 do
1108 5957 69 32 taak
1204 5957 45 30 zal
1278 5959 118 30 worden
1424 5960 201 37 opgedragen,
1652 5966 46 21 om
1720 5955 107 31 binnen
1848 5956 123 32 zekeren

1042 6001 54 40 tijd
1127 5999 175 30 voorstellen
1332 6000 32 27 in
1393 6004 30 25 te
1453 6001 119 34 dienen,
1594 5998 131 38 geschikt
1746 5998 102 37 geacht
1866 6007 47 20 om
1936 6001 35 27 de

1041 6043 73 31 zaak
1135 6051 37 27 op
1192 6041 48 28 het
1260 6044 116 34 getouw
1397 6044 30 26 te
1446 6045 94 26 zetten
1561 6041 70 28 door
1645 6040 83 37 eigen
1749 6039 149 28 krachten.

1080 4344 54 33 Uit
1163 4343 149 31 Munchen
1338 4338 92 30 wordt
1455 4345 54 20 aan
1538 4338 35 28 de
1603 4339 233 43 Augjburgscho
1856 4348 116 39 Allgem.

1038 4390 117 35 Zeitung
1175 4384 130 33 bericht,
1328 4381 50 28 dat
1397 4378 136 28 tusschen
1552 4378 34 28 do
1605 4384 184 34 gematigden
1811 4396 37 19 en
1869 4391 35 26 de
1925 4391 31 27 ul-

1038 4430 72 31 tra's
1140 4428 91 31 onder
1259 4424 35 30 de
1330 4420 282 32 ultramontaanscfn
1655 4423 85 39 partij
1770 4426 102 32 aldaar
1900 4440 71 21 eene

1039 4470 156 35 scheuring
1217 4469 25 26 is
1263 4469 143 26 ontstaan.
1428 4462 94 28 Reeds
1547 4470 123 28 vroeger
1690 4467 85 27 stond
1788 4468 43 27 dit
1847 4474 27 22 f!
1886 4479 69 22 voor-

1038 4514 65 30 zien
1115 4534 8 13 ,
1141 4519 79 22 maar
1237 4508 37 30 de
1296 4502 190 39 oneeuigheid
1495 4514 9 26 \
1525 4501 100 31 vooral
1643 4505 71 28 övèr
1734 4496 34 38 de
1796 4513 175 30 aanstaande

1039 4553 214 34 verkiezingen)
1274 4543 78 34 heeft
1376 4546 85 27 thans
1481 4547 43 26 tot
1538 4545 35 27 de
1585 4547 162 26 verwachte
1763 4548 91 30 breuk
1866 4553 105 34 geleid.

1041 4596 60 30 Het
1129 4593 26 30 ifl
1176 4597 85 25 thans
1272 4599 50 20 zoo
1333 4597 50 20 ver
1394 4586 149 39 gekomen,
1556 4585 48 30 dat
1624 4585 71 30 zelfs
1706 4586 35 30 de
1752 4589 104 38 Bayer.
1867 4593 104 32 Kurier

1039 4635 50 31 bet
1109 4636 61 28 niet
1186 4633 102 35 langer
1307 4641 38 26 op
1370 4630 63 28 zich
1454 4626 80 30 durft
1558 4631 31 25 te
1612 4637 103 20 nemen
1735 4639 46 19 om
1806 4632 35 27 de
1856 4636 72 27 zaak
1943 4641 28 25 te

1039 4674 202 40 bewimpelen,
1263 4671 64 31 veel
1351 4670 112 32 minder
1485 4678 57 28 nog
1565 4671 27 26 te
1616 4669 178 31 ontkennen.

1084 4720 80 27 Eene
1189 4717 51 26 der
1261 4717 92 26 eerste
1370 4713 141 37 gevolgen
1537 4719 56 21 van
1613 4709 70 30 de»e
1700 4714 156 35 scheuring
1876 4710 26 33 ls
1923 4726 33 27 ge-

1038 4763 103 32 weest,
1160 4757 50 31 dat
1234 4756 27 31 al
1281 4754 35 31 do
1348 4750 102 33 ultra's
1461 4766 8 14 i
1504 4747 50 35 _'.B-
1580 4746 104 44 s'Ulïig
1721 4752 113 31 hadden
1866 4755 31 28 in
1918 4756 51 30 het

1039 4796 189 37 hoofdoomité
1250 4799 71 30 vTJóï'
1342 4789 35 38 do
1398 4794 214 38 verkiezingen,
1636 4795 129 28 terstond
1785 4795 61 30 hun
1857 4798 115 39 ontslag

1038 4841 113 35 hébben
1181 4840 164 40 ingediend.
1388 4839 46 30 Do
1460 4837 191 39 gematigden,
1674 4835 178 31 behoorende
1873 4841 43 26 tot
1936 4841 35 27 de

1039 4884 326 40 Beiersch-patriotsche
1397 4880 84 40 partij
1495 4903 7 15 ,
1530 4880 110 30 hebben
1662 4879 129 30 terstond
1802 4879 35 28 de
1848 4880 123 39 noodige

1039 4926 194 32 maatregelen
1253 4933 150 32 genomen,
1424 4932 46 20 om
1498 4923 63 30 hua
1573 4919 116 32 invloed
1702 4930 38 30 op
1750 4920 34 30 de
1795 4923 176 28 aanstaande

1038 4971 206 35 verkiezingen
1264 4978 50 19 zoo
1335 4965 133 39 krachtig
1486 4964 135 40 mogelijk
1641 4968 28 26 te
1690 4965 73 28 doen
1782 4959 136 43 golden..

1080 5011 44 31 Er
1141 5009 44 32 zal
1207 5010 109 31 weldra
1337 5017 52 21 een
1416 5009 122 38 tbêroajj
1559 5008 37 38 Öp
1611 5007 34 30 do
1796 5004 31 30 in
1839 5004 50 28 hsst
1897 5003 73 30 licht

1038 5053 119 28 worden
1178 5049 157 40 gezonden.
1367 5044 80 35 Voor
1468 5049 43 28 dit
1530 5049 70 30 stuk
1619 5049 94 28 tracht
1734 5057 66 19 men
1821 5047 84 28 thans
1917 5055 52 20 een

1038 5096 85 34 groot
1142 5092 98 31 aantal
1260 5091 282 38 onderteekeningen
1553 5095 28 24 te
1592 5089 164 38 verkrijgen
1768 5098 56 20 van
1835 5095 133 28 mannen,

1041 5134 70 27 wier
1129 5143 105 19 namen
1256 5133 31 27 in
1309 5133 50 27 het
1377 5133 69 27 land
1467 5141 53 19 een
1538 5133 111 34 goeden
1669 5131 90 28 klank
1780 5131 120 28 hebben.

1077 3680 45 28 Da
1155 3679 85 28 ledeu
1261 3680 52 27 der
1333 3679 278 30 nationaal-liberale
1631 3681 85 38 partij
1740 3681 31 30 in
1793 3681 54 31 den
1873 3684 83 37 Rijks-

1035 3722 56 37 dag
1111 3720 57 37 zijn
1194 3729 71 20 voor
1283 3729 51 19 een
1352 3730 71 27 paar
1443 3720 93 38 dagen
1561 3720 151 38 insgelijks
1735 3723 236 37 bijeengekomen

1035 3774 46 19 om
1111 3763 44 28 dit
1188 3762 174 34 onderwerp
1394 3765 30 24 to
1455 3762 176 35 bespreken;
1655 3764 37 35 bij
1716 3761 46 31 die
1782 3758 189 45 gelegenheid

1035 3806 113 31 hebben
1181 3802 61 30 ficb.
1278 3800 109 31 slocbts
1410 3802 104 28 enkele
1533 3807 141 26 steinmtn
1695 3809 48 25 ten
1762 3806 131 38 opzichte
1915 3817 57 20 van

1035 3840 184 41 écßlöëmlng
1240 3852 53 20 aan
1315 3843 136 27 badoelde
1472 3844 239 39 tentoonstelling
1730 3848 200 31 doenhooren.

1077 3888 162 37 Algemeen
1263 3892 61 21 was
1349 3892 65 19 men
1440 3893 57 19 van
1519 3886 146 35 gevoelen,
1684 3889 50 27 dat
1744 3898 54 20 een
1813 3891 158 38 weigering

1037 3941 57 19 van
1124 3924 202 37 Duitsehland,
1356 3933 47 19 om
1428 3924 63 30 deel
1508 3930 30 24 te
1559 3935 103 21 nemen
1683 3939 57 20 aan
1761 3931 34 30 do
1821 3932 150 31 beraamde

1038 3967 222 35 internationale
1292 3966 236 37 tentoonstelling
1558 3976 72 31 gesn
1662 3964 167 48 fmdcèiiger
1853 3973 118 31 invloed

1037 4025 53 20 zou
1121 4010 240 37 teweegbrengen
1391 4016 38 28 op
1457 4007 37 28 de
1527 4009 157 33 bestaande
1703 4016 268 40 verstandhouding

1037 4051 135 35 tneschen
1204 4048 194 33 Duitsehland
1429 4057 34 20 en
1496 4049 168 41 Frankrijk.
1708 4055 73 31 Men
1801 4058 98 28 achtte
1922 4058 50 30 het

1038 4097 70 31 zelfs
1139 4104 64 20 zeer
1234 4089 244 37 waarschijnlijk,
1502 4091 48 27 dat
1577 4094 35 27 de
1643 4095 328 41 tijdsomstandigheden

1037 4136 158 39 Frankrijk
1217 4134 109 30 zouden
1346 4140 105 28 nopen,
1473 4140 47 20 oui
1540 4133 50 30 het
1610 4142 155 32 opgevatte
1786 4141 67 37 plan
1866 4146 28 24 te
1910 4152 46 20 ver-

1038 4183 103 35 dagen.
1163 4179 139 30 Immers,
1323 4173 99 30 indien
1442 4175 30 25 te
1493 4174 170 38 eenigertijd
1684 4188 52 20 een
1759 4181 99 39 oorlog
1877 4188 94 25 mcchl

1038 4221 154 31 uitbreken
1222 4215 136 32 tusschen
1390 4212 131 30 Rusland
1543 4224 37 20 en
1607 4215 143 40 Ttrkijö,
1780 4220 56 32 dan
1859 4226 111 28 zouden

1038 4261 170 38 Oostenrijk
1228 4269 37 20 on
1290 4254 85 32 ïtalfö
1403 4260 54 22 wel
1486 4254 61 30 niet
1573 4256 32 31 in
1632 4259 37 27 de
1691 4261 191 39 gelegenheid
1903 4267 69 38 zijn,

1038 4316 47 18 om
1107 4312 56 21 aan
1186 4299 35 32 de
1243 4296 236 37 tentoonstelling
1498 4296 64 30 deel
1580 4302 30 25 te
1631 4309 112 22 nemen.

1077 3364 45 35 By
1144 3364 37 28 da
1200 3364 86 28 leden
1307 3374 58 19 van
1387 3364 57 28 den
1455 3365 142 35 Rijksdag
1607 3365 106 35 fcbijnt
1724 3365 135 28 evenmin
1872 3365 100 38 eenige

1035 3404 73 27 kans
1130 3409 26 22 te
1182 3405 118 26 bestaan
1320 3415 38 25 op
1381 3413 53 18 oen
1455 3407 207 24 toestemmend
1682 3405 170 34 antwoord,
1880 3413 37 28 op
1939 3405 34 27 do

1035 3451 90 25 vraag
1155 3443 27 27 of
1217 3443 196 27 Duitschland
1441 3443 44 26 zal
1508 3443 168 27 deelnemen
1693 3454 54 17 aan
1769 3444 46 26 dio
1843 3449 115 22 tentoon-

1033 3482 120 35 stelling
1165 3502 8 14 ,
1202 3487 65 31 zegt
1296 3482 35 26 de
1363 3483 141 26 Nationed
1535 3482 45 27 lib.
1613 3482 233 37 Correspondent.
1880 3483 92 27 Twee

1035 3521 73 34 vrije
1140 3521 230 35 vergaderingen
1404 3521 57 35 zijn
1491 3522 71 27 door
1589 3530 53 18 e^n
1667 3526 83 32 groot
1769 3521 97 28 aantal
1886 3519 84 31 leden

1035 3568 57 19 van
1120 3560 57 27 den
1196 3560 143 37 Rijksdag
1359 3567 71 21 over
1454 3556 43 32 dit
1517 3555 174 43 onderwerp
1704 3562 150 34 gehouden
1870 3570 35 19 en
1917 3562 56 28 ook

1035 3599 102 27 daaiia
1163 3599 122 28 bestond
1313 3609 73 26 geen
1408 3600 191 38 geneigdheid
1619 3611 46 19 om
1688 3602 35 27 de
1743 3612 89 26 vraag
1853 3602 30 28 in
1904 3604 69 28 dien

1033 3639 48 30 zin
1104 3644 27 24 te
1154 3640 149 28 beslissen.

1077 3152 34 30 In
1140 3152 37 30 de
1206 3152 126 39 kringen
1352 3152 52 30 der
1430 3151 86 31 leden
1538 3163 57 19 van
1617 3154 56 28 den
1695 3152 168 30 Bondsraad
1884 3154 90 30 houdt

1035 3206 66 19 men
1123 3196 64 30 zich
1207 3196 149 38 algemeen
1377 3196 172 38 overtuigd,
1570 3196 50 31 dat
1641 3196 111 38 gemeld
1769 3196 124 31 lichaam
1911 3196 63 32 eich

1035 3237 45 30 zal
1103 3239 155 28 verklaren
1280 3243 85 32 tegon
1376 3240 35 27 de
1422 3237 139 31 officieele
1573 3239 182 39 deelneming
1765 3247 58 21 van
1835 3240 123 30 Dttitsch-

1035 3280 70 28 land
1124 3291 56 18 aan
1202 3281 35 28 de
1259 3280 223 30 internationale
1509 3278 239 41 tentoonstelling
1778 3286 30 25 tö
1828 3279 96 40 i'arijs
1943 3282 31 30 in

1039 3322 78 27 1878
1141 3326 28 24 te
1189 3322 124 27 houden,

1291 3072 411 58 Diutschland.

3978 3667 90 31 Komt,
4083 3667 67 25 lee«t
4168 3674 31 19 en
4217 3669 76 30 leert,
4312 3669 71 26 zeide
4394 3669 32 26 de
4435 3669 63 26 heer
4508 3677 51 19 van
4578 3670 46 25 der
4642 3669 109 26 Hoeven
4767 3669 43 25 tot
4820 3667 69 25 hem.

3946 3699 115 33 Spreker
4085 3698 94 26 erkent
4205 3707 109 22 gaarne,
4343 3700 47 26 dat
4416 3700 35 32 hij
4476 3702 28 25 ia
4527 3700 91 26 kenws
4636 3709 32 18 en
4685 3700 85 27 talent
4789 3699 33 33 bij
4841 3699 51 26 den

3945 3732 61 25 heer
4024 3738 52 18 van
4088 3730 47 26 der
4147 3730 107 26 floeren
4272 3732 57 24 niet
4344 3733 28 22 in
4390 3732 51 25 den
4459 3733 126 25 schaduw
4602 3733 40 25 zal
4661 3733 84 26 staan.
4763 3732 43 33 Hij
4819 3732 73 26 heeft

3946 3764 98 32 daarop
4062 3762 73 27 nooit
4154 3762 150 31 aanspraak
4320 3763 128 30 gemaakt
4465 3772 33 17 en
4517 3765 26 24 al
4559 3764 66 32 zijne
4643 3765 94 26 kennis
4755 3772 33 19 en
4806 3765 86 25 studie

3946 3797 39 25 nit
4003 3795 98 26 boeken
4117 3797 89 28 geput,
4224 3800 76 19 maar
4316 3794 58 25 zich
4391 3795 87 25 steeds
4496 3796 32 25 de
4546 3797 113 28 vrijheid
4677 3797 213 28 voorbehouden,

3946 3829 41 26 die
4013 3828 117 26 bronnen
4156 3833 32 25 op
4214 3826 27 25 te
4266 3831 103 26 sporen,
4397 3824 43 26 die
4459 3827 32 24 de
4511 3827 73 24 beste
4600 3828 57 31 zijn.
4693 3829 41 25 En
4750 3836 38 18 nu
4804 3830 24 24 is
4845 3830 47 25 het

3946 3861 66 30 boek
4038 3868 52 20 van
4115 3863 52 21 van
4193 3857 141 28 Deventer,
4357 3857 53 25 met
4428 3857 48 32 zija
4496 3857 128 26 beruchte
4644 3859 136 32 drukfout,
4795 3861 97 33 geheel

3946 3893 176 37 geïnspireerd
4142 3892 65 25 door
4222 3891 32 26 de
4272 3889 197 33 planterepartij
4488 3896 30 18 en
4528 3891 162 31 geschreven
4709 3899 43 18 om
4769 3893 60 30 hen,
4847 3894 44 26 die

3946 3930 57 27 zich
4029 3935 32 26 op
4087 3926 32 26 de
4143 3924 97 32 hoogte
4267 3922 47 25 der
4332 3920 132 26 koloLiale
4483 3920 83 26 zaken
4585 3922 138 26 wenschen
4742 3925 26 24 te
4786 3925 103 31 stellen,

3946 3965 26 25 te
3987 3959 220 30 cxdoctrinecren.
4280 3985 149 7 .„.,..
4494 3984 7 7 .
4591 3986 5 4 .
4641 3985 8 7 ,
4677 3985 21 2 _
4747 3986 6 7 .
4787 3987 26 4 _

3980 3994 78 28 Heeft
4084 3993 32 27 de
4133 3991 61 27 heer
4212 3994 51 21 van
4280 3985 81 28 Twist
4377 3985 57 26 niet
4460 3985 111 31 onlangs
4589 3993 27 18 in
4635 3985 31 26 de
4677 3985 93 26 Eersts
4787 3987 102 26 Kamer

3947 4030 97 28 erkend
4080 4028 46 26 dat
4149 4020 158 32 individueel
4332 4017 133 28 landbezit
4488 4017 28 26 in
4540 4013 193 31 Midden-Java
4749 4026 32 18 en
4800 4019 89 26 eld-.rs

3947 4067 32 24 de
4005 4061 115 28 normale
4147 4059 37 26 tot
4192 4055 78 31 stand
4294 4061 60 20 was.
4390 4051 39 27 Ea
4447 4051 70 26 moet
4533 4050 109 34 spreker
4658 4050 158 26 herinneren
4834 4059 53 18 aan

3950 4098 31 26 de
4007 4095 93 28 critiek
4126 4098 51 21 van
4202 4091 46 26 het
4271 4085 165 28 academisch
4459 4083 171 34 proefschrift
4645 4090 53 19 van
4716 4089 47 19 mr.
4781 4083 89 32 Levys-

3947 4130 66 27 sohn
4031 4127 128 31 Norman,
4181 4133 51 19 aan
4257 4123 46 26 het
4323 4119 152 34 Tijdschrift
4500 4123 56 21 van
4574 4115 178 30 Ked-Indit;
4772 4122 50 18 aan
4840 4116 47 25 het

3946 4170 81 22 gezag
4052 4169 52 19 van
4131 4159 131 34 professor
4286 4155 110 33 Keyzcr,
4421 4152 41 26 die
4487 4149 128 33 betoogde
4650 4148 47 25 dat
4715 4148 170 25 communaal

3948 4196 135 26 landbezit
4108 4193 24 27 is
4157 4195 213 27 samengewevcn
4396 4186 53 27 met
4468 4183 31 27 de
4515 4182 123 28 Indische
4656 4180 178 33 huishouding
4851 4187 33 19 en

3947 4230 51 26 den
4016 4227 139 27 lndischen
4174 4222 159 33 godsdienst.
4553 4241 1 2 ■
4654 4252 91 4 ____
4826 4244 15 12 v.

3979 4261 40 26 En
4038 4261 71 25 moet
4127 4259 107 31 spreker
4253 4257 48 25 den
4319 4256 60 26 heer
4396 4260 53 21 van
4468 4252 46 26 der
4530 4250 109 28 Hoeven
4652 4248 156 25 herinneren
4827 4246 58 28 hoe,

3946 4293 139 32 hangende
4116 4291 46 27 het
4196 4287 146 30 onderzoek
4367 4294 51 19 van
4448 4287 61 26 1837
4539 4284 64 27 door
4628 4281 32 27 de
4684 4278 200 35 planterspartij

3947 4328 100 26 allerlei
4074 4324 161 34 ingrypande
4264 4320 178 33 maatregelen
4466 4319 48 33 zijn
4532 4316 191 35 doorgedreven
4735 4320 11 18 r
4773 4315 48 22 hoe
4839 4315 47 21 net

3947 4358 227 33 Preangerstelsel
4192 4355 71 28 werd
4279 4354 143 33 ingevoerd
4441 4361 31 19 en
4489 4352 32 27 de
4534 4352 92 26 Staten
4643 4348 129 30 Generaal
4788 4348 81 27 tegen-

3946 4400 64 19 over
4033 4400 47 19 een
4102 4393 60 30 fait
4188 4390 129 32 accompli
4342 4387 50 32 zijn
4416 4385 155 34 geplaatst?
4605 4383 56 28 Hoe
4687 4381 61 25 deze
4765 4381 122 24 Minister

3946 4433 61 19 eene
4025 4422 253 33 allergewichtigste
4297 4420 152 31 verklaring
4467 4419 106 33 aflegde,
4587 4417 96 27 zonder
4700 4415 54 39 dat^
4762 4415 61 22 hem
4843 4415 30 21 be-

3946 4457 71 28 kend
4033 4463 54 20 waa
4106 4457 47 26 net
4169 4453 167 33 einaverslag
4352 4459 52 21 van
4422 4452 46 26 het
4476 4450 144 27 onderzoek
4630 4457 51 20 van
4693 4448 58 25 186;
4772 4448 117 22 omtrent

3950 4493 31 26 do
3999 4492 110 26 rechten
4126 4496 51 20 van
4195 4489 50 27 den
4261 4486 122 28 ïüandcr
4401 4493 33 26 op
4450 4486 50 32 zijn
4518 4485 92 34 grond.

3979 4525 56 32 Spr.
4051 4525 24 24 ia
4093 4525 54 24 niet
4156 4522 99 33 gerust,
4266 4521 46 25 dat
4331 4520 31 25 de
4378 4519 188 25 koffiecultuur
4583 4517 40 26 zal
4635 4515 135 27 behouden
4781 4515 105 28 blijven.

3946 4552 54 33 ILt
4017 4557 107 27 bestunr
4141 4563 26 19 in
4185 4553 83 32 Indië,
4285 4553 32 26 de
4333 4551 117 28 bureaux
4467 4550 59 28 hier
4541 4550 103 27 hebben
4663 4556 46 20 een
4727 4546 80 28 ander
4828 4545 61 26 deel

3946 4599 31 18 en
3994 4590 106 27 worden
4117 4586 190 34 voortgeduwd
4325 4587 65 24 door
4407 4584 31 26 de
4455 4583 206 33 planterspartij.

3978 4623 61 27 Men
4056 4620 106 34 spreekt
4179 4628 52 19 van
4248 4617 148 34 vrijwillige
4415 4616 135 33 aanplant,
4566 4623 73 19 maar
4651 4615 39 26 als
4700 4613 190 33 dcßegeermg

3945 4656 32 27 de
4003 4655 117 27 controle
4146 4661 32 25 op
4205 4654 48 25 den
4283 4650 133 34 aanplant,
4435 4648 64 34 pluk
4515 4657 32 18 en
4566 4648 135 33 bereiding
4717 4645 112 34 opgeeft,
4846 4645 41 25 zal

3944 4696 28 19 er
3991 4689 54 25 niet
4064 4685 57 28 veel
4137 4685 79 26 kol'Qe
4233 4685 27 25 in
4279 4684 32 25 de
4328 4681 367 35 gourernemectspakhuizen
4714 4680 102 26 komen.

3976 4720 41 27 En
4042 4719 72 27 moet
4129 4724 53 26 spr.
4200 4717 156 26 herinneren
4374 4721 50 19 aan
4449 4714 45 25 het
4513 4713 105 33 ontslag
4636 4720 51 19 van
4704 4711 50 26 den
4772 4711 116 25 resident

3944 4753 174 27 Kenchenius,
4142 4750 91 25 omdat
4259 4748 35 32 hij
4322 4755 33 25 op
4371 4747 63 26 Solo
4460 4747 32 25 de
4507 4744 154 27 inlandsche
4680 4743 141 32 bevolking
4838 4742 33 26 be-

3940 4783 137 26 schermde
4102 4785 78 30 tegen
4206 4781 32 24 do
4264 4779 139 33 planters?
4436 4778 58 25 Hoe
4519 4785 33 25 op
4578 4778 149 28 Samarang
4754 4775 64 24 door
4834 4775 51 22 den

3939 4817 105 25 rechter
4069 4822 47 17 eeß
4142 4813 111 32 planter,
4280 4809 43 26 die
4350 4817 46 19 een
4413 4808 123 27 inlander
4552 4808 53 25 had
4623 4805 171 31 mishandeld,
4814 4807 71 22 werd

3939 4846 204 33 vrijgesproken,
4162 4843 105 26 «-omdat
4285 4843 39 25 dit
4343 4848 100 19 usance
4572 4840 40 30 Bij
4630 4839 45 25 het
4685 4837 200 26 kultunrstelsel

3940 4879 143 25 bestonden
4101 4876 41 26 die
4159 4873 164 27 misbruiken
4339 4873 63 24 niet.
4421 4871 60 26 Men
4501 4871 52 26 kan
4571 4878 45 17 een
4633 4869 112 32 planter,
4760 4869 126 31 huurder,

3940 4910 156 33 erfpachter,
4124 4907 116 30 bezitter,
4266 4905 41 26 die
4335 4904 48 26 den
4401 4903 105 26 Javaan
4530 4900 167 32 mishandelt,
4715 4900 66 26 niets
4801 4900 65 27 doen
4879 4912 6 21 -,

3939 4946 31 22 de
3987 4943 162 28 ambtenaar,
4167 4939 41 25 die
4224 4938 48 31 zija
4292 4937 84 32 plicht
4391 4937 56 24 niet
4465 4936 69 30 doet,
4551 4935 85 26 wordt
4652 4933 109 33 afgezet.

3970 4975 41 27 En
4037 4974 51 27 dan
4114 4985 31 6 —
4170 4971 31 26 de
4231 4969 84 27 brand
4341 4969 45 25 dor
4411 4967 213 26 tabaksloodsen.
4657 4965 59 27 Ook
4734 4967 48 25 dat
4798 4967 89 26 wordt

3939 5009 78 26 thans
4032 5014 97 20 usance
4146 5002 135 35 genoemd.
4313 5001 63 27 Men
4393 5000 72 27 heeft
4481 5007 59 19 zeer
4565 4998 79 27 breed
4662 4998 141 33 uitgeweid
4820 5006 66 20 over

3939 5043 46 26 het
4010 5037 171 31 onderscheid
4198 5036 125 27 tusschen
4351 5034 180 26 conservatief
4545 5040 32 18 en
4593 5034 120 25 liberaal.
4747 5031 58 32 Spr.
4824 5031 46 26 her-

3939 5078 89 26 innert
4052 5074 57 28 zich
4127 5070 74 34 altijd
4227 5061 32 37 de
4276 5068 66 28 eude
4361 5067 154 32 annecdote,
4532 5065 41 30 die
4592 5066 99 34 eeuwig
4707 5072 73 20 waar
4798 5063 84 33 blijft.

3940 5113 38 24 De
3996 5108 215 28 conservatieven
4228 5104 86 28 willen
4332 5105 60 25 sehr
4409 5104 59 28 viel,
4487 5101 31 26 de
4535 5101 130 26 liberalen
4683 5101 79 25 lieber
4781 5101 72 25 alles.

3973 5144 63 28 Men
4052 5141 106 35 spreekt
4175 5146 52 21 van
4245 5137 180 32 neutraliteit;
4442 5143 74 19 maar
4534 5134 31 34 zij
4583 5135 22 26 is
4623 5134 56 27 riet
4687 5140 70 20 meer
4766 5133 27 26 te
4801 5132 71 27 hand-

3941 5179 86 26 haven
4044 5185 35 18 na
4096 5176 20 26 's
4129 5174 135 27 Ministers
4280 5172 63 27 rede
4359 5180 33 24 op
4409 5174 33 24 27
4461 5169 124 28 October.

3974 5212 53 26 Het
4044 5212 151 27 minimum,
4214 5206 46 27 dat
4277 5206 78 25 thans
4371 5212 53 25 nog
4442 5202 158 27 bereikbaar
4616 5202 30 31 is,
4659 5207 47 20 zou
4716 5200 104 26 kunnen
4830 5207 59 24 zyn:

3946 5246 24 25 1'
3989 5244 143 31 erkenning
4149 5248 53 20 van
4220 5238 126 34 aanplant
4363 5245 52 19 van
4433 5236 79 26 koffie
4530 5233 39 28 als
4590 5233 145 33 belasting;
4802 5232 69 26 hand-

3941 5280 100 27 having
4058 5283 52 19 van
4128 5275 32 25 do
4178 5272 180 26 ambtenaren,
4371 5271 41 25 die
4430 5270 32 26 de
4478 5268 155 26 inlandsche
4650 5267 142 31 bevolking
4808 5269 79 28 tegen

3943 5311 31 25 de
3991 5310 118 28 planters
4127 5306 184 28 beschermen;
4383 5301 144 27 onderzoek
4545 5300 65 25 door
4626 5307 46 18 een
4691 5298 90 31 eerlijk
4791 5306 31 17 o»
4827 5304 45 25 par-

3941 5342 78 28 tjdig
4037 5348 67 21 man,
4122 5340 40 25 als
4179 5337 35 33 gij
4232 5337 60 25 dien
4309 5335 97 26 vinden
4422 5334 74 28 kunt,
4514 5339 66 19 naar
4598 5331 32 25 de
4641 5331 171 27 misbruiken,
4821 5334 67 20 door

3943 5374 31 25 de
3999 5373 117 32 planters
4140 5370 27 24 in
4193 5370 32 22 de
4243 5365 190 30 verschillende
4455 5363 90 26 deolen
4563 5369 78 19 onzer
4658 5362 159 30 bezittingen
4835 5367 52 24 ge-

3941 5414 17 22 P
3973 5437 61 25 Men
4051 5433 71 27 moet
4140 5432 48 25 den
4206 5430 76 26 moed
4299 5427 110 28 hebben,
4428 5433 43 18 om
4488 5433 33 24 op
4541 5432 61 18 eene
4620 5422 141 33 beslissing
4778 5422 46 26 het
4833 5430 52 26 oog

3940 5469 26 25 te
3984 5466 111 27 honden.
4113 5464 57 32 Spr.
4188 5460 107 27 woonde
4313 5459 107 31 eenigen
4439 5457 48 32 tijd
4504 5456 110 32 geleden
4631 5456 33 25 de
4683 5456 149 31 begrafenis
4850 5456 35 32 bij

3940 5507 52 19 van
4009 5506 47 18 een
4072 5494 118 27 Fransch
4215 5489 240 31 veldmaarschalk,
4479 5487 41 26 die
4538 5494 63 19 eene
4620 5486 112 26 eervolle
4749 5486 136 33 loopbaan

3940 5532 91 25 achter
4057 5528 57 26 zich
4130 5526 60 26 had.
4225 5525 72 26 Geen
4323 5522 76 27 enkel
4426 5520 90 26 woord
4541 5519 71 26 werd
4641 5518 34 33 bij
4694 5518 48 32 zijn
4760 5520 63 31 graf
4838 5528 32 24 ge-

3940 5563 128 30 sproken;
4094 5559 52 27 alle
4172 5558 128 28 diensten,
4325 5555 67 27 door
4408 5555 59 25 hem
4485 5554 126 26 bewezen,
4628 5551 105 26 werden
4749 5554 136 30 vergeten,

3940 5597 85 25 alleen
4043 5594 89 26 omdat
4149 5593 33 32 hij
4202 5598 33 26 op
4253 5591 46 25 het
4318 5587 142 30 beslissend
4476 5585 142 33 oogenblik
4633 5583 136 28 verzuimd
4787 5583 53 26 had
4858 5585 30 24 te

3941 5627 139 28 handelen.
4448 5653 7 7 ,
4663 5649 7 7 ,
4722 5647 22 13 _■

3973 5663 40 26 De
4031 5663 63 24 heer
4110 5657 151 28 Winigeks
4279 5656 93 27 erkent
4396 5655 26 26 in
4442 5653 50 27 den
4508 5652 63 26 heer
4586 5657 53 20 van
4657 5648 46 27 der
4719 5648 167 26 Hoeveneen

3940 5704 60 19 man
4026 5701 52 21 van
4096 5691 177 33 overtuiging,
4299 5696 32 20 en
4357 5696 34 18 nu
4419 5688 59 25 hem
4502 5685 81 32 gemis
4609 5691 51 19 van
4688 5681 90 25 kenms
4796 5680 89 26 wordt

3941 5730 139 27 verweten,
4098 5725 44 28 wil
4160 5725 34 33 hij
4214 5724 48 27 wel
4279 5722 138 27 verklaren
4435 5720 47 26 dat
4500 5718 43 31 hy,
4560 5717 53 26 wat
4630 5717 59 22 Hem
4707 5711 103 32 betreft,
4824 5713 58 24 zich

3941 5763 85 25 steeds
4046 5758 116 34 beijverd
4178 5745 79 44 hWt,
4274 5757 32 26 de
4324 5754 120 27 Indische
4462 5750 152 28 toestandeni
4632 5748 26 22 te
4676 5746 85 24 leeren
4770 5744 113 26 kennen.

3978 5794 53 27 Het
4046 5793 71 27 werk
4134 5799 53 20 van
4204 5798 51 19 van
4272 5787 131 27 Deventer
4422 5786 51 25 kan
4489 5784 57 24 hier
4561 5780 90 26 echter
4661 5778 89 25 buiten
4762 5784 104 18 aanmer-

3943 5831 64 27 king
4017 5802 110 57 blifven;
4136 5826 46 26 het
4189 5825 22 26 is
4221 5824 54 27 met
4284 5824 27 24 te
4318 5820 91 33 groote
4416 5811 183 41 partijdigheid
4609 5809 165 35 geschreven.
4785 5809 100 27 Daarin

3946 5837 85 47 wnrgi?
4064 5869 44 15 ™
4133 5856 159 28 eenbewijs
4320 5859 50 20 aan
4397 5855 27 21 te
4449 5854 104 22 voeren,
4571 5845 38 25 du
4625 5842 111 33 gezegde
4755 5849 52 18 van
4833 5842 52 26 den

3946 5864 120 58 Z4n
4090 5898 53 20 van
4161 5891 50 26 den
4237 5863 85 52 Sh
4338 5882 109 35 gemist:
4465 5880 90 25 .beter
4569 5883 64 24 geen
4650 5875 143 31 producten
4832 5875 56 25 dan

3947 5904 119 52 „Tm„
4090 5924 130 31 kraokin*
4243 5928 52 20 van
4320 5919 44 39 de,
4377 5906 507 64 verplicbtinges^^jfi*

3946 5957 195 34 verschuldigd,
4159 5957 26 25 te
4367 5968 5 5 •
4383 5944 281 60 g^j»?™.
4670 5939 216 58 o*^^,*.

3947 5996 65 33 ryke
4029 5999 123 21 memorie
4168 5995 52 20 van
4238 5986 48 26 den
4304 5986 60 24 heer
4383 5983 72 21 WW
4505 5994 6 11 ,
4520 6002 175 33 ortrouwelijk
4711 6005 27 25 te
4756 6004 66 26 doeß
4840 6004 28 28 fa
4871 6019 15 6 _

3948 6033 100 54 Ke_
4064 6017 317 67 omUenWeTtoeltlnd
4396 6050 33 24 op
4447 6043 74 24 Java.
4540 6038 78 25 Heeft
4636 6037 32 25 de
4685 6037 63 25 heer
4765 6044 52 18 van
4837 6038 50 25 der

3950 6065 98 22 lichten
4064 6065 113 19 omirtm.
4325 6080 6 4 .
4371 6076 18 25 k
4423 6073 39 26 nig
4487 6078 18 25 g
4507 6078 28 18 en
4539 6077 73 18 omeß
4624 6069 11 26 i
4669 6069 99 26 Daarin
4796 6071 89 26 wordt

3952 6099 105 54 „kend!
4082 6092 107 54 dathei
4214 6087 177 53 dTlTberalen
4417 6106 84 24 alleen

4017 6151 145 66 JSondSf
4179 6155 32 51 °er
4213 6154 12 18 C
4234 6142 214 66 vroegbeTonder
4449 6145 7 17 B
4474 6142 268 56 het*cultuurs*Xl

3953 6223 81 54 Kesl°r
4069 6219 132 59 wildden*
4212 6242 60 26 heer
4298 6246 52 20 van
4376 6236 45 27 der
4437 6234 109 28 Hoeven
4565 6234 157 30 herinneren
4741 6244 51 20 aan
4808 6239 77 28 zeker

3957 6282 158 27 rirtßartikel
4142 6285 51 20 van
4209 6272 143 30 December
4382 6270 70 30 1862,
4476 6276 100 20 waarin
4603 6270 33 26 de
4661 6272 83 26 meest
4769 6272 119 28 radicale

3958 6318 106 27 nolitiek
4082 6312 67 31 werd
4166 6305 150 38 gehuldigd.
4350 6304 46 26 Dit
4409 6302 98 27 artikel
4515 6304 171 32 verspreidde
4696 6306 194 33 rechtmatigen

3958 6352 86 28 schrik
4062 6347 80 27 onder
4159 6344 30 25 da
4207 6335 285 32 liberaal-kolonialen.
4508 6335 40 27 De
4566 6338 63 26 heer
4645 6346 54 19 van
4716 6339 46 27 der
4780 6340 109 26 Hoeven

3959 6385 69 27 werd
4044 6381 131 30 algemeen
4201 6374 81 25 onder
4307 6371 32 26 de
4365 6369 129 27 liberalen
4520 6370 159 30 beschouwd
4707 6374 40 25 als
4772 6373 17 26 V
4791 6373 100 31 enfant

3959 6416 104 31 terrible
4081 6418 31 20 en
4129 6407 64 27 zelfs
4211 6405 31 26 de
4258 6403 110 27 liberale
4384 6403 78 34 partij
4480 6403 86 28 kwam
4578 6412 27 20 er
4618 6406 77 34 tegen
4704 6412 40 27 op,
4754 6405 139 33 zeggende:

3961 6462 11 13 t
3978 6458 32 15 <m
4026 6442 124 31 verraadt
4168 6446 46 20 ons

3992 6480 58 28 Ook
4065 6475 76 27 haalt
4156 6480 51 27 spr.
4220 6471 170 27 verscheiden
4398 6471 139 27 zinsnéden
4547 6480 52 19 aan
4607 6472 40 26 uit
4657 6472 45 26 het
4709 6471 182 27 Bataviaosch

3960 6509 184 33 Handelsblad
4173 6513 54 20 van
4243 6507 15 27 7
4277 6506 154 34 September
4450 6508 71 31 1865,
4546 6507 117 26 omtrent
4678 6506 32 25 de
4728 6504 164 28 verhoudicg

3961 6554 51 19 vsn
4029 6544 46 26 het
4090 6540 170 28 moederland
4277 6541 41 24 tot
4335 6539 32 27 de
4384 6539 113 32 kolonie,
4514 6540 32 26 de
4563 6537 165 31 verhouding
4743 6543 51 19 van
4812 6535 25 24 d.
4852 6534 27 24 in-

3963 6578 98 28 dustrie
4085 6582 33 27 op
4135 6573 70 27 Java
4221 6574 41 25 tot
4279 6573 33 26 de
4329 6573 155 27 inlandsche
4509 6570 149 33 bevolking.
4691 6569 71 25 Toen
4787 6566 102 38 sc.breet

3964 6614 32 26 de
4012 6612 61 26 heer
4090 6617 53 19 van
4156 6608 46 27 der
4220 6607 110 28 Hoeven
4345 6607 89 27 reedß:
4453 6614 48 26 «op
4515 6605 70 27 Java
4603 6609 64 26 geen
4676 6600 63 33 vrije
4749 6599 87 26 aibeid
4847 6599 31 24 be-

3965 6644 144 31 staanbaar
4124 6643 96 26 zonder
4238 6643 213 26 communistisch
4676 6634 41 31 Hy
4743 6634 149 28 verheugde

3943 6676 7 30 ï
3966 6687 28 20 er
4011 6677 58 28 zich
4084 6677 38 31 in,
4139 6676 48 27 dat
4201 6674 47 28 het
4266 6674 213 28 communistisch
4495 6669 156 37 grondbezit
4670 6667 156 30 daglooners
4843 6670 48 18 zou

3943 6698 9 43 1
3969 6711 182 30 aankweekra.
4185 6710 226 33 Daglooners....
4431 6706 47 27 dat
4494 6705 50 32 zrjn
4567 6700 175 35 prolttariers,
4761 6698 40 26 du
4827 6698 65 26 door

3977 2784 40 27 De
4033 2784 64 28 heer
4114 2792 58 19 van
4191 2785 106 27 Nispsn
4313 2786 157 30 antwoordt,
4489 2786 47 26 dat
4552 2786 46 25 het
4616 2785 63 30 zijne
4695 2783 141 32 bedoeling
4851 2783 33 31 is,

3945 2824 53 26 nog
4016 2818 99 26 Blechts
4133 2826 47 19 een
4198 2819 63 25 kort
4277 2819 91 25 woord
4384 2819 26 24 te
4431 2825 107 22 zeggen.
4572 2818 40 25 De
4630 2817 120 25 minister
4767 2823 51 19 van
4834 2816 35 25 ko-

3945 2850 90 26 loniën
4061 2851 73 26 heeft
4159 2859 33 24 op
4218 2851 37 26 bl.
4279 2854 32 22 52
4330 2849 167 33 aangehaald
4513 2857 63 19 eene
4593 2848 122 27 zinsnede
4731 2855 53 19 van
4802 2848 85 31 Baud,

3947 2883 83 24 welko
4056 2883 120 26 zinsnede
4201 2891 48 18 zou
4273 2884 103 25 moeten
4396 2882 125 26 strekken
4547 2883 44 24 ten
4610 2880 138 28 voordeele
4766 2888 53 18 van
4837 2880 51 26 den

3945 2915 194 26 individucelen
4165 2915 149 25 landbouw.
4348 2914 112 32 Spreker
4486 2914 118 31 beteogt,
4630 2913 46 25 dat
4701 2913 41 25 die
4763 2914 123 25 zinsnede

3945 2948 65 34 juist
4028 2948 46 25 het
4089 2947 138 33 tegandoel
4245 2947 66 31 zegt,
4329 2944 77 26 Baud
4421 2946 72 32 zegt:
4519 2944 163 28 individueel
4698 2944 135 26 landbezit
4851 2953 33 25 op

3945 2981 72 27 Java
4032 2981 24 26 is
4074 2988 60 18 eene
4154 2976 151 30 onbekende
4325 2978 74 32 zaak,

3980 3013 40 27 En
4045 3021 37 18 nu
4106 3012 119 34 sprekers
4251 3011 131 26 conclusie
4401 3006 44 35 (d*e
4462 3011 145 26 voorzitter
4626 3011 41 26 zal
4684 3009 126 28 tevreden
4827 3011 59 33 zijn,

3947 3047 46 27 dat
4019 3045 34 35 hij
4081 3047 41 26 tot
4147 3045 64 33 zijne
4238 3044 131 28 conclutie
4394 3043 133 34 genaderd
4546 3044 32 31 is)
4597 3043 58 27 laat
4672 3052 46 19 ons
4735 3045 151 32 voortgaan

3947 3089 64 19 onze
4036 3080 125 27 vrienden
4187 3086 51 19 aan
4264 3078 32 26 de
4320 3084 97 27 groene
4442 3077 66 26 tafel
4534 3085 33 26 op
4593 3076 50 28 den
4661 3077 107 27 rechten
4786 3086 58 24 weg
4860 3080 27 25 te

3947 3115 103 32 helpen,
4068 3113 57 27 laat
4141 3120 47 20 ons
4206 3112 56 27 niet
4278 3111 118 34 vijandig
4414 3118 47 25 zyn
4479 3112 27 26 in
4522 3110 31 28 de
4571 3110 156 37 bestrijding
4744 3120 17 18 a
4774 3112 83 32 fond.

3983 3149 47 28 Uit
4048 3149 31 27 de
4093 3149 74 27 verte
4185 3146 64 27 hoor
4266 3146 28 26 ik
4311 3159 32 6 —
4361 3146 60 33 zegt
4436 3146 109 33 spreker
4564 3159 28 6 —
4612 3154 102 19 onweer
4731 3146 113 26 naderen
4864 3146 27 26 in

3951 3184 50 27 den
4018 3191 76 20 vorm
4110 3190 52 20 van
4180 3181 122 28 moderne
4323 3180 320 34 levensbeschouwingen,
4662 3187 52 20 van
4734 3180 157 32 bestrijding

3951 3226 53 20 van
4020 3219 46 26 het
4083 3216 208 31 rechtsbestnnr,
4305 3214 71 34 jade
4388 3213 189 34 mogelijkheid
4589 3213 63 27 zelfs
4662 3221 52 20 van
4731 3211 47 27 het
4789 3213 86 26 rechtn-

3951 3250 111 27 bestuur
4088 3252 46 25 der
4160 3249 157 27 Katholieke
4336 3247 73 27 kerk.
4446 3247 33 27 Ik
4496 3247 104 27 wensch
4618 3247 39 26 dit
4675 3253 103 20 onweer
4793 3247 56 25 niet
4865 3247 27 25 te

3951 3285 169 27 verhaasten.

3984 3318 40 26 De
4042 3318 61 26 heer
4128 3315 146 31 Insikger,
4299 3314 65 26 door
4389 3314 50 25 den
4460 3313 64 26 heer
4540 3320 51 19 van
4610 3312 46 26 der
4672 3311 109 27 Hoeven
4799 3311 92 26 in-het

3952 3350 81 27 debat
4050 3348 156 30 betrokken,
4225 3347 117 26 wtnscht
4358 3347 59 25 dien
4435 3346 109 39 spreker
4559 3347 26 22 te
4604 3343 210 27 beantwoorden.

3985 3381 57 26 Wie
4058 3387 51 20 van
4128 3381 32 25 de
4179 3380 63 28 drie,
4260 3379 33 26 de
4310 3379 96 25 heereH
4427 3372 146 37 Wintgens,
4590 3376 122 32 Insinger
4728 3374 31 26 of
4773 3381 52 19 van
4843 3374 47 26 der

3951 3415 117 28 Hoeven,
4085 3413 71 26 heeft
4173 3412 46 26 het
4237 3412 93 30 langst
4348 3418 63 18 over
4428 3410 32 25 de
4481 3409 148 26 consversie
4645 3406 168 34 gesproken?

3984 3446 39 26 D*
4038 3446 63 26 heer
4119 3452 50 19 van
4188 3445 45 25 der
4251 3442 107 27 Hoeven
4377 3442 71 25 heeft
4467 3449 50 18 aan
4534 3442 32 25 de
4584 3441 61 26 rede
4663 3446 51 20 van
4733 3441 50 25 den
4799 3439 77 25 mieis-

3950 3478 41 25 ter
4007 3485 52 17 van
4077 3478 122 25 koloniën
4225 3483 52 17 van
4293 3477 32 24 27
4344 3472 116 26 October
4478 3480 46 19 een
4546 3472 105 26 sterken
4669 3472 77 25 steun
4762 3477 128 26 gegeven,

3951 3517 76 17 maar
4050 3517 58 18 men
4127 3508 131 30 herhaalt,
4276 3507 47 26 dat
4341 3506 126 26 diezelfde
4485 3504 129 33 sprekers,
4631 3503 41 26 die
4690 3503 32 26 de
4740 3500 133 30 noodzake-

3950 3541 109 31 lijkheid
4076 3541 46 26 der
4140 3540 135 27 conversie
4299 3539 83 26 heden
4403 3537 139 33 bcpUittn,
4567 3537 63 26 toen
4651 3536 28 27 in
4695 3535 181 40 yertrouwelij-

3947 3567 50 31 k'en
4024 3573 39 24 zin
4082 3573 99 32 gezegd
4199 3573 116 26 hebben:
4343 3570 40 33 wij
4409 3574 103 22 moeten
4531 3570 41 26 die
4590 3569 142 31 conversie,
4748 3569 72 25 want
4838 3568 52 26 dan

3947 3605 86 25 wordt
4050 3604 32 26 de
4098 3605 104 25 Javaan
4221 3612 57 19 arm
4297 3612 31 19 en
4345 3604 52 26 dan
4414 3604 106 26 kunnen
4538 3604 39 32 wij
4597 3602 93 27 verder
4707 3609 78 26 gaan.

3980 3635 63 26 Men
4061 3635 44 25 wil
4122 3637 48 25 den
4188 3637 106 25 Javaan
4315 3637 230 25 beschermen....
4567 3644 43 18 om
4628 3635 60 26 hem
4704 3639 27 22 te
4749 3634 139 27 berooven.

3981 2036 112 31 Spreker
4117 2035 22 24 is
4166 2033 45 27 vol
4235 2040 97 22 vreeze,
4358 2031 54 26 wat
4437 2031 31 26 de
4486 2031 122 26 Indische
4624 2031 81 26 zaken
4723 2031 107 30 betreft,
4848 2031 35 32 hij

3947 2070 89 25 vreest
4052 2068 50 26 den
4120 2066 105 27 invloed
4243 2073 52 19 van
4311 2063 130 33 toelating
4459 2072 52 19 van
4527 2063 213 33 vreemdelingen
4756 2070 34 26 op
4806 2063 79 31 Java,

3947 2115 32 6 —
4004 2107 65 20 voor
4094 2099 157 26 overdreven
4280 2096 162 33 uitbreiding
4469 2104 51 19 van
4548 2096 168 32 Europeesch
4743 2104 83 26 gezag
4853 2105 34 18 en

3947 2132 180 35 Europeesche
4153 2131 161 31 Staatszorg,
4336 2143 32 6 —
4393 2135 66 20 voor
4482 2128 47 26 het
4553 2128 96 26 verlias
4668 2130 46 25 der
4729 2130 159 26 voordcelen

3947 2167 81 26 welke
4046 2167 69 25 Java
4129 2164 119 33 oplevert
4264 2170 33 18 en
4311 2161 84 26 welke
4413 2161 184 33 particulieren
4607 2161 56 26 zich
4674 2160 86 27 willen
4770 2161 105 33 toeëige-

3947 2207 58 21 neDj
4031 2212 31 6 —
4088 2204 66 20 voor
4179 2196 32 26 de
4232 2194 172 32 handhaving
4422 2194 45 26 der
4485 2194 187 26 koffiecuttuur
4688 2194 84 31 (dank
4788 2202 51 19 aan
4858 2194 32 26 de

3948 2230 162 28 onbedachte
4128 2228 207 32 afschrijvingen
4351 2235 32 18 en
4401 2235 51 18 aan
4468 2226 46 26 het
4522 2226 124 33 uitgeven
4656 2226 46 27 der
4710 2226 83 33 goede
4806 2235 66 25 gron-

3947 2265 50 25 den
4023 2271 51 18 aan
4100 2259 201 34 particulieren,
4320 2259 93 26 zoodat
4430 2267 65 18 voor
4514 2259 46 25 het
4578 2259 214 26 Gouvernement
4808 2268 81 25 geene

3946 2296 117 34 gronden
4081 2301 72 20 meer
4168 2293 181 31 overblijven),
4368 2306 32 6 —
4416 2298 66 19 voor
4499 2291 33 26 de
4550 2291 154 32 exploitatie
4721 2298 52 20 van
4792 2293 33 26 de
4840 2293 33 27 Ja-

3946 2337 84 18 vanen
4056 2328 65 25 door
4146 2324 180 33 Earopeesche
4350 2324 197 32 particulieren,
4564 2324 137 26 waardoor
4720 2324 34 33 hij
4773 2324 103 34 proleta-

3946 2362 54 26 rié'r
4017 2360 39 27 zal
4074 2359 111 31 worden,
4204 2372 31 4 —
4251 2363 65 20 voor
4333 2357 46 25 het
4395 2356 162 26 ontfutselen
4573 2363 53 20 van
4643 2357 118 33 gronden
4780 2367 48 18 aan
4839 2360 51 26 den

3945 2395 111 25 Javaan.
4082 2405 32 5 —
4140 2396 64 20 voor
4228 2391 31 25 de
4286 2389 131 26 concessie
4434 2396 52 19 van
4502 2391 167 26 communaal
4685 2391 27 26 ia
4729 2391 163 30 individueel

3945 2424 143 31 landbezit,
4114 2425 150 30 waartegen
4289 2421 274 34 verbodsbepalingen
4587 2431 66 19 voor
4677 2424 118 39 verkoop
4825 2434 65 25 geea

3945 2457 163 27 voldoenden
4127 2454 137 33 waarborg
4281 2454 41 26 zal
4341 2454 146 33 opleveren.
4522 2456 85 27 Re?ds
4624 2457 27 26 in
4669 2457 32 27 de
4719 2458 113 28 stukken
4845 2459 47 28 der

3945 2489 157 33 begrooting
4127 2489 89 25 meent
4234 2487 109 33 spreker
4358 2490 27 24 te
4403 2489 57 26 zien
4479 2489 227 33 doorschemeren,
4723 2492 32 26 de
4773 2492 103 27 aankon-

3945 2523 91 32 diging
4061 2529 52 18 van
4137 2528 47 19 een
4205 2520 110 33 tijdstip,
4333 2529 120 18 wanneer
4472 2522 41 26 die
4531 2523 139 35 waarborg
4688 2523 39 27 z^l
4744 2525 48 32 zijn
4811 2533 64 25 opge-

3945 2555 84 26 heven
4046 2562 31 18 en
4095 2561 47 19 een
4160 2554 190 26 toestemmend
4368 2554 200 28 hoofdknikken
4584 2564 53 19 van
4656 2565 46 18 een
4710 2557 39 26 lid
4760 2561 46 22 der
4814 2565 61 18 over-

3944 2587 63 33 zijde
4023 2585 135 33 bavestigt
4174 2594 52 25 spr.
4243 2594 28 19 in
4289 2585 40 27 dit
4345 2588 136 33 gevoelen.
4500 2589 63 27 Wat
4580 2589 32 28 dc
4630 2590 136 27 conversie
4781 2590 109 31 betreft,

3944 2620 146 33 vrijwillige
4108 2619 152 34 verdeeling
4278 2620 65 27 doar
4361 2621 50 26 den
4427 2621 103 27 Javaan
4543 2630 94 26 mogen
4649 2624 39 32 wij
4701 2624 54 25 niet
4765 2622 125 31 beletten,

3944 2660 76 19 matr
4036 2652 39 33 wij
4094 2654 103 24 moeten
4213 2660 48 19 ons
4278 2661 53 19 van
4349 2654 86 26 iedere
4454 2655 97 33 pressie
4569 2656 158 26 onthouden.

3977 2685 40 26 De
4245 2686 124 28 verzoekt
4394 2687 50 27 den
4469 2689 107 33 spreker
4600 2688 63 27 toch
4681 2689 54 25 niet
4752 2687 94 26 verder
4864 2687 26 24 te

3945 2725 69 26 gaan
4030 2718 27 27 in
4075 2719 65 32 ïijno
4161 2720 219 34 beschouwingen
4396 2728 64 19 over
4478 2720 31 27 de
4525 2721 124 26 Indische
4667 2720 163 33 begrooting,
4847 2719 43 26 die

3945 2751 131 31 afgedaan
4095 2753 32 26 is.

3957 801 100 32 derwijs
4077 801 32 28 bij
4127 807 47 18 ons
4191 807 80 24 geene
4289 801 125 30 politieke
4431 809 74 19 maar
4524 810 46 18 een
4589 803 91 32 partij-
4685 801 116 34 quaeetie
4817 801 31 22 is.

3989 833 96 32 Nuttig
4100 833 22 25 is
4140 833 45 25 het
4201 833 92 26 vooral
4309 835 54 22 mc-t
4380 833 47 26 het
4443 841 52 25 oog
4512 842 33 22 op
4563 835 32 26 de
4604 831 253 35 onderwy>quaestie
4866 843 31 6 —

3956 867 39 26 dit
4018 865 145 27 Ministerie
4188 866 25 22 te
4231 865 104 25 honden
4352 872 33 24 op
4402 866 50 25 den
4470 868 99 28 goeden
4589 874 65 25 weg.
4687 868 78 25 Maar
4781 866 115 26 waartoe

3956 900 41 25 die
4015 895 202 37 ongerustheid?
4252 896 50 31 Yïij
4320 894 104 28 hebben
4441 905 54 25 nog
4512 906 81 24 geene
4610 900 59 28 wet,
4681 899 41 32 wij
4731 898 105 27 hebben
4844 904 53 26 nog

3954 932 63 27 zelfs
4032 939 53 24 nog
4100 938 81 25 geene
4198 928 113 33 grieven.

3987 966 57 27 Spr.
4061 965 22 24 is
4101 964 52 25 wat
4170 963 39 25 dit
4225 963 65 32 punt
4307 960 105 31 betreft,
4431 961 54 25 niet
4504 961 118 25 beducht
4637 970 66 19 voor
4720 963 124 33 politieke
4853 963 28 25 in-

3954 998 86 30 famie,
4065 996 50 27 wel
4133 994 115 27 beducht
4264 1000 64 19 voor
4343 992 56 26 tiet
4414 999 175 26 genoegzame
4605 996 172 31 toenadering
4793 1004 32 17 en
4843 994 54 26 niet

3953 1037 172 26 genoegzame
4152 1026 180 31 waardeering
4355 1032 67 19 voor
4439 1025 46 25 het
4501 1026 77 24 recht
4594 1032 53 18 van
4665 1026 78 25 allen.
4778 1028 117 26 Daarom

3953 1064 50 26 ziet
4020 1070 53 26 spr.
4090 1062 50 26 ook
4159 1059 143 33 cenigszins
4318 1061 77 30 tegen
4413 1057 40 26 die
4472 1058 117 32 qnaestie
4606 1065 41 25 op.

3985 1096 113 32 Spreker
4116 1085 72 35 komt
4204 1095 99 24 daarna
4319 1093 41 24 tot
4378 1090 32 26 de
4427 1090 132 26 kolosiale
4576 1090 118 32 quaestie
4704 1097 30 18 en
4744 1090 145 30 herinnert,

3953 1129 47 26 dat
4026 1129 31 25 de
4083 1127 119 27 minister
4228 1133 51 19 van
4296 1123 122 26 koloniën
4434 1129 53 26 n'g
4504 1122 56 26 niet
4576 1122 172 32 geantwoord
4765 1122 72 26 heeft
4859 1129 34 26 op

3952 1161 64 33 zijne
4033 1168 91 25 vraag,
4142 1160 53 26 met
4211 1155 162 33 betrekking
4388 1155 41 26 tot
4446 1154 169 33 overlegging
4632 1161 52 18 van
4694 1155 66 25 twee
4769 1154 124 26 Indische

3952 1194 148 32 rapporten.
4134 1193 40 26 De
4189 1191 120 26 Wisistcr
4326 1188 53 26 had
4395 1187 77 28 reeds
4489 1187 61 33 lang
4569 1194 33 26 op
4620 1186 40 27 dio
4678 1194 84 25 vraag
4785 1187 107 25 kunnen

3952 1225 177 27 antwoorden.
4646 1240 6 6 .

3985 1259 37 25 De
4048 1258 61 26 heer
4133 1264 52 19 van
4211 1256 45 25 der
4281 1253 107 27 Hoeven
4407 1253 72 26 heeft
4498 1252 125 30 beweerd,
4641 1252 46 25 dat
4704 1252 46 24 het
4768 1252 107 25 cultuur-

3952 1290 89 27 stelsel
4067 1291 21 25 is
4114 1287 142 34 ingevoerd
4280 1287 40 24 uit
4337 1285 163 33 winstbejag,
4518 1292 74 19 maar
4610 1285 89 31 beriep
4715 1283 57 26 zich
4789 1284 102 32 daarbij

3951 1331 33 22 op
4002 1323 46 26 het
4063 1330 81 25 gezag
4161 1329 51 18 van
4230 1319 48 26 den
4296 1318 64 26 heer
4375 1325 52 19 van
4444 1312 142 32 Deventer.
4603 1317 27 26 Is
4648 1316 47 26 dat
4711 1316 117 26 dezelfde
4837 1323 54 18 van

3951 1356 139 27 Deventer,
4107 1355 43 25 die
4167 1352 102 26 bekend
4285 1351 22 26 is
4325 1351 65 25 door
4406 1351 64 32 zijne
4485 1350 93 33 groote
4596 1348 145 27 drukfout?
4775 1349 53 26 Het
4844 1348 48 33 lag

3951 1396 33 27 op
4002 1388 50 26 den
4068 1395 56 25 weg
4140 1394 51 20 van
4208 1393 53 20 van
4276 1384 48 26 den
4335 1383 85 26 Bosch
4429 1390 43 19 om
4481 1381 224 34 philantropbisch
4714 1382 27 25 te
4752 1381 56 32 zijn,
4818 1383 73 24 want

3951 1421 34 33 hij
4004 1428 53 19 was
4075 1420 31 26 de
4123 1427 61 19 man
4198 1419 46 26 der
4261 1416 143 33 weldadige
4421 1416 155 32 gestichten.

3984 1453 113 34 Spreker
4113 1452 72 26 heeft
4201 1459 53 25 nog
4270 1459 65 26 geen
4352 1449 59 27 leed
4428 1456 63 20 over
4508 1450 32 25 d«
4560 1447 163 27 afkeurende
4739 1447 67 26 stem
4824 1446 65 26 door

3952 1487 60 26 hem
4030 1494 63 19 ever
4109 1485 144 28 hoofdstuk
4269 1482 30 28 II
4317 1482 152 34 (Uitgaven)
4488 1482 46 27 der
4550 1481 104 34 jongste
4671 1480 157 33 begrooting
4839 1479 41 26 uit-

3953 1520 136 34 gebracht,
4107 1519 27 27 al
4152 1519 92 27 erkent
4260 1518 34 28 bij
4315 1518 46 26 dat
4377 1518 32 26 de
4424 1515 125 35 politieke
4566 1514 119 35 qnaestie
4702 1514 70 26 terst
4788 1512 102 34 gesteld

3954 1553 85 27 wordt
4055 1553 37 33 bij
4109 1552 143 27 hoofdstuk
4269 1551 39 28 IX
4317 1572 7 11 ,
4345 1558 74 20 maar
4436 1550 34 33 hij
4489 1550 99 26 stemde
4604 1551 79 30 tegen
4700 1546 47 27 dat
4765 1546 57 26 deel
4837 1553 54 20 van

3954 1587 47 27 het
4022 1586 105 33 budget,
4144 1585 99 28 waarin
4261 1585 47 26 het
4324 1585 94 26 kwaad
4435 1585 50 25 zat.

3989 1622 56 25 Met
4068 1619 151 32 leedgevoel
4243 1618 137 26 herinnert
4396 1617 106 33 spreker
4519 1616 58 27 zich
4594 1615 74 33 altijd
4687 1622 51 19 aan
4753 1613 47 26 het
4817 1619 57 20 wan-

3956 1655 125 30 trouwen,
4100 1654 46 25 dat
4163 1652 48 32 zijn
4230 1651 83 27 vader
4329 1650 115 27 berialde
4461 1650 115 26 omtrent
4593 1650 46 25 het
4656 1648 109 26 bestuur
4782 1646 45 26 der
4844 1646 33 25 In-

3956 1687 90 26 dische
4069 1685 90 26 zaken.
4192 1684 44 32 Hij
4253 1691 53 19 was
4324 1684 54 25 niet
4396 1683 84 26 alleen
4498 1683 32 26 de
4547 1690 73 21 zion,
4636 1688 76 19 maar
4728 1681 32 25 de
4782 1678 111 32 leerling

3956 1727 53 18 van
4024 1719 48 31 zijo
4089 1719 60 32 diep
4167 1716 164 30 betreurden,
4349 1716 51 26 ook
4419 1716 64 25 door
4499 1715 32 26 de
4543 1713 157 34 tegenpartij
4709 1711 167 33 gewaardecr-

3956 1749 50 27 den
4023 1750 81 26 vader
4121 1757 31 17 en
4170 1756 33 30 op
4220 1749 47 25 dat
4284 1748 66 33 punt
4367 1748 54 25 met
4437 1748 60 25 hem
4513 1747 139 26 volkemen
4671 1747 152 28 homogeen.

3989 1783 124 24 Waarom
4139 1779 142 32 verlangde
4305 1780 32 25 de
4362 1780 64 25 heer
4449 1780 138 30 Wintgens
4609 1779 32 30 bij
4661 1778 32 25 de
4709 1776 122 26 Indische
4850 1776 31 24 be-

3953 1814 123 32 greotisg
4093 1820 46 18 een
4157 1812 149 26 kolonialen
4323 1811 87 25 raad?
4435 1811 38 25 Dc
4491 1812 63 24 heer
4569 1808 162 26 Heemskerk
4748 1808 72 25 heeft
4837 1814 58 19 zeer

3952 1850 27 20 te
3989 1846 74 25 recht
4076 1846 28 24 in
4122 1845 31 24 de
4170 1844 92 25 Eerste
4278 1843 99 25 Kamer
4393 1850 33 24 op
4443 1841 41 26 dis
4504 1848 83 24 vraag
4604 1840 141 26 betlissend
4762 1847 65 18 neen
4843 1847 34 24 ge-

3952 1877 143 25 antwoord.
4129 1874 139 26 Daardoor
4294 1873 60 25 toch
4381 1880 48 18 zou
4456 1873 31 25 de
4511 1872 71 26 band
4598 1872 123 25 tusschen
4739 1871 152 25 Nederland

3951 1917 31 17 en
4000 1907 76 26 IndiS
4093 1915 53 24 nog
4163 1907 83 25 losser
4263 1905 112 26 worden.

3981 1939 43 31 Hij
4043 1938 44 25 wil
4103 1938 47 25 dat
4167 1937 32 26 de
4217 1937 214 26 Nederlandsche
4447 1936 291 32 vertegenwoordiging
4754 1935 32 25 de
4807 1935 66 25 koor-

3950 1971 48 26 den
4016 1970 46 26 der
4080 1970 77 26 beurs
4173 1970 27 25 in
4218 1969 104 26 handen
4338 1968 102 31 houde,
4459 1968 31 33 ja
4505 1969 54 24 met
4576 1974 71 19 meer
4663 1962 97 31 kracht
4776 1967 52 25 dan
4846 1967 43 25 tot

3950 2003 106 26 dusver.

2037 5367 43 28 Nu
2108 5372 41 26 tot
2174 5370 50 28 den
2248 5372 63 28 heer
2334 5373 128 35 Insinger.
2496 5372 52 27 Het
2572 5367 20 27 is
2615 5366 105 33 spreker
2738 5372 157 34 onmogelijk
2913 5370 26 27 te

2006 5401 122 33 twijfelen
2153 5412 50 20 aan
2231 5406 71 27 diens
2327 5408 83 32 goede
2433 5408 96 26 trouw,
2545 5407 73 21 maar
2634 5401 45 25 het
2695 5405 70 25 moet
2781 5406 57 26 niet
2855 5405 83 26 alleen

2006 5441 50 19 aan
2070 5435 102 33 gebrek
2187 5445 50 20 aan
2255 5439 91 28 keflnis
2363 5441 46 26 der
2425 5437 119 30 Indische
2561 5432 176 28 hescMedenis
2745 5439 118 30 geweten
2872 5444 50 20 war-

2006 5467 51 25 den
2082 5470 39 25 als
2147 5471 40 26 die
2213 5471 106 34 Spreker
2344 5473 58 27 hier
2419 5473 70 32 zegt:
2507 5469 46 27 dat
2570 5465 32 32 bij
2621 5464 31 27 de
2668 5465 139 39 invoering
2824 5478 52 20 van
2893 5466 46 30 het

2006 5500 196 30 cultuurstelsel
2226 5507 56 24 niet
2306 5507 32 25 de
2363 5506 77 25 winit
2465 5509 63 20 voor
2545 5499 44 25 het
2606 5497 178 37 Moederland,
2802 5510 73 20 maar
2893 5503 45 26 het

2007 5532 97 33 welzijn
2122 5535 46 27 der
2187 5537 142 39 bevolking
2346 5538 32 27 de
2395 5537 120 33 drijfveer
2532 5538 52 20 was
2609 5529 53 27 Het
2679 5532 138 34 tegendeel
2828 5536 22 26 is
2859 5543 78 19 waar.

2036 5565 61 27 Men
2122 5569 38 26 zie
2184 5570 99 28 slechts
2311 5571 32 28 de
2367 5569 148 35 gewisselde
2541 5562 109 30 stukken
2676 5565 124 30 tusschen
2818 5576 52 19 van
2888 5569 50 26 dan

2007 5596 84 28 Fosch
2117 5608 32 19 en
2171 5602 105 30 Mcrkes
2293 5606 34 26 in.
2362 5604 41 32 Bij
2424 5602 76 27 haalt
2515 5600 47 26 den
2580 5595 156 31 eindindruk
2753 5601 118 27 daarvan
2889 5608 48 20 aan

2006 5631 39 24 uit
2061 5639 52 20 van
2130 5634 175 33 Dcveventer,
2322 5639 48 25 2de
2388 5636 64 31 doel,
2469 5634 47 27 blz.
2533 5631 56 28 365,
2606 5635 72 19 waar
2695 5630 40 28 dit
2751 5634 27 26 te
2794 5634 97 27 vinden
2907 5634 31 26 is.

2006 5661 38 27 De
2061 5663 63 28 heer
2141 5667 120 35 Insinger
2280 5670 117 26 dwaalde
2417 5670 46 24 dus
2472 5666 61 27 volk
2550 5668 57 20 man
2617 5667 26 19 in
2652 5661 32 26 do
2693 5667 122 32 meening
2825 5675 31 18 en
2865 5674 53 19 wan-

2006 5702 60 19 neer
2083 5698 33 33 hij
2137 5699 98 38 daarop
2254 5704 51 26 dan
2322 5712 45 18 een
2386 5700 96 28 aanval
2497 5700 76 31 tegen
2590 5693 48 26 den
2657 5695 118 31 minister
2793 5707 51 19 van
2859 5699 63 27 kolo-

2006 5726 59 27 iiên
2083 5739 31 18 en
2131 5732 32 26 de
2181 5734 148 37 Rags;ring
2346 5735 96 30 bouwt,
2459 5733 50 26 d^n
2526 5732 56 30 zegt
2598 5726 43 32 bij,
2660 5726 46 28 dat
2718 5731 40 27 dit
2774 5732 94 27 motief
2878 5732 45 27 vol-

2006 5760 92 28 koaaen
2126 5766 163 28 Waardeloos
2316 5771 28 24 is.
2380 5767 69 34 raijne
2472 5765 107 26 slotsom
2606 5759 22 25 is
2654 5759 77 34 deze,
2757 5765 47 26 dat
2828 5765 34 32 hij
2890 5765 48 26 den

2008 5792 116 34 billijken
2151 5798 71 27 »isch
2248 5810 51 18 aan
2324 5802 40 27 dia
2391 5800 74 27 leden
2483 5797 67 28 doet,
2572 5791 52 31 dat,
2642 5791 39 27 als
2699 5796 31 32 zij
2747 5797 112 33 spraken
2876 5804 64 20 over

2007 5825 123 30 Indische
2146 5831 81 26 zakun
2244 5836 94 24 zonder
2356 5833 126 33 grondige
2499 5831 40 25 kt»
2544 5828 53 28 die,
2615 5824 46 26 dat
2679 5826 40 26 dit
2735 5830 52 26 dan
2804 5830 56 26 hun
2876 5830 64 26 zaak

2006 5858 32 26 is.
2069 5859 77 28 Maar
2172 5863 39 27 als
2237 5865 30 33 zij
2293 5867 106 27 daaruit
2422 5871 60 20 eene
2500 5862 60 27 akte
2577 5864 51 21 van
2646 5856 201 39 beschuldiging
2863 5863 77 33 tegen

2006 5898 61 19 eene
2085 5894 141 30 bevriende
2242 5901 148 32 „egeeriog
2405 5901 102 26 maken,
2519 5894 45 27 dat
2581 5889 30 32 zij
2628 5889 50 27 dan
2696 5891 131 31 bchooren
2845 5897 26 25 te
2880 5902 46 20 zor-

2006 5931 59 24 gen,
2082 5926 47 27 dat
2146 5929 87 26 hunne
2252 5939 122 26 wapenen
2392 5937 70 20 meer
2479 5929 50 25 dan
2546 5923 105 27 blikken
2669 5924 87 27 sabels
2774 5928 58 32 zijn.

2039 5955 32 28 In
2089 5959 47 27 dat
2152 5962 106 33 opzicht
2275 5973 53 19 was
2344 5965 32 27 de
2393 5965 61 27 heer
2471 5960 135 30 Haffsians
2621 5956 184 38 verstandiger
2822 5961 30 27 of
2862 5967 61 21 voor-

2008 5991 135 33 zichtiger.
2177 5996 69 26 D„e
2270 5998 73 25 heeft
2367 5999 50 25 ook
2445 5998 103 28 strenge
2565 5988 233 38 beschuldigingen
2815 5995 78 32 tegen
2910 5993 31 27 de

2007 6020 146 38 Kegeering
2177 6027 165 33 ingebracht,
2367 6037 76 20 maar
2467 6028 46 26 het
2533 6021 98 31 daarbij
2650 6021 50 26 ook
2717 6026 115 32 gelaten,
2848 6026 94 26 zonder

2006 6063 28 18 zo
2050 6058 27 24 te
2095 6057 130 34 bewijzen.
2259 6060 43 34 Hij
2320 6064 86 26 zeide:
2432 6061 31 27 de
2484 6053 144 38 Itegoeriog
2643 6057 78 26 vaart
2737 6059 83 27 onder
2836 6058 106 28 valscho

2007 6086 78 33 vlag;
2102 6089 30 33 zij
2148 6092 24 25 is
2190 6097 176 24 conservatief
2382 6104 32 17 en
2430 6094 104 32 regeert
2548 6091 26 25 in
2591 6085 109 28 liberale
2718 6090 117 34 richting
2851 6100 32 17 en
2901 6099 41 18 om

2006 6118 40 28 dit
2062 6122 27 25 te
2109 6123 103 34 staven,
2238 6126 89 35 beriep
2350 6128 37 33 hij
2413 6126 57 28 zich
2494 6132 33 26 op
2554 6126 60 22 eene
2630 6120 73 26 soort
2720 6129 52 20 van
2794 6126 149 24 communis

2006 6162 143 21 consensus
2171 6167 31 19 en
2220 6168 33 26 op
2271 6162 32 26 de
2319 6162 152 32 verklaring
2487 6165 52 20 van
2556 6156 47 26 den
2624 6152 119 31 minister
2761 6163 52 21 van
2831 6157 98 27 bicnen-

2006 6184 126 30 laadsche
2157 6193 91 31 zaken,
2271 6195 27 24 in
2324 6194 32 26 de
2383 6194 91 26 Eerstj
2493 6191 103 26 Kamer,
2611 6193 65 19 over
2693 6189 32 25 de
2743 6196 92 27 vraag,
2854 6191 52 25 wat
2922 6191 22 24 is

2008 6222 176 27 conservatief
2207 6234 32 19 en
2265 6229 53 24 wat
2342 6228 22 25 is
2391 6223 111 30 liberaal
2528 6229 32 20 en
2584 6215 46 31 dat
2655 6217 32 27 de
2715 6221 122 28 Minister
2855 6222 31 27 de
2904 6221 41 28 rol

2008 6259 52 19 van
2086 6254 104 27 Pilatns
2215 6267 48 18 zou
2287 6260 112 26 vervuld
2424 6259 110 27 hebben,
2563 6254 63 26 doar
2642 6250 47 27 het
2706 6254 27 25 te
2751 6254 66 27 doen
2833 6255 97 28 voorko-

2008 6291 69 25 men,
2093 6286 70 27 alsof
2177 6288 113 30 liberaal
2307 6299 31 20 en
2357 6288 175 31 conservatief
2546 6283 104 30 zooveel
2667 6285 39 27 als
2722 6286 131 28 hetzelfde
2870 6295 61 20 was.

2022 6350 6 5 _
2041 6317 45 28 Nu
2104 6321 65 26 weet
2178 6322 32 27 do
2217 6324 63 27 heer
2287 6325 145 32 Haffmans,
2443 6324 46 27 dat
2496 6319 144 31 communis
2646 6325 143 22 consensus
2798 6330 46 18 een
2854 6321 80 27 krach-

2009 6350 40 33 tig
2073 6358 92 27 wapen
2189 6357 32 28 is,
2245 6365 76 19 maar
2346 6365 58 18 men
2421 6358 70 25 moet
2507 6361 64 27 geen
2589 6350 201 35 beschuldiging
2805 6356 93 30 puttsn
2916 6361 33 25 op

2009 6381 60 33 hen,
2095 6384 41 28 die
2153 6389 126 34 eenzijdig
2295 6390 32 27 de
2344 6390 146 34 Regeering
2507 6383 143 32 aanvaden.
2673 6383 99 27 Geheel
2787 6386 52 27 iets
2856 6387 94 25 anders

2011 6424 50 18 zou
2079 6417 45 26 het
2140 6422 58 31 zijn,
2216 6423 40 26 als
2272 6423 32 26 ds
2322 6430 72 19 vreos
2412 6430 50 19 van
2487 6423 50 25 den
2554 6419 61 26 heer
2631 6416 137 27 Haffmans
2786 6428 31 18 en
2836 6419 115 27 anderen

2011 6451 118 31 gegrond
2156 6461 70 20 ware
2243 6456 116 26 omtrent
2383 6456 32 26 de
2432 6456 52 26 wet
2500 6462 33 31 op
2550 6451 44 26 het
2610 6449 72 32 lager
2699 6449 137 35 onderwijs
2854 6461 31 18 en
2903 6452 47 25 dat

2011 6481 41 27 dit
2068 6484 118 34 ontwerp
2203 6495 50 19 zou
2268 6489 118 32 gejrond
2402 6488 47 33 zijn
2467 6495 33 26 op
2518 6485 45 27 het
2578 6481 119 33 liberaal,
2715 6482 24 26 d.
2748 6482 17 27 i.
2774 6491 44 19 eer
2833 6484 46 27 het
2898 6484 43 27 illi-

2013 6515 91 26 beraal
2130 6516 126 34 beginsel.
2289 6521 48 26 Als
2363 6521 46 26 dat
2434 6528 71 19 waar
2518 6520 52 26 kon
2587 6515 57 32 zijn,
2661 6514 50 27 d»n
2730 6522 47 19 zou
2794 6516 46 26 het
2856 6517 80 26 Minis-

2011 6547 66 26 terie
2106 6556 58 21 zeer
2181 6553 77 27 zeker
2275 6553 64 27 door
2357 6554 26 26 al
2399 6553 50 33 zija
2466 6552 124 28 vrienden
2608 6546 118 27 verlaten
2744 6549 113 26 worden.
2875 6550 78 26 Maar

2013 6580 79 27 dezen
2101 6581 123 31 Minister
2233 6586 143 32 kennende,
2394 6586 70 26 deelt
2480 6585 105 34 spreker
2602 6580 41 28 die
2659 6587 74 20 vrees
2750 6582 64 26 niet.
2830 6582 43 32 Hij
2883 6582 72 27 heeft

2014 6614 51 26 wel
2080 6622 67 25 geen
2172 6619 27 25 te
2228 6618 84 34 hooge
2328 6619 182 32 verwachting
2526 6625 52 20 van
2596 6615 40 26 die
2652 6614 59 31 wet,
2730 6622 31 17 en
2778 6615 47 25 dat
2842 6617 31 31 zij
2891 6615 65 26 alles

2014 6654 47 19 zou
2078 6656 84 25 geven
2178 6651 54 26 wat
2248 6652 30 31 zij
2295 6652 138 32 verlangt;
2456 6651 66 27 mais
2544 6658 15 19 a
2583 6647 72 28 I'uim
2680 6646 115 34 poaaible
2819 6648 47 26 nul
2890 6647 67 27 nest

2014 6683 71 24 tenu.
2120 6681 43 33 Hij
2181 6684 99 31 gelooft
2297 6685 129 28 evenmin,
2443 6684 47 26 dat
2506 6684 60 25 deze
2584 6681 119 26 Minister
2720 6679 30 26 of
2764 6679 76 34 eenig
2863 6681 79 25 minis-

2003 6730 2 15 i
2015 6715 43 26 ter
2083 6720 51 21 aan
2160 6715 51 27 alle
2237 6718 138 25 wenschen
2399 6718 46 25 ten
2466 6717 60 25 deze
2544 6723 47 19 zou
2608 6715 103 26 kunnen
2728 6712 120 28 voldoen.
2881 6713 77 26 Maar

2016 6746 41 30 als
2075 6748 41 28 die
2133 6749 51 27 wet
2200 6749 27 27 in
2245 6749 50 28 den
2308 6751 74 31 geest
2399 6757 52 21 van
2470 6749 143 33 billijkheid
2629 6756 31 20 en
2670 6755 51 22 van
2731 6746 76 30 recht
2815 6752 65 22 voor
2889 6745 69 28 allen

2039 3628 58 34 Spr.
2114 3637 47 19 zou
2180 3637 105 20 vreezen
2303 3631 41 26 tot
2361 3630 32 27 de
2417 3630 63 28 orde
2496 3632 126 27 geroepen
2639 3626 26 25 te
2683 3626 104 26 worden
2803 3625 39 27 als
2858 3625 34 33 hij
2910 3626 27 26 in

2007 3671 61 18 eene
2094 3663 77 33 lange
2198 3663 124 27 discussie
2346 3671 64 19 over
2435 3665 32 25 de
2491 3658 130 31 koloniale
2639 3658 109 33 politiek
2764 3658 70 32 trad,
2851 3665 70 20 waar-

2008 3704 64 20 voor
2096 3696 34 33 bij
2154 3696 143 28 hoofdstuk
2322 3697 40 27 IX
2388 3698 31 26 de
2444 3696 87 34 plaats
2546 3692 31 25 is.
2609 3690 77 27 Maar
2704 3699 35 19 nu
2756 3691 32 26 de
2806 3691 130 27 koloniale

2008 3730 116 27 ouaesüe
2141 3728 46 28 het
2204 3730 193 34 *Aitg&ngsptUit
2412 3730 22 26 ie
2450 3722 137 41 g'ewardeti
2604 3730 51 19 van
2674 3732 61 18 eene
2753 3724 61 27 akte
2832 3732 51 20 van
2894 3723 30 27 te-

2008 3763 168 33 schuldigisg
2202 3765 78 31 tegen
2306 3767 45 24 het
2375 3762 149 28 ministerie,
2549 3763 34 19 nu
2609 3756 28 32 zij
2661 3756 19 27 't
2696 3757 59 28 hem
2773 3757 165 28 veroorloofd

2007 3795 91 26 enkele
2117 3795 74 28 korte
2209 3796 184 34 opmerkingen
2411 3796 73 26 mede
2500 3795 27 24 te
2544 3789 89 26 deelen
2650 3797 41 18 om
2707 3794 26 22 te
2752 3791 128 33 bewijzen,
2889 3791 46 26 dat

2009 3828 45 26 het
2079 3828 80 33 ijzer,
2187 3831 112 26 waaruit
2324 3831 31 32 zij
2381 3829 53 27 hun
2459 3823 185 31 hooi'dwapen,
2670 3822 53 27 hun
2750 3826 74 33 eenig
2848 3831 90 27 wapen

2007 3861 132 31 maakten,
2156 3863 22 25 is
2196 3870 51 19 van
2265 3872 57 19 zeer
2339 3870 58 19 zeer
2413 3860 112 31 ellendig
2541 3854 112 34 gehalte.
2687 3856 35 33 Zij
2743 3857 99 27 hebbe*
2852 3859 85 25 hunno

2008 3893 200 35 beschuldiging
2225 3896 54 26 niet
2296 3904 33 26 op
2346 3896 92 28 vasten
2456 3887 145 32 kolonialen
2620 3887 100 32 bodem,
2733 3899 74 19 maar
2816 3900 32 25 op
2859 3891 61 26 zand-

2007 3926 86 32 grond
2111 3926 136 39 «jebonjWd.
2337 3952 5 7 ,
2439 3947 4 5 .
2489 3945 4 9 ,
2571 3939 24 19 ■'.
2621 3952 2 6 ,

2039 3960 43 26 Hu
2100 3967 45 18 een
2163 3961 77 26 emtel
2257 3970 89 20 woora
2363 3970 50 19 aan
2431 3967 47 20 den
2487 3958 60 26 heer
2556 3953 27 27 \V
2590 3953 111 32 intgens.
2719 3957 69 28 Deze
2798 3964 124 33 afgevaar-

2007 3991 77 34 digde
2101 3992 72 27 heeft
2189 3996 105 33 gezegd,
2311 3997 46 26 dat
2376 3996 30 26 de
2424 3989 131 32 cinversie
2572 3993 50 19 van
2642 3991 165 26 comeaunaal
2823 3991 28 26 in
2867 3991 57 26 indi-

2007 4025 103 27 vidueel
2126 4028 155 32 grondbezit
2297 4030 44 26 ten
2360 4029 59 27 doel
2435 4024 69 30 heift
2520 4022 31 26 do
2568 4018 156 32 voordeden
2743 4024 46 26 der
2807 4024 131 27 schatkist

2006 4058 27 26 in
2050 4058 104 27 handen
2171 4068 52 20 van
2241 4063 183 32 particulieren
2443 4062 26 25 te
2485 4055 93 34 spelen.
2596 4052 111 32 Spreker
2725 4057 161 26 antwoordt:
2907 4057 32 25 de

2007 4091 63 27 heer
2094 4094 137 32 Wintgens
2255 4095 24 26 is
2304 4103 46 18 een
2373 4091 100 30 sieraad
2491 4089 46 27 der
2554 4085 172 34 vergadering
2744 4097 31 18 en
2794 4090 71 27 heeft
2881 4089 58 28 veel

2007 4124 111 31 gelezan.
2152 4124 77 30 Masr
2254 4124 241 37 niettegenstaande
2515 4121 34 32 hij
2567 4126 56 19 zeer
2637 4120 59 27 Veel
2714 4129 32 19 on
2764 4123 34 32 bij
2817 4124 56 25 vele
2891 4131 31 25 ge-

2006 4157 162 33 legenheden
2191 4161 146 33 gesproken
2362 4161 86 30 heeft,
2474 4153 74 35 blijkt
2565 4153 45 24 he«
2626 4153 71 31 tnch,
2715 4154 46 27 dat
2779 4155 33 34 bij
2832 4163 32 24 op
2882 4161 57 21 zeer

2007 4192 155 34 Cowtthtig»
2179 4192 97 35 pinten
2295 4189 45 31 tici
2357 4201 15 19 a
2391 4187 15 32 B
2425 4200 13 19 c
2456 4192 94 33 popet»
2559 4185 39 38 .d*
2614 4185 132 28 koloniale
2761 4185 118 38 fjuaesïle
2888 4192 52 31 nog

2007 4225 25 25 te
2057 4224 85 27 leeren
2161 4225 78 27 heeft.
2272 4227 118 31 Immers,
2409 4226 50 26 dan
2476 4228 46 21 zou
2541 4218 32 33 hij
2593 4222 98 26 weten,
2708 4221 47 25 dat
2773 4222 165 32 particuliere

2007 4256 182 30 ondernemers
2205 4258 60 27 veel
2281 4259 84 27 liever
2380 4257 84 35 grond
2481 4256 79 26 huren
2578 4257 51 20 van
2648 4250 31 26 de
2689 4252 188 28 dessahoofden
2887 4256 53 25 met

2009 4290 45 26 wie
2079 4291 31 33 zij
2128 4291 109 27 knoeien
2254 4292 120 30 kunnen,
2392 4291 51 27 dan
2461 4296 48 20 van
2528 4291 45 20 e«n
2591 4283 90 27 aantal
2698 4285 175 30 isdividuecle
2893 4287 31 26 be-

2007 4323 98 31 zitters,
2122 4324 96 26 zoodat
2233 4325 144 26 inderdaad
2395 4324 45 26 het
2456 4316 155 33 individueel
2628 4316 69 26 bezit
2705 4320 58 25 veel
2771 4329 70 18 meer
2849 4322 27 26 in
2887 4322 52 24 hun

2007 4356 93 26 nadeel
2124 4357 24 25 is
2173 4364 31 19 en
2228 4357 30 33 zij
2278 4358 57 26 zich
2352 4357 58 28 veel
2428 4356 72 26 beter
2518 4348 126 30 berinden
2662 4349 33 33 bij
2714 4350 46 28 het
2777 4352 163 27 communaal

2009 4388 73 26 bezit.
2117 4389 47 30 En,
2181 4397 21 18 ib
2220 4390 46 25 het
2283 4391 54 25 niet
2354 4397 64 19 oven
2437 4383 122 32 duidelijk
2576 4381 48 31 (wij
2643 4384 110 27 spreken
2764 4385 57 26 hier
2829 4388 63 27 niet,
2902 4385 37 26 let

2008 4419 56 32 wel,
2070 4424 64 24 over
2152 4422 144 33 üigendont,
2313 4428 73 21 maar
2404 4426 61 22 OVer
2481 4415 80 33 be*it),
2580 4413 46 26 dat
2642 4413 34 34 hij
2696 4415 40 26 die
2754 4421 60 24 Vast
2830 4417 109 27 bezitter

2007 4454 21 25 is
2053 4456 52 24 Van
2132 4462 46 19 een
2203 4453 63 34 rtfijt
2291 4455 99 34 gfprtd;
2414 4454 113 28 daSraSti
2544 4447 58 30 TWI
2617 4448 71 26 öe#r
2706 4453 104 26 waarde
2828 4457 32 21 en
2877 4457 61 27 rorg

2008 4482 119 31 fieflteedl;
2152 4495 52 19 aan
2229 4488 44 33 hij,
2298 4496 79 18 wiens
2394 4487 60 26 Btuk
2471 4480 83 39 grosd
2568 4480 71 26 ieder
2653 4488 63 24 jaar
2732 4483 30 25 of
2777 4493 43 18 om
2836 4483 31 27 de
2885 4485 54 25 drie

2004 4517 77 33 jaren
2106 4520 162 33 toegewezen
2285 4521 28 27 of
2329 4517 152 32 verwisseld
2500 4513 89 30 wordt.
2623 4512 48 27 Die
2691 4515 46 25 dat
2756 4517 117 27 beweren
2891 4518 46 31 zfln

2007 4551 56 26 niet
2087 4552 85 26 alleen
2197 4556 137 26 onbekend
2356 4557 53 24 met
2426 4548 129 31 koloniale
2572 4552 86 25 zaten,
2678 4554 74 21 maar
2770 4551 51 26 ook
2839 4551 52 26 met
2909 4545 30 31 de

2007 4585 182 33 nienschelijke
2207 4586 139 34 drijfveren
2365 4594 32 18 en
2414 4579 178 35 beweegreden
2611 4585 52 18 van
2681 4579 74 27 ieder
2766 4585 113 28 menscb,
2890 4583 48 26 ook

2007 4615 26 26 al
2050 4617 22 26 is
2089 4617 34 33 hij
2143 4620 54 25 niet
2215 4620 26 26 al
2258 4623 26 24 te
2301 4628 57 20 zaer
2375 4613 165 33 ontwikkeld.
2574 4610 58 27 Wie
2650 4618 52 28 nog
2720 4615 126 33 twyfelen
2864 4615 76 34 rotpt

2007 4648 34 31 hij
2059 4650 58 25 toe:
2135 4657 34 25 ga
2187 4659 66 19 naar
2269 4652 69 26 Java
2355 4661 31 18 en
2404 4650 118 35 overtuig
2539 4650 25 20 tt.

2037 4678 63 37 Nag
2117 4678 71 32 «eide
2204 4682 31 30 ds
2254 4684 61 28 heer
2333 4682 149 32 Wintons.:
2500 4676 31 32 de
2546 4678 106 32 «j*e«w
2666 4676 41 27 «ft
2718 4676 86 32 Breda
2812 4681 73 27 beeft
2893 4682 47 24 on*

2006 4708 133 35 gelMêtïi
2157 4715 31 27 do
2206 4708 135 46 flideeflge
2357 4716 126 35 govoigen
2500 4719 51 22 Van
2565 4708 53 33 jfcn
2634 4709 83 32 vrijen
2743 4714 100 27 arbeid.
2877 4714 47 27 Vol-

2006 4746 86 25 strekt
2108 4748 63 26 niet.
2187 4750 58 32 Spr.
2263 4749 70 27 heeft
2350 4752 110 30 onlangs
2476 4741 211 39 gewaarschuwd
2704 4746 56 25 niet
2771 4748 76 32 tegen
2857 4748 81 30 vrijen

2006 4775 98 33 arbeid,
2114 4787 73 20 maar
2204 4786 78 31 tegen
2300 4780 183 37 dwangarbeid
2500 4780 41 25 ten
2562 4774 112 26 baboove
2683 4782 51 21 van
2744 4780 188 31 particulieren

2006 4808 39 26 En
2063 4811 33 32 hij
2117 4813 71 26 heeft
2205 4815 47 26 dat
2270 4818 74 25 reeds
2361 4817 102 33 gedaan
2479 4820 32 19 en
2528 4807 61 28 stelt
2606 4813 28 19 er
2652 4808 61 32 prijs
2730 4819 32 26 op
2780 4813 40 26 dit
2836 4814 27 25 te
2875 4819 47 20 con-

2006 4841 138 34 fctateeren,
2170 4846 72 30 sinds
2270 4852 70 28 18ISI,
2366 4852 60 25 toen
2452 4845 34 34 hij
2504 4848 63 22 voor
2584 4839 44 26 het
2644 4845 72 22 eerst
2733 4844 31 26 de
2781 4853 51 25 pon
2848 4846 28 25 in
2893 4852 46 19 een

2006 4872 106 31 Indisch
2138 4878 123 34 Dagblad
2285 4883 105 27 voerde.
2422 4879 40 28 En
2487 4874 50 31 ook
2562 4872 64 27 daar
2650 4872 64 30 stelt
2731 4876 35 35 hij
2785 4886 61 25 prys
2864 4885 32 26 op
2913 4878 26 26 te

2006 4906 197 37 conitatcefed;
2229 4913 46 27 Ast
2300 4911 34 37 h^
2360 4916 92 26 daarin
2474 4915 45 22 cc«
2536 4905 155 32 krücütigeJi
2707 4905 170 39 bondgenoot
2893 4917 31 26 ge-

2006 4937 102 30 vofidin
2125 4942 71 28 heeft
2212 4946 26 25 in
2257 4945 48 28 den
2324 4938 61 37 ïieor
2402 4948 116 26 Fransen
2536 4948 50 21 van
2603 4937 31 26 de
2650 4938 90 34 Putte,
2758 4943 41 27 dia
2816 4950 124 20 eveneens

2006 4970 32 27 de
2053 4975 161 28 misbruiken
2232 4980 47 26 der
2295 4970 405 44 gouvernemestdwangcnltuur
2717 4976 78 38 tegen
2813 4977 50 26 den
2880 4983 44 19 zoo-

2004 5008 162 27 genaamden
2183 5010 84 33 vrijen
2284 5014 92 26 arbeid
2392 5013 71 26 heeft
2480 5006 135 31 bestreden
2633 5011 32 18 en
2682 5007 40 26 die
2740 5016 28 18 in
2787 5009 65 33 zijae
2880 5008 44 26 cul-

2006 5039 113 27 tuurwet
2145 5041 156 35 bepalingen
2327 5047 116 33 deswege
2465 5041 70 31 heeft
2551 5037 171 31 voorgesteld.
2757 5041 131 28 Wanneer
2906 5048 34 19 nu

2006 5070 31 24 de
2054 5070 63 26 h-.-er
2134 5073 137 33 Wintgens
2290 5078 119 32 bewectt,
2427 5079 47 26 dat
2490 5075 34 33 hij
2542 5080 44 20 een
2603 5069 200 32 Javaanvriend
2828 5075 33 31 bij
2884 5074 41 26 uit-

2006 5104 170 28 nemendheid
2193 5107 21 25 is
2233 5115 31 18 en
2282 5109 48 26 dat
2347 5111 25 26 al
2391 5112 40 26 die
2448 5113 76 31 tegen
2533 5106 58 26 hein
2600 5105 149 32 overstaan,
2758 5107 122 33 vijanden
2888 5113 50 19 van

2006 5135 48 26 den
2070 5137 104 27 Javaan
2191 5139 57 32 zijn,
2267 5141 52 26 dan
2337 5144 43 26 wil
2396 5144 106 31 spreker
2520 5139 38 28 dit
2574 5135 54 28 niet
2646 5134 167 37 betwijfelen,
2822 5146 74 20 maar
2904 5139 33 32 bij

2004 5166 99 32 gelooft
2127 5169 60 31 dac,
2215 5172 46 26 dot
2285 5174 33 24 do
2343 5177 174 30 rriendschap
2542 5178 50 20 van
2609 5169 48 25 den
2675 5167 64 31 hou!'
2759 5173 136 32 Wintgens
2913 5173 26 25 al

2004 5207 59 20 zeer
2087 5203 94 33 weinig
2207 5204 124 27 voordeel
2356 5215 50 18 aan
2433 5209 50 25 den
2500 5207 100 27 Javaan
2617 5209 47 19 zou
2681 5204 172 35 toebrengen.
2885 5204 54 27 Het

2006 5242 46 18 ion
2070 5233 31 26 de
2119 5236 93 26 vriend
2229 5237 48 32 zijn
2295 5238 40 25 uit
2353 5238 31 26 do
2401 5239 79 31 fabel,
2499 5241 40 26 die
2556 5236 50 32 zijn
2622 5235 92 27 vriend
2731 5239 54 24 met
2803 5248 47 18 een
2867 5241 72 25 steen

2006 5267 31 27 de
2055 5268 104 27 hersens
2176 5269 103 40 insloeg
2295 5277 43 20 om
2353 5270 61 28 hem
2430 5274 27 26 te
2474 5269 131 33 bevrijden
2622 5272 51 19 van
2691 5275 63 20 eene
2774 5270 79 33 vlieg.
2887 5269 34 30 Te-

2006 5308 113 27 genover
2135 5302 76 28 zulke
2228 5304 126 28 vrienden
2370 5307 60 34 zegt
2446 5307 48 34 hij:
2512 5310 53 21 non
2584 5300 45 27 tali
2646 5302 112 32 aitxilio,
2776 5311 56 20 non
2848 5304 76 33 oefen-

2004 5336 102 25 soribus
2124 5339 61 24 istis.
