3443 4569
175 135 241 52 1.----VOL.
443 137 41 52 I.

759 246 3 2 .
907 246 3 2 .

279 257 175 39 conceive,
468 268 39 22 or
524 257 143 43 pretend
683 260 80 39 they
792 263 124 27 cannot
942 254 175 44 conceive,

46 291 74 44 how
135 307 57 35 the
206 320 88 24 same
309 315 79 30 man
402 312 101 33 could
517 313 85 31 have
617 307 142 39 becOme
787 313 57 31 the
872 312 187 43 flag,ellator
1082 312 39 33 of

47 348 205 55 Bonaparte!
285 365 76 31 The
375 365 249 43 inconsistency
638 367 27 31 is
680 367 83 31 with
780 370 93 33 them,
883 369 69 31 and
961 365 63 35 ,not
1035 367 80 46 with

46 411 39 41 ine
85 411 14 41 -
99 411 14 41 ;
132 427 54 33 Tny
194 417 186 46 principles
394 431 57 24 arc
466 422 58 31 the
535 422 91 31 same
639 435 8 28 ;
669 422 60 31 the
743 422 113 41 object
880 422 41 31 of
931 424 57 30 the
1011 422 88 41 appli-

47 466 107 38 cation
170 474 25 31 is
208 468 156 41 different
411 477 87 31 lam
512 474 14 33 -
526 474 57 33 not'
598 476 55 31 the
669 476 255 43 apostate-my
939 474 162 52 calumnia-

49 515 63 39 tors
124 535 55 24 are
195 529 55 33 the
268 532 181 39 apostates.
542 529 83 31 shall
654 531 83 31 have
764 529 28 46 it
808 531 46 31 hr
868 540 60 31 my
942 539 117 33 power
1080 532 36 28 to

44 575 2 41 •
50 575 134 39 tear-off
195 586 88 30 their
298 586 123 30 masks.
917 575 3 41 •

87 633 46 33 As
148 641 35 30 to
198 639 55 31 the
276 639 121 41 charge
413 638 41 33 of
461 650 55 31 my
528 639 126 41 having
661 638 87 33 been
765 649 85 27 once
872 631 57 50 the
945 633 124 41 Editor
1083 638 39 31 of

31 680 5 55 •
50 680 54 36 the
117 690 121 44 Argus,
254 693 17 33 I
288 693 96 31 think
403 693 16 31 I
431 693 85 31 have
529 693 135 43 already
676 691 205 44 exculpated
894 691 140 43 myself;
1057 691 61 33 but

35 731 33 36 .1
82 742 66 31 will
164 746 65 35 add
244 756 63 24 oue
324 746 94 44 thing
433 757 91 31 more
537 756 16 22 :•
570 748 17 30 I
603 748 87 30 have

706 780 90 54 nine

765 756 57 33 my
838 746 202 43 possession,
1054 746 65 41 and

47 797 49 30 am
113 800 99 44 ready
227 805 35 30 to
279 802 157 43 produce,
452 803 57 31 the
524 803 77 41 only
613 802 183 49 forty-mite
809 800 169 35 Numbers
991 800 41 33 of
1043 802 79 31 that

47 839 109 50 Paper
172 857 109 33 which
294 866 90 24 were
409 855 175 43 published
602 855 106 31 under
731 866 57 31 my
816 855 203 43 inspection.
1065 857 52 39 By

31 898 3 68 •
46 898 90 41 these
148 909 31 31 it
202 912 69 30 will
298 921 142 33 appear,
461 920 43 22 on
528 920 20 22 a
572 909 211 46 comparison
813 909 85 33 with
921 910 94 31 those
1027 920 14 46 4
1041 920 60 46 pre-
1101 920 30 46 e.

31 943 3 65 •
43 943 123 50 tended
183 964 205 35 democratic
403 964 228 44 pUblications
666 964 110 43 which
798 965 118 31 attack
931 975 54 22 me
1008 975 43 22 on
1066 969 54 30 aci

49 1016 99 30 count
164 1017 38 33 of
214 1020 54 33 the
294 1019 162 35 situation
479 1019 35 33 in
534 1020 109 35 which
658 1020 19 31 I
693 1020 79 31 then
787 1019 206 41 reluctantly
1006 1019 110 39 stood,

47 1060 82 47 that,
156 1071 306 44 notwithstanding
483 1074 58 33 the
570 1074 161 33 restraint
757 1072 65 33 and
854 1072 208 43 compulsion
1082 1076 35 28 to

47 1118 107 38 %%jell
180 1126 16 31 I
222 1139 68 20 was
309 1128 150 39 'subject,
480 1128 145 41 nothing
644 1129 71 38 will
739 1126 41 33 be
805 1126 104 33 found
931 1123 36 36 si)
991 1126 128 31 violent

49 1176 35 25 er
101 1175 167 47 offensive,
283 1192 38 20 or
334 1181 41 33 of
383 1192 36 22 so
435 1180 224 38 mischievous
676 1192 19 24 a
710 1181 180 41 tendency,
902 1180 36 33 in
956 1181 55 38 the
1027 1189 71 22 num-

50 1219 71 41 bers
137 1231 39 31 of
192 1235 74 33 The
283 1235 120 41 Argus,
419 1235 175 41 published
609 1235 107 33 under
731 1241 58 35 my
803 1235 203 41 inspection,
1033 1244 35 22 as
1083 1235 33 31 in

52 1276 90 39 those
154 1296 77 33 very
247 1279 225 52 publication's
490 1288 33 31 in
542 1288 109 33 which
668 1288 16 31 I
701 1298 54 22 am
770 1287 142 33 reviled.

91 1334 36 35 It
142 1339 55 33 has
213 1342 85 31 been
309 1339 134 44 already
450 1342 113 35 stated
580 1342 74 33 that
668 1342 19 31 I
701 1342 87 31 have
802 1342 82 33 been
901 1342 120 41 placed
1033 1342 35 33 in
1079 1343 28 31 si-

49 1381 145 46 tuations
206 1394 88 33 from
309 1395 110 39 which
436 1395 17 31 I
474 1397 87 31 have
575 1395 85 33 been
676 1394 142 35 enabled
836 1394 44 33 'to
898 1395 118 31 obtain
1028 1406 91 22 some

49 1443 120 43 Secrets
184 1449 33 31 of
235 1449 57 33 the
307 1449 135 33 cabinet
458 1449 39 33 of
517 1450 205 41 Bonaparte,
739 1449 66 33 and
819 1460 20 22 a
854 1450 74 31 clue
942 1455 35 27 to
992 1452 112 41 the,po-

47 1485 85 46 litics
148 1501 41 33 of
209 1504 72 31 that
294 1504 252 41 revolutionary
567 1504 112 33 chief:
702 1504 69 31 the'
776 1504 156 41 jealousy
948 1504 65 33 and
1035 1515 87 31 envy

54 1546 36 30 of
98 1559 88 28 some
208 1556 132 33 writers
356 1556 33 33 in
408 1556 65 33 this
490 1561 145 39 country
646 1567 76 31 may
745 1561 139 38 prompt
898 1557 91 31 them
1006 1561 35 28 to
1058 1559 61 31 call

50 1603 13 39 t
63 1603 39 39 'IY
117 1611 178 31 assertions
309 1606 35 36 in
359 1613 153 41 question
528 1624 8 27 ;
557 1611 63 33 but
635 1611 17 33 I
668 1611 63 33 call
748 1620 91 33 upon
861 1611 88 44 their
972 1611 69 33 idol
1057 1613 65 31 and

49 1657 187 41 Paymaster
261 1669 35 27 to
312 1666 194 31 contradict
520 1676 63 28 me,
597 1666 38 31 in
661 1666 52 31 his
729 1665 192 43 prostitute.
937 1668 66 30 and
1028 1668 94 41 lying

47 1704 16 47 a
63 1704 156 47 roniteur.
263 1720 128 31 Should
409 1720 43 33 he
468 1724 142 28 venture
627 1723 36 28 to
679 1720 44 33 do
739 1720 41 38 it,
795 1720 20 33 I
836 1720 85 33 shail
937 1720 102 44 easily
1054 1721 68 33 find

54 1759 52 38 the
120 1780 109 25 means
252 1773 41 31 of
302 1773 195 31 refutation.
543 1775 104 31 What
672 1775 19 30 I
713 1775 85 31 have
824 1775 137 41 already
983 1776 140 43 related,

57 1819 57 33 and
124 1827 88 35 what
225 1828 14 31 I
254 1830 85 30 have
350 1828 71 31 still
433 1822 129 38 fin:tiler
573 1833 35 27 to
617 1828 107 31 relate
735 1827 28 33 is
776 1828 124 31 known
913 1833 33 28 to
959 1830 57 33 the
1025 1831 80 31 Sove-

55 1872 102 46 reigns
172 1883 49 44 (if
230 1882 200 44 Sovereigns
446 1883 79 43 they
540 1893 65 24 can
620 1893 76 22 now
712 1882 41 33 be
770 1882 124 44 called)
918 1882 41 33 of
976 1885 148 44 Europe,

57 1929 57 33 anci
124 1937 88 33 their
222 1939 173 31 Ministers
405 1953 8 25 ;
438 1939 16 31 I
469 1939 121 43 appeal
617 1942 35 28 to
669 1939 57 31 the
742 1937 94 44 King
857 1939 41 31 of
909 1939 137 33 Prussia
1058 1940 66 31 and

57 1972 44 43 hts
117 1983 173 41 Ministers
304 1992 254 41 Schulemberg,
573 1992 213 41 Lucchesini,
802 1992 66 31 and
885 1992 183 43 Haugwitz
1080 1995 50 43 (if

57 2030 49 39 the
128 2044 101 43 latter
241 2047 43 31 be
299 2047 69 31 still
384 2047 104 41 alive)
502 2030 6 60 ;
532 2049 17 31 I
565 2047 120 43 appeal
702 2052 36 27 to
750 2049 57 30 the
820 2046 94 44 King
929 2049 43 31 of
981 2050 143 31 Bavaria

57 2085 58 41 and
129 2096 50 36 his
195 2101 159 33 Minister
380 2101 205 41 Montgelas,
600 2112 35 22 as
650 2101 76 33 well
742 2112 35 22 as
794 2104 35 30 to
846 2101 49 33 his
910 2107 90 27 most
1016 2104 91 31 Chris-

54 2139 66 43 tian
132 2153 148 44 Majesty
296 2156 104 33 Louis
414 2156 142 41 XVIII,
573 2164 77 24 now
661 2156 150 41 residing
820 2156 36 31 in
869 2156 165 43 England,
1049 2159 76 31 who

57 2197 61 36 bill
131 2205 43 33 be
187 2198 74 43 able
274 2213 36 28 to
324 2209 80 31 bear
420 2211 184 41 testimony
620 2213 36 28 to
672 2211 58 31 the
743 2211 94 38 truth
854 2211 41 33 of
902 2222 101 33 many
1017 2213 43 33 of
1069 2224 55 33 my

57 2244 181 50 assertions.

211 2318 16 31 I
241 2320 85 31 have
340 2321 61 30 not
416 2323 60 39 yet
501 2318 98 33 made
620 2320 124 33 known
769 2323 36 30 to
827 2320 58 35 the
902 2320 121 35 Public
1044 2321 83 33 shall

55 2351 39 41 be
109 2373 266 31 communicated
392 2373 83 31 from
496 2375 82 31 time
594 2378 35 28 to
646 2375 94 39 time,
753 2373 143 43 through
909 2376 60 31 the
980 2376 151 33 medium'

55 2411 17 31 6
72 2411 91 44 f-this
192 2425 230 41 Publication,
436 2427 110 31 which
561 2428 83 38 will,
655 2425 22 33 I
701 2428 102 39 hope,
817 2428 195 33 coutribnte
1027 2430 102 31 mooch

57 2463 31 35 to
98 2480 85 36 open
194 2472 57 38 the
268 2490 77 31 eyes
361 2480 41 31 of
411 2480 58 31 the
485 2480 129 31 British
638 2477 131 46 People
786 2485 35 27 to
838 2483 58 33 the
909 2483 69 31 real
994 2483 137 30 charac-'

57 2515 47 39 ter
117 2529 65 33 and
197 2532 102 33 views
315 2532 41 35 of
375 2534 58 46 the
447 2532 191 33 inveterate
652 2543 121 33 enemy
795 2535 39 31 of
861 2535 87 33 their
972 2535 139 43 indepen-

57 2565 109 60 dence,
189 2586 65 31 and
276 2587 128 41 inspire
420 2587 88 33 them
526 2587 85 33 with
660 2589 239 33 well-founded
915 2591 142 31 distrust
1079 2595 50 28 to-

57 2628 80 41 Ward
137 2628 20 41 s
175 2641 106 39 those,
296 2643 74 31 who
386 2650 57 22 are
455 2652 38 20 so
509 2643 79 31 loud
600 2643 35 31 in
650 2643 91 33 their
756 2643 126 43 praises
904 2643 41 33 of
997 2646 58 31 the
1076 2654 38 33 ge-

60 2680 68 39 /ling
142 2693 74 33 who
233 2694 128 41 directs
373 2696 57 31 the
444 2694 161 33 destinies
620 2694 39 33 of

96 2739 90 41 That
200 2745 167 36 clamours
381 2750 68 30 will
463 2746 43 35 be
518 2748 109 33 raised
644 2750 129 41 against
786 2761 54 22 me
863 2750 44 43 by
931 2751 57 33 the
1049 2751 82 33 false

58 2778 17 63 b
261 2803 17 31 I
293 2814 52 20 am
362 2803 167 43 prepared
548 2809 35 27 to
608 2809 142 36 expect;
773 2805 61 31 but
850 2805 17 31 I
885 2816 52 22 am
954 2808 33 31 in
1005 2817 109 31 posses-

63 2839 63 50 ',jou
151 2854 41 33 of
211 2861 124 27 secrets
356 2857 110 31 which
479 2857 69 31 will
564 2861 79 28 turn
660 2858 90 33 them
765 2861 35 30 to
816 2860 187 33 confusion.

98 2906 198 41 Archimedes
310 2910 27 31 is
353 2910 159 41 reported
529 2915 35 28 to
583 2913 85 30 have
679 2913 91 33 said:
835 2913 88 33 Give
932 2924 54 24 me
1002 2926 19 20 a
1035 2917 96 41 place

63 2950 19 31 i
82 2950 19 31 n
117 2961 106 35 which
241 2962 16 33 I
274 2973 76 33 may
369 2965 98 31 stand
490 2965 65 33 and
578 2965 17 31 I
611 2967 71 31 will
696 2967 88 31 raise
798 2969 57 31 the
871 2969 107 33 whole

63 3009 20 52 `
83 3009 20 52 -
104 3009 82 52 Give
202 3028 47 22 me
263 3028 19 22 a
298 3013 96 47 place
411 3019 33 31 in
460 3009 113 43 Which
589 3020 16 31 I
627 3031 60 22 can
704 3022 112 38 write,
831 3024 65 30 and
912 3022 17 35 I
945 3024 68 33 will
1035 3024 80 33 ellec-

65 3054 96 55 tnally
176 3080 135 33 expose,
329 3077 61 28 not
405 3076 80 41 only
502 3076 57 30 the
583 3074 129 43 foreign
729 3076 63 33 but
805 3076 167 35 domestic
986 3080 145 30 enemies

63 3109 35 31 If
120 3121 57 33 the
205 3131 90 28 most
323 3128 164 38 beautiful
512 3128 153 44 political
696 3129 230 35 Constitution
954 3132 76 33 that
1054 3143 77 24 ever

63 3165 131 43 existed.
888 3165 5 43 •

101 3220 310 57 Notwithstanding
427 3236 43 31 all
485 3247 61 22 our
561 3238 169 41 despotLm
745 3244 36 28 at
806 3241 110 43 home,
942 3252 33 24 as
991 3252 61 22 our
1066 3244 44 31 Re-

63 3263 129 54 formers
209 3298 69 31 say,
301 3288 69 31 still
389 3290 55 31 the
460 3290 167 35 domestic
652 3294 146 31 enemies
819 3294 41 33 of
877 3306 65 22 our
961 3296 151 33 Constitu-

63 3320 63 44 tion
142 3346 61 25 can
219 3340 83 33 have
318 3351 157 25 recourse
491 3350 36 27 to
543 3346 94 31 those
654 3348 79 31 laws
748 3350 110 35 which
874 3351 82 41 they
970 3361 57 22 are
1041 3351 90 43 daily

63 3375 31 60 re
94 3375 110 60 viling,
214 3395 65 31 and
290 3402 35 27 to
342 3398 93 30 those
446 3398 164 33 tribunals
619 3400 109 33 which
745 3402 77 44 they
831 3403 83 33 wish
928 3409 35 27 to
975 3403 137 36 subvert
1123 3408 8 31 !

66 3422 28 58 li
94 3422 43 58 ut,
159 3457 35 20 as
224 3450 27 30 it
272 3450 60 33 has
356 3450 83 33 been
457 3454 123 41 legally
594 3454 91 38 held,
710 3457 76 31 that
802 3458 94 30 truth
918 3458 27 31 is
961 3469 20 22 a
995 3460 93 41 libel,
1104 3461 27 31 it

66 3483 58 41 Will
142 3498 39 33 be
198 3502 194 43 imposiible
414 3506 54 35 for
480 3517 54 22 me
557 3510 36 30 to
616 3509 132 43 publish
764 3513 44 30 all
824 3512 74 31 that
910 3513 58 36 has
983 3524 96 24 come
1096 3521 33 27 to

63 3539 31 44 41
94 3539 17 44 Y
126 3550 197 49 knowledge
335 3539 6 66 :
367 3570 36 22 as
417 3561 54 31 far
493 3572 35 22 as
551 3562 19 36 1
597 3573 57 22 can
677 3573 54 31 go,
754 3564 17 31 I
789 3565 77 33 will.
912 3569 121 33 Aware
1058 3572 72 31 that

65 3583 19 54 l
83 3583 57 54 ain
156 3608 68 35 like
241 3613 57 31 the
313 3613 228 35 adventurous
564 3616 93 41 skiff,
683 3619 72 31 that
781 3619 30 33 is
836 3622 146 39 exposed
1005 3633 44 22 on
1074 3625 57 31 the

63 3647 30 44 I)
93 3647 63 44 4ati
172 3665 112 33 whilst
299 3666 57 31 the
378 3674 102 33 storm
498 3669 25 31 is
540 3669 128 43 raging,
682 3672 65 31 and
761 3672 134 43 subject
912 3680 33 27 to
961 3677 44 30 all
1016 3677 44 31 its
1076 3688 55 31 ag-

65 3699 17 50 I
82 3699 17 50 r
99 3699 112 50 avated
227 3709 154 55 dangers,
395 3720 17 33 I
430 3728 90 30 must
535 3728 88 28 steer
638 3732 55 36 ray
707 3735 115 24 course
838 3728 83 33 with
937 3729 189 43 prudence:

63 3751 31 49 Ye
94 3751 31 49 t,
140 3761 123 52 though
279 3775 57 31 the
353 3778 187 39 enterprize
556 3778 19 31 I
591 3780 83 31 have
690 3781 183 31 embarked
890 3784 33 30 in
940 3784 41 30 be
997 3787 113 30 hazard-

65 3849 17 19 t
139 3828 55 33 my
206 3825 113 43 object
339 3827 28 31 is
380 3828 99 36 noble
504 3831 63 31 and
584 3831 236 35 disinterested
824 3855 52 13 .-
880 3835 17 35 1
1022 3839 90 33 there-

63 3865 63 35 'cite
139 3879 58 33 sail
211 3891 41 20 on
269 3883 134 31 tearless
422 3885 63 31 and
501 3887 230 41 undismayed.
772 3926 19 2 _

772 3931 41 33 L.
838 3931 231 41 GOLDSIVIITEJ,

98 4011 249 58 LONDON
369 4031 290 52 GAZETTE,
688 4038 189 54 Tuesday,
896 4043 94 41 Jan.
1009 4049 63 38 22.

222 4132 378 36 BANKRUPTCIES
622 4139 329 39 SUPERSEDED.

258 4173 5 6 •

65 4192 13 38 j
77 4192 14 38 .
102 4178 208 49 ',-bsworth,
321 4187 41 33 of
370 4189 176 43 Chariton,
561 4192 213 43 Gloucester,
784 4197 126 35 dealer.

107 4224 19 36 t
126 4224 76 36 lYde
216 4231 65 31 and
296 4231 36 33 3.
346 4233 169 41 Clemson,
532 4235 39 33 of
581 4236 228 46 Manchester,
825 4241 112 44 dyers.

431 4288 307 38 BANKRUPTS.
778 4288 3 38 •

169 4321 184 52 Malleson,_
359 4331 43 31 of
417 4331 167 49 Sweetings
584 4331 19 49 7
603 4331 113 49 alley,
732 4339 209 39 biNbroker.

65 4370 11 39 \
76 4370 25 39 kr
113 4353 16 57 e
129 4353 139 57 'reaves,
283 4373 39 31 of
335 4373 156 39 Oldham,
507 4386 129 30 grocer.

65 4398 230 55 4;Cogswe,ll,
310 4416 41 31 of
359 4417 233 43 Trowbridge,
608 4424 157 35 clothier,

106 4447 13 52 t
118 4447 99 52 ielvis,
233 4458 43 33 of
283 4460 189 46 Worcester,
472 4460 19 46 -
501 4463 146 36 vintner.

1142 137 148 54 TIIE
1324 118 532 71 ANTTIGAttitAN*
1891 120 351 71 ATONITOTi,

1154 260 43 30 T.
1214 260 44 30 K.
1276 257 104 39 Kent,
1395 257 43 33 of
1447 255 362 41 Cannon-street-road,
1828 255 257 31 timberAealer.

1156 302 35 31 J.
1205 301 113 38 Kelly;
1334 301 41 31 of
1381 301 109 31 Great
1506 301 299 39 Pultency-street,
1817 298 189 33 victualler,

1157 345 41 31 E:
1216 345 39 33 B.
1276 337 126 47 White,
1424 345 41 30 of
1485 343 310 39 Chambers-street,
1824 339 323 41 Goodinan's-fields,
2161 350 52 22 car-

1198 392 132 38 penter.
1534 405 9 3 -
1557 383 3 47 •
1757 384 17 20 •`
2087 383 5 47 -
2113 383 6 47 •

1159 433 39 30 A.
1217 430 173 43 Hodgson,
1405 427 572 39 ofFeneliurch-rtreet-chambers,'
1984 427 184 33 merchant.

1157 476 33 33 J.
1202 474 36 35 J.
1255 474 165 41 Lockley,
1435 472 38 31 of
1482 471 261 44 Tonley-strect,
1761 471 211 36 Southwark,
1987 469 222 43 soap-dealer.

1157 518 47 39 J..
1205 518 96 39 Sells,
1318 518 39 30 of
1370 518 143 31 Brixton
1532 518 85 36 Hill,
1631 518 134 39 Surrey,
1783 520 189 36 carpenter.

1159 562 39 31 L.
1214 561 194 33 Ainsworth
1424 561 65 31 and
1507 561 41 33 P.
1573 561 161 41 Bennett,
1757 559 43 33 of
1817 553 176 47 Whituell,
2016 556 213 41 Lancashire,

1202 605 148 33 cambric
1364 605 276 30 manufacturers.

1159 649 43 31 T.
1219 649 165 38 Beishaw,
1397 649 41 30 of
1447 647 227 39 Manchester,
1687 646 153 41 machine
1852 638 142 41 'maker:.

1161 693 44 36 R,
1217 693 159 38 Graham,
1391 690 41 33 of
1439 690 195 44 Liverpool,
1647 685 184 36 merchant.
1989 685 3 49 •

1161 737 38 31 C.
1211 737 106 31 Jones
1331 715 65 52 and
1413 735 39 31 B.
1469 735 198 31 Loadsman,
1682 734 39 31 of
1728 732 170 39 Sheffield,
1912 731 186 43 druggists..

1164 781 50 31 W.
1227 778 189 41 Llewillen,
1425 778 41 33 of
1477 778 139 39 Bristol,
1627 781 60 38 toy
1698 776 123 33 dealer.

1164 824 38 31 A.
1219 824 43 31 B.
1276 822 124 35 Crook,
1417 824 41 28 of
1468 822 117 38 Colne,
1598 820 214 41 Lancashire,
1828 817 107 35 calico
1951 817 255 33 manufacturer.

1162 868 33 31 P.
1214 866 161 41 Bennett,
1387 863 41 35 of
1439 863 191 39 Downend,
1647 863 299 41 Gloucestershire,
1961 861 178 33 mealnian.

1159 912 46 30 T.
1222 910 161 38 Bennett,
1397 909 41 31 of
1447 909 198 41 Long-acre,
1661 907 225 41 ironmonger.

1161 954 39 31 E.
1217 953 121 41 Smith,
1350 950 41 33 of
1402 950 214 43 Greenwich,
1630 961 146 31 grocer..

1159 997 35 33 J.
1209 997 104 41 King,
1331 995 38 33 of
1381 994 220 44 Hampstead,
1616 994 222 41 shopkeeper.
2039 994 6 44 _

1161 1041 54 31 W.
1230 1041 43 30 A.
1288 1039 209 38 Grobecker,
1509 1038 39 33 of
1561 1033 104 36 Gfeat
1674 1041 50 28 St.
1742 1038 148 38 Helen's,
1904 1035 216 43 ship-owner.

1157 1085 35 33 J.
1209 1083 150 39 Walker,
1375 1080 39 35 of
1424 1082 109 33 Little
1545 1082 145 39 Britain,
1698 1082 74 30 lace
1786 1079 135 33 dealer.•
1964 1079 5 44 •

1161 1128 50 31 M.
1228 1126 124 41 Cassel,
1365 1126 35 31 of
1416 1126 200 36 Sun-street,
1628 1124 354 39 Bishopsgate-street,
1995 1121 211 43 shopkeeper,

1420 1176 362 35 CERTIFICATES.
1808 1176 90 31 FEB.
1917 1181 36 28 12

1203 1224 47 30 D.
1280 1222 151 36 Walker,
1460 1222 41 30 of
1523 1220 167 39 Holborn,
1729 1219 294 33 bookseller.—R.
2054 1219 123 41 Kerry,
2200 1219 39 33 of

1161 1266 261 41 Bucklersbtrry,
1455 1263 372 35 warehouseman.—T.
1857 1263 159 38 Silwood,
2044 1261 43 33 of
2117 1265 118 39 Settle,

1162 1309 106 38 York,
1283 1309 195 41 innkeeper.
1490 1309 74 30 --T.
1583 1307 175 39 Harrison,
1775 1306 41 31 of
1833 1306 315 41 Camomile-areet,
2172 1312 47 27 sta-

1161 1353 219 31 tioner.—W.
1395 1351 153 41 Westall,
1564 1350 41 33 of
1614 1351 254 38 Mount-street,
1880 1348 247 44 Whitechapel,
2140 1357 96 35 yeast

1162 1395 183 31 merchant.
1348 1395 79 33 —J.
1441 1395 142 36 Barton,
1606 1394 39 31 of
1661 1394 200 41 Stockport,
1876 1392 357 43 cotton-spinner.—J.

1164 1438 156 41 Perkins,
1346 1438 41 33 of
1409 1438 123 36 death,
1569 1436 299 43 apotheeary.—J.
1898 1436 137 43 Tulloh,
2063 1436 39 31 of
2128 1438 107 33 Great

1161 1483 255 39 Coram-street,
1428 1482 184 31 merchant.

1203 1589 254 50 LONDON
1480 1589 282 44 QAZETTE,
1792 1587 209 52 Salurday,
2030 1592 91 38 Jan.
2145 1591 49 39 26

1335 1712 386 39 CROWN-OFFICE;
1732 1712 90 33 JAN.
1839 1717 52 33 es,
1910 1718 80 28 1810,

1197 1756 156 31 Member
1365 1756 161 31 returned
1543 1764 33 24 to
1591 1765 93 22 serve
1698 1756 33 31 in
1754 1757 65 30 this
1835 1762 137 36 present
1986 1759 219 33 Parliament.

1165 1800 172 43 Countyof
1346 1798 572 35 Limerick.—Lieutenant.Coionel
1934 1797 145 38 William
2094 1803 110 36 Odell.

1370 1887 294 33 BANKRUPTS
1694 1887 337 36 SUPERCEDED.

1165 1931 41 30 T.
1222 1931 206 39 Tallemach,
1443 1929 41 33 of
1491 1931 208 39 Petersham,
1713 1931 113 43 Surry,
1844 1931 128 33 Dealer
1986 1934 35 30 in
2038 1934 123 41 Cattle,

1167 1975 87 31 Wm.
1272 1973 165 39 Botiman,
1460 1973 252 39 Queen-street,
1726 1973 213 39 Southwark,
1961 1978 115 43 Surry,
2101 1980 134 43 Dealer,

1165 2019 71 33 Jas.
1250 2017 113 39 Wain,
1391 2017 69 31 late
1471 2017 43 31 of
1523 2016 157 39 Brixton,
1691 2019 113 38 Slimy,
1824 2019 162 38 Clothier,

1169 2063 87 30 Wm.
1287 2061 148 41 Bridges,
1458 2061 109 31 Great
1594 2061 230 41 Wild-Street,
1850 2063 386 44 Lincoln's-Inn-Fields,

1209 2104 203 41 Middlesex,
1427 2104 197 38 Victualler,

1165 2150 72 33 Jos.
1254 2148 124 41 Webb,
1394 2148 137 39 Bristol,
1546 2148 498 44 Gloueester,Linen-Draper,

1165 2194 72 33 Jas.
1254 2192 178 41 Hawkins,
1443 2192 258 41 Queen-Street,
1712 2192 208 38 Lmehouse,
1935 2194 202 41 Middlesex,
2146 2197 90 31 Tim-

1209 2238 263 35 ber-Merchant,
1696 2244 25 22 ...
1786 2244 17 14 ~

1169 2282 117 39 Henry
1299 2282 120 31 Leech,
1436 2282 93 39 Bury
1542 2280 50 31 St.
1609 2280 192 41 l'Arnotid's,
1816 2280 142 43 Suffolk,
1969 2285 191 43 Merchant,

1169 2326 33 31 J.
1213 2324 139 39 Krauss,
1369 2324 227 41 Manchester,
1608 2324 194 38 Lancaster,
1817 2324 191 41 Merchant,

1170 2369 58 31 Rt.
1246 2362 139 44 Collins,
1408 2365 247 39 Union-Court,
1668 2367 235 41 Bond-Street,
1913 2370 154 35 London.
2082 2372 153 41 Builder,

1169 2413 43 33 T.
1225 2411 157 38 Proctor,
1400 2411 326 39 Nightingale-Lane
1742 2411 49 31 St.
1809 2411 146 44 George,
1970 2414 203 36 Middlesex.

1170 2455 52 30 W.
1241 2455 107 38 Blow,
1365 2452 178 39 Hertford,
1557 2454 148 33 Tanner.

1661 2491 13 2 _
1685 2491 9 2 _

1170 2498 33 31 J.
1222 2496 113 43 Hyde,
1351 2496 63 33 and
1430 2496 35 33 J.
1479 2496 169 39 Clemson,
1660 2496 228 41 Manchester,
1902 2499 197 43 j,aneaster,
2117 2502 109 41 Dyers,

1170 2540 54 31 W.
1243 2540 137 41 Hendy,
1395 2542 164 36 Swansea,
1576 2540 214 39 Glamorgan,
1802 2539 198 38 Victualler.

1551 2580 6 2 .
1584 2580 8 2 .

1170 2584 30 33 J.
1217 2584 118 41 Camp,
1357 2583 90 31 West
1463 2583 200 35 Smithfield,
1680 2583 151 38 LUndOn,
1847 2586 184 33 Stationer.

1170 2627 33 33 J.
1222 2625 181 43 Salisbury,
1420 2625 183 41 Highgate,
1614 2625 202 38 Middlesex,
1833 2624 198 46 Victualler.

1225 2669 74 33 Van
1310 2669 115 44 Dyck,
1439 2669 386 43 Fenehurch-buildings,
1843 2672 154 39 London,
2006 2669 178 38 Nterehant,

1173 2715 38 30 C.
1227 2715 124 38 Haley,
1365 2713 312 39 Wigmore,Street,
1688 2713 200 39 Middlesex,
1907 2718 269 31 Watch-Maker.

1172 2756 44 33 R.
1231 2759 192 36 Buchanan,
1436 2756 194 43 Liverpool,
1647 2756 195 43 Lancaster,
1852 2759 137 33 Vender
2000 2762 43 31 of
2052 2762 189 33 Medicines

1172 2802 54 30 W.
1244 2800 192 41 Ellsworth,
1452 2800 195 41 Westbury,
1663 2800 209 41 Gloucester,
1890 2803 137 33 Dealer.

1172 2844 43 30 T.
1228 2844 187 38 Midwood,
1428 2844 206 39 Bow-Lane,
1650 2843 198 43 Cheapside,
1858 2847 153 38 London,
2027 2847 137 35 Dealer.

1743 2887 8 2 •
1843 2887 5 2 .
2003 2887 8 2 .

1175 2887 43 31 R.
1233 2888 71 31 Lee
1315 2888 65 30 and
1397 2888 46 31 D.
1460 2887 126 41 Payne,
1600 2888 200 41 Cheapside,
1816 2890 153 41 London,
1986 2893 205 33 Merchants.

1175 2931 47 31 W.
1239 2932 164 36 Bagnold,
1419 2931 194 38 Liverpool,
1628 2931 197 38 Lancaster,
1843 2935 148 31 Brewer.

1172 2973 44 33 R.
1233 2973 110 39 Hunt,
1357 2972 261 41 Ilileklersbury,
1631 2975 156 35 London.
1802 2976 137 35 Dealer.

1172 3017 31 31 J.
1216 3017 178 38 Richards,
1403 3017 250 38 Sloane-street,
1665 3017 150 41 Chelsea,
1825 3020 417 46 Middlesex,Apothecary

1172 3060 43 31 T.
1233 3060 129 39 Norris,
1381 3060 225 41 Manchester,
1622 3061 195 41 Lancaster,
1833 3065 189 35 Merchant.

1173 3106 39 31 P.
1231 3104 145 39 Godart,
1402 3104 265 33 Wilmot-Strect
1687 3104 439 39 Tottenani-Court-Road
2154 3110 66 33 Mid-

1214 3148 134 35 dlesex,
1357 3148 324 33 Tallow-Chandler.

1444 3192 359 39 CERTIFICATES,
1827 3195 88 33 FEB.
1932 3198 52 30 16.

1216 3236 132 41 George
1356 3235 162 33 Lambert
1531 3236 65 30 and
1606 3236 148 31 Thomas
1767 3238 151 41 Frauciv,
1929 3238 39 33 of
1976 3238 268 44 Mile-end-road,

1173 3277 200 41 Middlesex,
1395 3279 400 33 coachmakers.—James
1809 3280 139 43 Davies,
1964 3282 39 33 of
2011 3282 120 41 Rised,
2148 3285 96 31 Mon.

1170 3323 129 39 month,
1328 3323 317 33 merehant,John
1672 3323 150 43 Walker,
1860 3324 39 31 of
1929 3326 318 44 Blackman-street,

1170 3365 416 43 linendraper.—William
1743 3367 66 31 kr.
1850 3367 41 33 of
1920 3370 326 44 Monmouth-street,

1170 3411 288 38 grocer.—James
1480 3408 189 36 Cleuunons
1685 3411 66 31 and
1765 3411 41 33 C.
1820 3411 112 38 Price,
1957 3414 131 39 Strand,
2117 3414 110 35 cheese-

1170 3455 244 36 mongers.—J.
1430 3452 191 33 Robertson
1635 3455 65 30 and
1713 3455 41 39 J..
1764 3455 106 38 Stein,
1885 3455 39 31 of
1932 3457 173 31 Laurence
2118 3458 106 33 Pount-

1170 3496 162 41 ney-Hill,
1353 3496 287 33 merehants.—T.
1669 3496 178 39 Maynard,
1874 3499 231 39 Clerkenwell,

2129 3502 99 38 .horse-

1170 3540 71 31 hair
1254 3534 354 38 Manufacturer.—W.
1630 3540 101 39 Ford,
1761 3540 39 33 of
1817 3543 222 41 Beekington,
2066 3545 178 43 Somerset,

1170 3584 63 31 mul
1239 3589 27 25 ts
1271 3589 102 31 ter.—
1380 3584 50 30 W.
1447 3583 151 31 Wooleot
1605 3589 24 35 t,
1638 3584 39 31 of
1682 3584 176 39 Lambeth,
1879 3584 224 35 builder.--A.
2187 3589 38 33 ke-

1170 3625 87 38 ford,
1274 3627 41 31 of
1324 3627 169 39 Coleshill,
1513 3625 271 41 AVarwickshire,
1808 3628 230 35 butcher.-4.
2054 3630 191 44 Pickering,

1170 3669 41 30 of
1220 3669 180 41 Halliwell,
1422 3669 66 31 and
1504 3668 39 31 E.
1561 3671 106 38 Platt,
1693 3669 39 31 of
1748 3671 107 31 Little
1871 3671 135 38 Bolton,
2035 3674 208 38 Lancashire,

1170 3710 422 43 eotton.spinners.—John
1611 3713 87 39 Roll,
1713 3712 165 43 ofKin,g'y
1891 3715 159 43 Langley,
2068 3717 157 35 Hertford-

1169 3754 87 31 shire
1279 3754 265 43 carpenter.—J.
1559 3756 30 30 R
1595 3754 184 39 ichardson,
1805 3754 6 47 •
1850 3754 5 47 -
1865 3759 183 38 Kingston
2047 3761 197 41 upon:Hull,

1169 3797 96 41 spirit
1291 3795 276 35 merchant.—W.
1592 3800 110 38 Suter,
1728 3800 41 30 of
1787 3800 183 41 Deptford,
1998 3802 167 44 briek.layt

1169 3841 52 33 W.
1249 3841 107 35 Codd,
1387 3839 41 31 of
1458 3839 291 41 Cateatou-street,
2066 3846 115 41 Amer,
2209 3849 39 31 of

1169 3885 202 38 Dockhead,
1394 3885 131 39 Surrey,
1539 3885 217 38 glazier.—A.
1773 3887 191 39 Rawlinson
1978 3887 65 33 and
2058 3885 186 47 T..Bagot,

1169 3928 41 31 of
1219 3928 191 43 Liverpool,
1433 3929 277 33 merchants.—J.
1726 3929 120 44 Comb,
1869 3932 41 30 of
1921 3932 118 41 Upper
2055 3932 186 35 Cleveland-
2241 3946 8 13 -

1169 3975 117 36 street,
1306 3972 117 31 baker.

1332 4077 145 33 PRICE
1502 4077 61 33 OF
1587 4079 180 35 STOCES
1789 4080 302 38 YESTERDAY.

1247 4139 25 33 3
1290 4145 69 39 per
1376 4132 112 39 Cent.
1510 4134 118 39 Cons.
1956 4140 71 38 Ac.
2049 4139 106 52 G6i4

1425 4247 66 33 'lO
1517 4249 465 36 CORRESPONDENTS.

1209 4291 65 33 We
1288 4302 55 22 are
1359 4291 134 41 obliged
1523 4298 36 27 to
1589 4293 82 35 omit
1691 4306 36 22 Fe
1732 4306 16 22 v
1753 4298 69 31 eral
1852 4296 306 38 Communications
2178 4299 63 35 and

1165 4334 290 35 Advertisements
1471 4335 54 33 for
1539 4342 90 27 want
1644 4339 41 31 of
1693 4350 106 20 room.

1209 4387 112 35 Those
1337 4391 140 33 Persons
1494 4391 72 33 who
1591 4392 82 31 wish
1688 4398 33 25 to
1748 4394 43 31 be
1817 4395 167 41 regularly
1997 4394 151 44 supplied
2164 4397 79 33 with

1169 4433 57 31 the
1236 4433 290 35 ANTIGALLICAN
1545 4446 55 22 are
1616 4438 176 41 requested
1809 4441 35 31 to
1872 4439 74 41 give
1969 4438 87 38 tlitir
2079 4439 113 36 ordeFs
2208 4444 35 31 to

1169 4476 85 35 their
1269 4472 180 39 Newsmen
1463 4487 36 25 as
1510 4487 82 27 soot
1606 4490 35 24 as.
1652 4480 159 43 possible.

2272 266 112 33 NEW
2408 263 231 36 THEATRE
2661 263 178 36 ROYAL,
2865 263 205 31 COVENT
3102 260 222 35 GARDEN.

2528 315 192 33 To-Morrow
2720 321 20 27 ,
2754 315 68 33 will
2839 315 41 33 be
2894 315 191 43 performed
3211 329 8 8 •

2457 359 128 33 KING
2608 359 225 33 RICHARD
2857 359 102 30 THE
2981 359 178 31 THIRD.

2491 403 104 33 Duke
2611 402 39 33 of
2661 403 211 36 Gloucester,
2896 403 66 33 Mr.
2976 402 156 35 Keiuble.

2745 455 109 22 wITH

2422 487 293 38 HARLEQUIN
2761 488 104 33 AND
2912 480 276 41 ASMODEO.

2315 545 206 43 Tuesday,.
2521 540 170 38 Gustavtis
2709 542 129 43 •Vasa-
2838 542 20 43 7
2858 542 220 43 Weduesday,
3113 543 31 31 A
3183 540 161 36 selection

2272 589 85 31 from
2373 592 57 28 the
2443 584 167 36 Oratorio'
2633 587 41 31 of
2691 587 58 31 the
2765 586 413 44 MEssiAtr—Thursday,
3198 586 31 31 A
3247 586 96 31 NEW

2274 633 96 31 WAY
2392 641 49 24 TO
2466 641 77 24 PAY
2567 631 85 33 OLD
2674 631 156 33 DEBTS.:

2477 710 431 44 THEATRERoy4L,
2934 715 217 38 LYCEUM.
3203 710 3 44 .

2531 765 213 35 To-morrow
2754 767 68 39 Till
2836 765 252 44 he.perforincd

2595 811 131 35 DEAF
2745 811 107 33 AND
2876 803 156 43 DUMB.

2751 863 109 25 WITH

2564 898 3 35 .
2625 899 104 31 THE
2751 898 93 33 BEE
2865 898 139 35 HIVE.

2317 951 290 44 Tuesday—THE
2630 951 140 33 HONEY
2794 953 131 31 MOON.
2932 951 5 44 ,
2965 951 3 44 •
3020 951 2 44 •
3120 959 8 19 I
3176 951 5 44 •

2318 995 58 33 On
2389 1000 146 30 account
2556 997 43 31 of
2614 997 57 31 the
2699 995 236 43 indisposition
2965 995 39 33 of
3030 1006 20 20 a
3076 995 164 41 principal
3239 995 19 41 ,
3274 1005 57 30 per-

2276 1038 134 43 former'

2433 1041 57 31 the
2513 1039 90 33 New
2625 1039 164 43 Operatic
2822 1039 140 39 Drama,
2986 1039 106 33 called
3115 1039 102 31 THE
3239 1039 83 30 PEA-

2276 1082 148 33 SANT
2424 1082 113 39 BOY,
2551 1082 28 39 is
2592 1080 225 41 unavoidably
2833 1082 153 33 deferral
3005 1082 49 33 till
3065 1082 176 39 Thursday
3255 1085 94 28 next.

2274 1187 150 52 THE
2444 1187 526 52 ANTIGALLICAN
2998 1189 351 50 MONITOR.

2683 1329 250 39 LONDON.

2548 1395 279 49 JANUARY
2849 1409 65 39 27,
2946 1389 117 55 181'1.

2685 1513 263 43 BPLLETIN.

2858 1570 153 33 Windsor
3025 1570 123 38 Castle,
3162 1567 146 43 .7ae26:

2357 1620 66 33 His
2436 1622 150 41 Majesty
2600 1630 77 36 goes
2691 1630 44 24 on
2750 1622 33 33 in
2798 1633 20 22 a
2831 1622 214 46 satisfactory

2726 1677 142 43 (Signed
2885 1677 43 44 by
2939 1679 55 31 the
3006 1679 66 33 five
3085 1680 224 44 Physicians).

2331 1789 87 41 The
2449 1789 238 41 continental
2721 1792 115 38 News
2865 1792 49 38 of
2940 1792 66 41 the
3041 1794 76 39 last
3148 1797 107 39 week
3282 1798 72 44 has

2280 1855 96 38 been
2394 1868 91 39 very
2513 1855 140 39 barren
2666 1869 11 33 ;
2707 1857 157 39 advices
2894 1858 101 38 from
3011 1860 109 39 Paris
3151 1866 99 35 state
3265 1863 88 39 that

2279 1918 202 41 American
2507 1920 137 47 vesels,
2674 1921 77 39 and
2772 1931 175 44 cargoes,
2969 1924 96 39 have
3085 1924 99 41 been
3200 1940 132 38 seques-

2279 1984 107 39 tered
2408 1984 38 39 in
2468 1984 101 52 spite
2603 1984 49 39 of
2677 1986 68 39 the
2765 2000 228 28 assurances
3028 1989 47 39 of
3099 1992 252 52 Bonaparte's

2279 2050 87 39 love
2384 2050 61 39 for
2465 2050 66 39 the
2550 2052 236 39 Americans.
2843 2054 87 38 The
2951 2055 139 39 servile
3106 2058 184 47 conduct,
3307 2058 50 39 of

2279 2115 65 39 the
2356 2115 241 54 Frenchtfied
2611 2117 124 41 Junto
2746 2117 49 54 of
2808 2118 266 55 Washin.gton,
3096 2121 80 49 will
3198 2123 47 39 be
3261 2137 71 39 pro-

2279 2180 109 52 perly
2398 2181 169 49 exposed
2584 2181 38 38 in
2644 2195 72 25 our
2731 2189 93 31 next
2838 2183 178 39 number.

2331 2247 91 38 Just
2444 2258 41 25 as
2507 2260 72 25 our
2595 2249 137 49 Paper,
2753 2261 77 24 was
2860 2247 118 52 going
2997 2252 41 36 to
3054 2250 126 49 Press,
3214 2266 58 25 we
3296 2269 39 25 re-

2280 2310 131 41 ceived
2431 2312 135 39 Dutch
2587 2312 76 39 and
2690 2313 150 38 French
2860 2323 154 41 papers,
3050 2313 47 39 of
3131 2315 66 41 the
3243 2320 112 43 17th.

2279 2375 124 38 which
2419 2375 54 39 do
2487 2381 71 33 not
2569 2376 156 38 contain
2740 2389 76 39 any
2831 2376 211 50 particular
3055 2392 115 33 news,
3191 2381 72 38 but
3277 2384 60 49 pri-

2280 2444 85 31 vate
2380 2438 145 46 letters,
2535 2439 175 38 received
2724 2439 98 38 from
2843 2439 120 46 Paris,
2981 2441 49 36 of
3044 2441 65 39 the
3129 2444 124 39 above
3263 2446 91 41 date

2280 2507 110 39 state,
2408 2502 87 38 that
2515 2504 246 49 Buonaparte
2778 2502 66 38 has
2868 2504 38 38 in
2894 2543 22 27 t
2924 2507 249 49 preparation
3192 2510 164 38 another

2282 2567 238 39 IMPERIAL
2540 2565 206 47 DECREE,
2765 2581 41 24 as
2825 2562 216 58 secondary
3066 2575 41 33 to
3126 2572 66 38 the
3209 2586 74 27 one
3307 2573 35 39 is-

2282 2628 94 41 sued
2409 2643 52 27 on
2487 2630 66 39 the
2572 2630 269 52 manufactory
2861 2630 46 39 of
2929 2633 181 47 tobacco,
3126 2660 27 20 --
3153 2660 14 20 7
3167 2660 14 20 7
3195 2636 85 41 that
3309 2639 49 52 is,

2283 2707 49 25 on
2350 2696 65 38 the
2428 2693 156 50 subject
2600 2696 47 39 of
2658 2696 66 39 the
2737 2696 74 38 silk
2828 2696 298 41 manufactories
3142 2701 47 38 of
3198 2704 131 50 Lyons
3343 2720 14 31 ;

2283 2759 74 39 and
2380 2759 38 39 in
2439 2757 129 41 future
2584 2773 50 25 no
2649 2759 165 41 licences
2830 2759 77 39 will
2921 2759 49 41 be
2984 2764 162 49 granted
3159 2770 44 33 to
3217 2773 142 46 export

2283 2836 96 25 even
2400 2824 180 39 brandies
2598 2838 44 25 or
2660 2839 28 24 w
2698 2824 94 47 ines,
2811 2825 165 39 without
2994 2839 24 25 a
3031 2828 143 41 certain
3198 2844 139 41 propor-

2285 2888 80 39 tion
2402 2888 49 38 of
2482 2888 291 41 manufactured
2816 2888 74 41 silk
2901 2891 161 39 —such
3082 2907 159 38 cargoes
3279 2898 80 39 will

2283 2965 117 27 never
2416 2959 66 46 get
2501 2954 235 39 admittance
2765 2954 80 39 into
2872 2967 24 28 a
2924 2956 145 43 British
3098 2965 91 46 port
3209 2959 72 41 but
3296 2961 63 46 for

2285 3017 313 38 condemnation.

2339 3135 46 38 In
2405 3135 61 38 the
2496 3137 146 52 Report
2665 3139 107 35 made
2806 3148 36 27 to
2872 3137 285 43 BONAPARTE
3172 3135 3 57 •
3200 3143 161 49 (which,

2285 3189 49 47 by
2351 3189 63 38 the
2431 3191 85 47 bye,
2535 3192 28 36 is
2595 3192 164 38 dictated
2798 3194 47 46 by
2868 3192 170 47 himself)
3069 3195 50 49 by
3140 3195 57 38 his
3222 3198 118 38 Minis-

2287 3252 55 27 ter
2361 3241 263 41 CHAMPAGN
2636 3249 44 41 Y;
2707 3244 181 38 ci-devant
2907 3244 255 50 Sans-culotte,
3184 3252 69 38 but
3277 3260 87 30 now

2288 3296 115 38 Duke
2425 3296 3 52 .
2441 3302 44 31 of
2512 3296 165 47 Cadore,
2710 3301 118 36 about
2861 3299 63 38 the
2965 3301 175 39 Political
3157 3296 6 52 -
3180 3304 104 39 State
3321 3306 44 43 of

2288 3351 176 49 Europe,.
2485 3351 74 38 this
2591 3353 178 50 Minister
2783 3365 98 38 says,
2902 3353 82 38 that
3050 3356 170 50 England
3243 3359 120 41 could

2285 3403 93 38 have
2398 3406 110 36 saved
2546 3406 183 46 Holland,
2751 3419 39 25 as
2828 3406 68 38 she
2921 3408 115 39 could
3063 3408 180 52 formerly
3263 3413 99 38 have

2283 3458 110 38 saved
2417 3458 162 46 Prussia,
2602 3460 50 50 by
2672 3460 164 50 making
2855 3472 118 38 peace
2994 3463 90 36 with
3107 3465 154 46 France,
3283 3468 82 38 and

2285 3510 85 38 with
2395 3512 128 49 regard
2543 3521 38 28 to
2597 3513 183 43 Holland,
2800 3513 184 52 although
3005 3515 82 39 that
3106 3524 162 44 country
3285 3532 80 27 was

2283 3567 184 46 governed
2491 3567 52 47 by
2557 3578 22 25 a
2600 3567 145 36 French
2781 3567 145 43 Prince,
2969 3570 30 36 it
3017 3570 247 41 nevertheless
3280 3584 85 30 .was

2605 3620 91 38 This
2715 3622 28 36 is
2759 3633 71 24 one
2850 3624 39 33 of
2904 3620 65 39 the
2986 3630 94 30 most
3102 3625 156 36 curious
3277 3638 87 39 spew

2309 3671 118 38 inicus
2460 3674 44 35 of
2532 3674 170 49 political
2735 3674 96 47 logic
2854 3687 68 25 we,
2943 3674 93 38 have
3055 3688 88 24 seen
3170 3677 58 38 foi
3254 3690 112 25 some

2285 3724 102 44 time,
2408 3724 181 50 although
2611 3740 52 22 we
2699 3726 93 36 have
2827 3740 87 25 seen
2926 3726 31 39 11,
2978 3737 104 38 great
3104 3729 83 38 deal
3208 3731 44 36 of
3266 3732 65 41 NA-

2283 3780 219 36 POLEON'S
2532 3781 173 47 political
2729 3780 189 50 fabrique.
2945 3781 72 41 :In
3043 3783 61 36 the
3135 3784 79 38 first
3236 3786 123 49 place,

2285 3844 109 33 (-very
2417 3831 98 50 body
2537 3833 129 38 knows
2685 3833 85 38 how
2791 3833 54 38 far
2863 3833 167 41 Holland
3044 3849 74 24 was
3131 3836 233 50 independent

2285 3885 44 36 of
2346 3885 140 38 France
2507 3887 104 36 when
2635 3885 65 38 she
2721 3899 74 25 was
2813 3890 186 47 governed
3022 3891 49 46 by
3094 3890 161 47 Louts;
3291 3894 71 38 but

2283 3939 206 50 supposing
2529 3940 83 36 that
2644 3948 39 30 to
2715 3940 96 38 have
2846 3943 91 35 been
2965 3942 63 38 the
3049 3954 99 35 case,
3183 3956 72 27 can
3288 3959 76 27 one

2285 3989 260 41 Government
2576 4006 66 36 say
2665 4000 38 30 to
2732 3994 172 44 another,
2992 4008 107 25 mice
3134 4011 117 38 peace
3269 4000 96 43 wits

2285 4057 61 25 me
2365 4058 43 24 or
2439 4046 14 35 I
2476 4046 72 36 will
2570 4049 85 33 take
2688 4060 47 25 an
2765 4047 255 50 independent
3033 4060 162 43 country
3217 4058 38 31 to
3279 4066 85 39 my,..

2406 4099 164 38 without
2586 4102 213 49 aggression
2820 4115 49 24 on
2883 4102 98 38 their
2998 4112 96 43 part,
3110 4106 74 38 and
3198 4107 93 43 with
3291 4107 71 43 Out

2285 4162 76 38 any
2395 4153 110 38 other
2543 4154 140 39 motive
2706 4154 88 38 than
2817 4164 38 28 to
2885 4157 225 49 aggrandize
3146 4159 104 38 itself
3261 4175 9 28 ;
3302 4162 60 38 for

2285 4206 143 38 neither
2450 4206 153 41 Prussia
2622 4220 71 25 nor
2715 4208 169 38 Holland
2921 4211 71 36 had
3030 4224 76 38 any
3128 4213 102 50 thing
3254 4222 9 27 t
3263 4222 9 27 ,
3324 4217 35 35 iu

2285 4258 88 38 with
2395 4260 63 38 the
2474 4261 172 50 quarrels
2661 4263 43 36 of
2718 4261 143 39 France
2877 4265 74 36 and
2976 4265 183 44 England.
3222 4268 33 39 lf
3272 4269 60 38 NA-

2288 4323 173 28 POLEON
2485 4315 74 36 had
2587 4324 66 28 not
2676 4315 98 38 done
2792 4329 74 36 any
2888 4315 107 52 thing
3022 4318 120 41 •inore
3142 4318 19 41 .
3161 4318 82 41 tban

2285 4365 28 39 it
2332 4375 101 30 must
2466 4369 109 50 bring
2594 4369 217 38 conviction
2847 4369 112 39 home
2976 4381 38 27 to
3030 4384 113 39 every
3165 4375 194 43 imp:utial

2285 4433 101 33 man,
2419 4419 85 41 that
2531 4420 49 39 he
2609 4422 30 38 is
2685 4424 154 50 nothing
2888 4436 104 27 more
3031 4427 90 36 than
3159 4443 22 20 a
3214 4433 129 39 rev,)lu-

2285 4474 150 55 tionary
2457 4474 228 52 freebooter,
2707 4479 162 52 wearing
2887 4491 25 27 a
2942 4491 128 30 ciowu
3096 4483 236 54 a.ndct,vt,it,,
