3443 4534
380 194 466 49 PROSPECTUS.

112 310 54 44 'ln
191 312 213 44 announcing
433 318 36 30 to
494 318 57 30 the
583 318 121 31 Public
715 318 63 33 .the
803 317 161 31 intended
989 317 153 33 establish-

76 361 98 30 &lent
187 357 43 31 of
238 367 20 24 a
279 357 214 43 Newspaper
504 359 107 33 under
625 361 57 31 the
707 361 107 31 above
830 361 88 41 title,
934 362 55 31 the
1006 362 131 38 Conduc-

71 405 65 28 tor
148 402 91 31 feels,.
249 403 28 30 it
299 402 197 33 incumbent
521 414 43 20 on
580 403 66 31 him
665 408 35 27 to
715 408 96 27 avow
822 405 57 30 the
890 405 146 30 motives
1049 405 109 30 which

77 444 87 33 have
187 444 146 33 induced
351 444 68 33 him
444 449 36 28 to
504 446 41 41 it,
561 446 65 33 and
650 447 58 31 the
723 446 181 44 principles
932 457 90 31 upon
1047 447 110 33 which

69 488 38 31 it
126 488 68 30 will
206 488 41 30 be
263 487 203 33 conducted.
655 487 2 33 •
723 487 3 33 -
806 487 2 33 •

121 532 58 30 He
206 532 60 30 has
291 532 104 38 lately
422 532 99 39 given
537 537 38 27 to
605 532 55 31 the
688 532 118 31 World
824 543 19 20 a
868 534 121 38 Work,
1017 532 140 31 entitled

74 572 63 36 the
202 575 109 33 Secret
332 573 139 44 History
499 575 38 39 of
545 576 54 31 the
614 575 132 33 Cabinet
756 576 39 39 of
1071 575 72 35 illus-

80 617 128 39 trating
225 617 49 30 his
301 617 176 33 character
490 619 66 31 and
584 619 148 41 politics.
776 620 83 30 This
880 620 98 30 work
1000 620 58 30 has
1074 619 83 33 been

74 660 180 35 'honoured
271 660 82 33 with
378 671 19 22 a
413 671 82 33 very
510 663 90 41 large
616 663 134 41 portion
764 661 43 35 of
816 661 115 44 public
946 663 211 41 aprobatiun,

79 704 68 33 and
164 706 61 31 the
249 704 135 31 Author
400 706 71 39 has,
487 706 35 31 in
546 715 243 33 consequence,
817 707 82 31 been
915 707 104 41 urged
1043 707 43 41 by
1102 709 55 30 the

77 751 93 30 most
197 746 243 44 distinguished
463 748 161 33 Political
647 748 202 35 Characters
863 750 35 33 in
926 751 71 30 th
997 751 161 41 Country,

80 791 43 33 of
139 791 159 31 different
326 792 128 41 parties
469 794 65 30 and
559 794 231 39 connections,
817 797 31 28 to
871 792 159 33 establish
1058 805 20 20 a
1094 795 43 31 Po-

79 833 112 33 litical
208 833 192 33 Periodical
417 833 123 44 Paper.

126 879 184 30 Whatever
326 887 77 33 may
419 879 39 31 be
474 880 57 30 the
545 879 153 41 political
717 882 124 38 system
858 879 41 31 of
910 879 57 33 the
986 879 173 35 Ministers

80 920 43 33 if
148 921 58 30 the
219 920 79 43 day,
321 931 38 20 or
386 921 55 31 the
469 923 139 41 opinion
633 923 41 30 of
698 923 88 33 their
800 923 203 41 Opponents
1019 934 43 22 on
1088 923 71 33 that

79 967 140 38 system,
243 964 83 31 both
348 964 139 41 parties,
512 967 41 30 he
567 965 28 31 is
625 965 200 41 convinced,
839 965 71 31 will
929 964 69 36 feel
1025 967 134 41 pleased

80 1005 38 33 to
142 1014 57 24 see
216 1008 54 31 the
299 1008 131 41 perfidy
452 1008 65 31 and
532 1008 186 43 profligacy
732 1009 38 31 of
795 1011 57 30 the
868 1011 129 30 French
1022 1019 118 31 govern-

77 1054 99 28 ment
192 1049 169 44 exposed;
384 1050 55 36 the
458 1055 74 28 true
539 1052 175 33 character
726 1052 41 33 of
778 1052 44 33 its
838 1052 107 33 Ruler
959 1052 200 43 developed;

77 1093 68 31 and
162 1102 20 22 a
197 1094 132 31 clearer
343 1094 124 39 Insight
482 1096 101 41 given
603 1098 35 30 to
654 1096 57 30 the
734 1096 131 41 People
880 1096 41 30 of
926 1096 66 33 this
1009 1096 150 41 Country

80 1135 43 33 of
134 1137 60 31 the
206 1137 71 33 real
299 1140 90 31 state
417 1137 39 33 of
466 1140 57 30 the
540 1137 157 33 different
712 1137 180 35 Courts'of
915 1139 146 41 Europe.
1106 1140 54 31 Ti

77 1181 213 41 accomplish
324 1181 94 31 these
443 1181 175 33 .desirable
650 1181 143 41 objects,
838 1183 66 31 The
940 1183 219 39 Antigallican

80 1224 150 35 Monitor
244 1224 30 31 is
299 1224 216 41 established,
531 1225 66 31 and
613 1224 28 33 it
655 1230 90 27 must
759 1225 43 31 be
820 1225 154 39 allowed,
991 1225 72 31 that
1077 1227 80 30 such

80 1268 24 33 II
118 1266 214 44 publication
356 1268 28 30 is
413 1269 99 30 much
537 1268 134 33 wanted
701 1272 38 27 at
767 1268 61 31 the
839 1272 137 36 present
997 1274 159 27 moment.

124 1310 39 31 It
183 1320 77 31 may
290 1312 145 41 perhaps
460 1310 44 31 be
526 1310 117 43 urged,
668 1312 74 31 that
754 1321 54 20 we
824 1321 57 20 are
910 1312 134 41 already
1066 1312 76 33 inun-

79 1353 107 33 dated
222 1353 85 33 with
337 1353 227 44 Newspapers
597 1353 41 33 of
655 1364 101 33 every
786 1353 206 43 description
1005 1369 8 25 ;
1036 1356 65 30 and
1131 1356 28 31 it

80 1400 128 27 cannot
235 1394 63 33 but
323 1397 41 30 be
381 1397 175 30 confessed
575 1397 74 30 that
663 1406 91 22 some
783 1397 43 31 of
843 1397 57 30 the
913 1397 104 41 Daily
1044 1398 115 31 Prints

74 1443 65 25 are
154 1436 192 31 conducted
364 1438 44 41 by
424 1447 76 22 men
515 1438 41 33 of
578 1439 222 41 pre-eminent
814 1438 63 33 and
893 1439 266 43 acknowledged

76 1479 129 41 ability
222 1490 8 20 :
261 1485 60 35 yet
348 1490 61 22 our
438 1482 140 31 relative
592 1482 162 33 situation
784 1482 82 38 with
890 1483 57 28 the
976 1483 183 31 Continent

77 1521 35 31 is
134 1523 98 39 such,
255 1523 74 31 that
351 1523 46 33 all
422 1524 249 31 comunication
701 1524 142 41 through
858 1521 159 47 'ordinary
1047 1537 112 22 means

76 1564 36 33 is
139 1570 61 27 cut
222 1565 58 41 off,
307 1567 66 30 and
400 1567 91 31 what
517 1569 90 31 little
635 1567 217 35 information
882 1567 27 33 is
935 1570 224 41 occasionally

80 1608 165 33 obtained
280 1608 87 33 from
394 1611 132 41 thence,
556 1611 121 44 trough
699 1611 186 41 circuitous
923 1611 170 44 channels,
1132 1614 27 31 is

80 1652 113 33 either
219 1652 124 44 partial
369 1663 38 22 or
427 1658 135 35 untrue,
589 1655 36 30 in
641 1663 230 33 consequence
893 1654 41 31 of
945 1655 55 33 the
1025 1661 134 36 present

82 1696 159 33 enslaved
269 1699 90 31 state
387 1698 41 33 of
449 1698 58 31 the
534 1698 101 33 Press
661 1698 113 41 there;
797 1698 110 33 which
937 1702 61 28 not
1024 1701 79 41 only
1123 1701 36 31 in

80 1740 146 39 France,
257 1740 61 31 but
356 1740 205 41 throughout
594 1742 55 30 the
688 1740 186 33 Continent
912 1743 181 43 generally,
1131 1745 28 30 is

79 1783 214 33 subservient
309 1787 35 27 to
370 1784 57 31 the
441 1783 159 44 despotic
614 1784 68 31 will
710 1784 66 31 and
786 1787 146 38 tyranny
948 1786 41 31 of
1005 1795 65 24 one
1083 1789 76 33 who

80 1827 30 31 is
121 1830 36 30 at
170 1827 55 33 the
236 1835 90 25 same
337 1827 83 31 time
444 1828 57 31 the
515 1827 129 43 Enemy
657 1827 41 33 of
721 1827 148 41 Europe,
882 1827 66 33 and
965 1827 41 33 of
1027 1830 57 31 the
1099 1831 58 30 liu-

77 1871 83 35 Irian
189 1880 90 24 race.
321 1869 38 33 It
391 1866 30 36 is
446 1868 169 36 therefore
647 1871 150 41 evident,
828 1852 58 52 that
940 1872 134 31 neither
1104 1874 55 31 the

76 1915 150 33 slumber
243 1915 43 31 of
296 1918 63 28 our
383 1913 239 44 Newspapers,
638 1923 66 22 nor.
721 1915 57 31 the
792 1913 120 43 ability
924 1915 41 31 of
981 1917 88 31 their
1090 1917 52 33 edi-

79 1964 83 36 tors,
181 1964 69 28 tan
266 1959 123 43 supply
403 1959 68 31 •the
488 1957 214 33 deficiencies
732 1959 93 30 these
843 1957 194 35 difficulties
1060 1959 77 33 occa-

76 2003 94 35 sion.
213 2000 46 44 If,
288 2003 90 41 then,
408 2003 66 31 this
502 2003 157 41 inability
682 2002 28 31 is
734 2002 69 31 still
828 2002 261 43 acknowledged
1121 2009 35 27 to

77 2047 106 41 exist,
197 2057 36 22 as
247 2047 30 31 it
302 2047 30 31 is
345 2046 178 43 presumed
540 2046 27 33 it
584 2049 90 33 must
685 2044 57 41 be,
753 2055 19 22 a
786 2055 77 22 new
874 2044 126 44 Paper,
1016 2047 74 31 that
1101 2049 57 31 has

76 2090 57 35 for
148 2091 44 31 its
208 2090 88 33 basis
310 2090 57 33 the
384 2090 146 33 removal
545 2090 41 31 of
597 2090 94 30 those
713 2085 213 36 defiCiencies
943 2093 49 28 on
1006 2090 112 33 which

71 2134 35 33 is
117 2134 187 43 grounded,
313 2143 167 31 possesses
491 2145 20 19 a
520 2132 261 43 sriperiorclaini
792 2137 35 27 to
838 2131 115 43 public
962 2137 194 38 patronage.

123 2178 38 33 It
170 2178 27 33 is
219 2187 46 24 no
287 2178 96 33 small
397 2178 186 41 advantage
605 2181 35 27 to
655 2176 58 36 the
737 2176 197 31 Conductor
948 2175 41 33 of
1008 2186 19 22 a
1041 2178 93 31 News-

69 2230 128 35 paper,
222 2227 36 28 to
282 2222 85 30 have
384 2220 162 31 travelled
559 2220 33 31 in
619 2220 96 31 thoSe
737 2219 178 33 Countries
939 2219 85 33 with
1046 2220 110 35 which

77 2276 55 22 we
175 2276 58 24 are
294 2263 206 44 principally
539 2263 269 33 connected—to
844 2263 87 31 have
967 2265 187 41 personally

74 2309 129 33 &nown
222 2309 58 31 the
299 2312 90 28 most
403 2306 244 43 distinguished
663 2304 162 33 Political
849 2306 211 36 Characters,
1090 2309 66 31 and

72 2353 61 31 the
167 2351 235 35 construction
425 2348 41 35 of
487 2351 57 30 the
567 2348 159 33 different
750 2348 159 33 Cabinets
934 2348 41 31 of
995 2350 137 43 Europe
1145 2362 9 19 :

74 2397 57 31 for
153 2394 58 35 the
227 2395 104 33 sudeu
343 2391 169 35 eleVation
537 2392 43 33 of
584 2403 19 22 a
625 2392 186 41 particular
833 2392 187 31 individual
1038 2397 35 27 to
1093 2392 43 41 Po-

69 2441 117 33 litical
209 2439 213 43 importance
444 2446 77 31 may
542 2435 77 41 give
636 2446 19 20 a
677 2435 74 31 clue
767 2438 36 28 to
819 2435 137 31 unravel
973 2435 57 31 the
1049 2435 90 36 inten-

74 2485 93 33 tions
178 2483 43 33 of
225 2483 50 31 his
290 2482 244 31 Government.
819 2517 14 2 _
957 2482 5 36 _
1011 2482 6 36 _

118 2529 115 33 These
263 2526 203 41 advantages
490 2523 58 43 the
572 2521 195 33 Conductor
792 2521 41 31 of
854 2523 66 33 The
934 2523 220 39 Antigallican

72 2581 183 35 possesses.
299 2570 74 30 'rite
386 2569 65 31 last
472 2570 57 27 ten
545 2575 96 31 years
661 2564 43 31 he
720 2564 57 31 has
787 2567 102 39 spent
899 2575 43 20 on
967 2565 57 31 the

1033 2564 106 36 .Conti-

72 2619 99 36 tient,
186 2619 61 28 not
274 2613 79 41 only
370 2611 33 31 in
427 2611 55 30 the
501 2608 135 43 Capital
652 2608 41 33 of
710 2608 140 39 France,
872 2606 63 35 but
959 2608 137 33 inmost
1121 2609 38 31 of

72 2658 61 31 the
150 2657 139 43 Capital
302 2655 109 36 Cities
441 2652 36 31 in
493 2654 55 30 the
559 2650 99 33 north
680 2649 41 33 of
737 2652 154 39 Europe;
913 2652 65 30 and
997 2652 77 39 has,-
1091 2652 39 31 du-

71 2701 80 41 ring
167 2701 76 31 that
268 2698 132 44 period,
424 2696 85 31 been
529 2693 203 43 acquainted
748 2693 82 31 with
857 2699 90 27 most
959 2693 41 33 of
1019 2696 55 33 the
1090 2696 49 33 lea-

72 2745 85 41 ding
189 2743 200 31 Characters
419 2740 35 30 in
477 2740 57 30 the
564 2737 134 33 various
726 2737 135 31 Courts.
904 2737 96 41 This,
1024 2739 43 31 he
1082 2739 60 33 flat-

74 2792 71 27 ters
172 2783 140 36 himself
332 2784 41 31 he
397 2783 58 31 has
474 2781 83 43 fully
573 2780 128 43 proved
717 2780 22 39 in
739 2780 13 39 .
773 2780 49 31 his
847 2780 134 31 various
1006 2781 131 41 publica-

71 2830 96 33 tions
181 2843 8 28 ;
211 2828 76 33 and'
307 2827 55 31 the
381 2835 137 24 sources
548 2824 41 31 of
605 2822 216 33 information
847 2824 110 31 which
981 2825 82 33 have
1080 2836 57 22 ena-

72 2874 82 33 bled
170 2872 68 31 him
263 2876 36 27 to
313 2869 246 31 communicate
584 2871 35 27 to
638 2868 55 30 the
709 2866 121 31 Public
846 2866 202 43 interesting
1069 2869 85 31 facts

71 2915 198 44 respecting
298 2913 57 30 the
386 2910 146 35 Cabinet
559 2910 43 31 of
619 2910 225 39 Buonaparte,
869 2910 57 31 the
945 2910 162 33 Readers:
1118 2912 41 33 of

74 2962 71 33 The
169 2957 222 41 Anagellican
419 2954 69 31 will
501 2964 83 22 soon
614 2953 156 43 perceive
795 2962 57 22 are
876 2956 61 28 not
957 2956 194 31 exhausted.

71 3003 77 31 The
162 3002 123 33 Public
301 3009 74 31 may
389 2997 167 33 therefore
569 2997 68 31 still
649 2995 235 43 dependopon
898 3006 20 20 a
931 2998 222 33 continuance

69 3044 46 33 of
124 3047 74 30 that
208 3043 200 41 interesting
417 3041 65 33 and
493 3038 175 35 authentic
680 3038 216 33 information
907 3039 35 31 in
951 3041 65 31 this
1030 3041 121 44 Paper.

68 3082 2 44 •
120 3088 41 31 In
176 3088 128 31 former
326 3085 110 41 times,
458 3083 131 33 certain
605 3082 197 43 Principles
825 3082 41 33 of
882 3083 57 31 the
969 3083 173 35 Publicists-

71 3131 44 31 of
123 3134 57 30 the
195 3131 69 31 Old
282 3129 126 33 School
430 3128 109 43 might
554 3128 83 30 have
657 3126 82 31 been
753 3128 157 41 properly
926 3129 99 31 acted
1041 3140 88 31 upon
1143 3145 8 27 ;

71 3175 66 31 but
151 3175 140 31 modoru
312 3173 189 33 Statesmen
526 3173 123 35 cannot
663 3169 107 43 safely
784 3170 106 41 adopt
904 3172 102 35 them,
1052 3175 99 31 What

69 3225 71 25 vas
156 3217 162 41 formerly
329 3214 110 33 called
465 3213 187 33 Publicism
669 3211 27 33 is
723 3222 74 25 now
813 3213 145 43 reduced
981 3219 35 28 to
1033 3216 118 33 Police
1156 3211 3 47 -

72 3260 216 35 Ordinances
299 3269 9 20 :
332 3258 54 31 for
409 3258 58 31 the
480 3263 76 25 man
584 3257 76 30 who
676 3258 35 30 at
726 3252 143 46 present
890 3258 88 31 rules
997 3258 55 31 the
1079 3260 54 33 des-

69 3306 104 35 tinies
187 3304 39 31 of
233 3304 128 30 France
372 3302 58 30 has
454 3298 162 43 outraged
631 3299 43 31 all
690 3299 200 33 established
904 3301 80 31 laws
1000 3301 65 33 and
1079 3313 55 24 usa-

68 3359 72 33 ges,
157 3345 66 33 and
254 3346 58 31 has
332 3348 54 28 set
402 3346 36 30 at
449 3342 151 33 defiance
625 3342 71 33 that
718 3348 72 27 sort
808 3342 41 33 of
869 3348 157 38 courtesy
1041 3346 107 33 which

69 3394 61 31 has
154 3392 87 30 been
265 3387 170 41 generally
458 3386 263 41 acknowledged
748 3386 44 41 by
817 3386 153 33 civilized
997 3389 129 33 Govern-

69 3438 124 36 ments,
219 3433 66 33 and
309 3430 110 33 which
439 3431 61 35 has
521 3438 85 24 even
627 3420 173 49 regulated
824 3430 181 33 Barbarian
1031 3433 117 39 Chiefs.

69 3477 61 33 ale
154 3477 58 31 has
243 3476 35 31 in
293 3477 82 38 fact,
405 3474 43 43 by
469 3474 83 31 such
576 3472 159 41 conduct,
764 3482 214 24 OUTLAWED
1006 3474 142 35 himself.

71 3518 99 35 With
184 3521 66 31 him
261 3518 93 33 force
367 3515 202 36 Constitutes
581 3515 101 43 right,
699 3515 63 31 and
773 3523 41 25 an
833 3515 118 44 ability
964 3521 36 27 to
1014 3518 135 35 enforce

71 3573 22 24 a
109 3562 198 44 permission
326 3567 35 28 to
378 3562 106 31 insist.
529 3559 69 33 Yet
614 3569 57 22 are
685 3559 50 30 his
751 3559 129 31 actions
891 3559 167 41 justified,
1071 3573 58 22 con-

68 3608 121 33 cealed
217 3606 106 35 under
337 3616 20 22 a
373 3605 82 31 false
480 3603 186 38 colouring,
680 3602 65 31 and
759 3611 83 22 even
872 3603 180 38 magnified
1076 3606 71 31 into

69 3657 76 28 acts
159 3647 43 36 of
219 3649 157 41 heroism,
392 3649 35 30 in
454 3649 57 30 the
526 3646 176 39 itloniteur,
726 3644 65 31 and
816 3646 96 31 other
929 3646 214 33 Continental

69 3696 142 43 Papers.
241 3693 52 33 To
306 3693 117 31 detect
438 3691 55 31 the
504 3688 318 41 fallacies—expose
838 3688 55 31 the
904 3690 167 43 sophistry
1082 3693 63 31 and

69 3743 134 28 correct
214 3740 57 30 the
285 3734 109 33 wilful
408 3734 244 31 mistatements
669 3731 39 31 of
720 3732 91 30 these
827 3731 236 41 publications,
1077 3735 71 31 will

68 3783 43 33 be
121 3783 58 33 the
195 3778 260 44 distinguishing
469 3775 131 35 feature
608 3773 41 33 of
657 3775 66 31 The
731 3773 220 41 Antigallican
959 3776 153 33 Monitor.

113 3827 106 41 Thus,
233 3827 175 31 FOREIGN
419 3822 194 36 POLITICS,
622 3827 36 24 as
671 3819 58 30 the
739 3816 94 33 chief
839 3817 115 41 object
965 3819 41 30 of
1011 3819 41 33 its
1063 3827 69 25 esta-

69 3871 194 39 blishment,
277 3869 71 31 will
359 3866 99 33 claim
469 3865 57 31 the
545 3860 167 44 principal
731 3860 167 33 attention
915 3860 39 31 of
975 3863 65 31 The
1054 3866 94 30 Anti-

113 3959 205 31 DOMESTIC
348 3953 181 33 POLITICS
548 3948 71 33 will
644 3945 169 33 therefore
827 3945 43 33 be
885 3956 94 24 more
1006 3948 142 43 slightly

68 4002 148 33 touched
239 4008 91 33 upon
343 4008 9 22 :
376 3994 126 35 Should
517 4002 66 33 any
598 3991 107 41 thing,
735 3991 156 31 however
907 4000 102 20 occur
1024 3991 33 31 in
1076 3992 72 31 that

68 4046 227 44 department,
323 4041 41 33 of
380 4039 82 33 such
483 4038 211 41 importance
720 4043 35 22 as
778 4036 35 28 to
839 4033 63 33 call
931 4033 214 44 imperiously

61 4093 115 33 tither
205 4090 54 31 for
287 4082 271 38 commendation
578 4088 39 24 or
639 4087 151 30 censure,
808 4077 57 31 the
894 4076 197 35 Conductor
1112 4082 35 33 of

69 4139 68 31 The
151 4131 224 44 Antigalliciat
402 4126 146 33 Monitor
569 4123 69 33 will
660 4126 61 28 not
737 4120 43 33 be
794 4120 104 33 found
913 4118 183 35 backward
1110 4121 36 35 in

65 4181 52 35 his
132 4181 87 41 duty
236 4186 35 24 to
290 4175 54 30 the
357 4170 139 33 -Public.

106 4227 77 30 The
214 4216 181 38 inviolable
411 4213 211 35 attachment
643 4213 36 31 to
696 4209 58 35 the
769 4217 99 24 cause
893 4205 41 33 of
954 4206 135 39 genuine
1110 4208 25 33 li-

63 4271 113 39 berty,
186 4263 112 35 which
313 4261 58 31 has
395 4269 79 22 ever
490 4254 157 36 actuated
665 4254 57 35 the
739 4250 197 36 Conductor
950 4249 41 35 of
995 4250 66 31 this
1082 4250 44 35 Pa-

61 4318 76 41 per,
150 4312 69 31 will
235 4317 106 25 never
353 4304 124 44 permit
498 4304 68 31 him
576 4307 35 27 to
630 4299 139 33 become
784 4296 109 33 either
907 4296 57 31 the
983 4294 164 33 advocate

63 4361 38 30 of
113 4359 198 39 despotism,
328 4359 38 24 or
384 4350 57 30 the
457 4350 180 39 suppOrter
650 4343 41 31 of
701 4343 43 31 its
769 4340 165 33 abettors.
980 4337 57 41 No
1061 4337 69 33 arbi-

52 4411 102 31 *eery
184 4405 58 36 act
266 4402 35 38 of
328 4405 71 33 any,
416 4389 283 38 Administration
724 4386 71 36 will
817 4384 43 38 be
882 4381 184 49 'defended,
1087 4383 63 36 but

1198 176 91 31 meet
1318 183 113 31 §eVCIT
1458 178 233 41 reprehension
1720 178 35 38 in
1776 180 66 33 The
1861 180 230 41 Antigallican.
2139 178 35 31 It
2194 178 57 43 pro-

1200 216 106 31 fesses.
1324 216 96 35 itself
1428 217 41 31 of
1476 230 43 19 no
1543 227 110 38 party,
1677 225 60 38 yet
1750 222 68 35 will
1846 231 77 22 ever
1940 224 39 30 be
1994 222 102 41 ready
2120 227 35 27 to
2172 222 96 30 assist

1202 255 93 41 those
1310 260 74 33 who
1397 268 57 33 are
1466 261 148 43 leagued,
1639 263 33 33 in
1688 263 208 36 determined
1912 260 208 47 oppOsitiOn,
2139 265 129 43 against

1202 296 55 38 the
1285 304 157 41 cruelties
1466 306 65 31 and
1554 307 203 41 aggressions
1787 302 170 43 exercised
1976 309 44 39 by
2047 309 55 31 the
2131 312 137 36 present

1200 345 131 41 Tyrant
1343 345 41 33 of
1394 348 54 31 the
1476 348 183 35 Continent
1674 361 8 22 :
1707 361 36 22 so
1770 350 88 46 long,
1876 346 183 46 therefore,'
2068 361 35 24 as
2131 351 55 31 the
2203 350 44 31 Mi-

1200 389 106 43 nistry
1323 389 43 38 of
1373 392 63 30 this
1450 392 159 38 Country,
1628 392 39 33 of
1676 394 181 33 'whatever
1872 397 110 41 party,
1998 395 82 30 shall
2094 403 93 27 wage
2200 403 69 20 war

1202 431 80 33 with
1299 430 63 43 this
1389 433 184 38 inveterate
1589 441 117 38 enetny
1723 438 39 30 of
1780 438 172 39 mankind,
1970 438 77 39 they
2072 436 83 31 shall
2184 435 85 31 have

1202 474 55 33 the
1280 476 110 41 feeble
1403 485 142 35 support
1562 479 41 33 of
1624 480 65 31 The
1701 479 238 43 Autigallimn;
1965 480 58 31 but
2046 479 118 31 should
2191 479 77 38 they

1200 518 132 33 deviate
1354 518 88 35 from
1458 523 66 31 this
1539 528 134 36 system,
1691 520 54 36 the
1772 523 195 33 Conductor
1983 531 131 22 reserves
2135 524 33 27 to
2192 520 58 31 him-

1198 562 65 39 self
1280 562 52 31 the
1343 564 104 41 rights
1458 565 38 39 of
1510 567 52 30 the
1584 565 82 41 PresS
1666 565 17 41 .
1683 565 17 41 ;
1721 567 110 31 which
1857 564 219 38 reservation,
2102 564 165 36 however,

1200 605 110 31 would
1321 606 33 31 in
1369 609 77 31 that
1457 614 110 35 event,
1591 614 87 27 most
1688 611 165 41 probably
1869 619 115 20 secure
1998 611 33 27 to
2041 608 72 30 him
2131 605 140 36 nothing

1202 647 129 43 beyond
1350 652 54 30 the
1427 644 176 52 privileges
1616 650 41 38 of
1672 663 20 22 a
1715 652 94 33 Paris
1825 649 189 44 JoarnaliSt,
2043 658 33 25 as
2091 649 41 30 he
2143 647 31 30 -is
2195 647 74 30 trell

1200 693 184 33 convinced
1416 696 72 31 that
1506 698 57 31 the
1580 696 128 41 liberty
1723 696 39 30 of
1783 696 55 30 the
1854 704 93 31 press
1970 694 35 30 in
2020 691 68 31 this
2120 691 151 38 Country

1198 740 123 30 cannot
1332 737 131 33 survive
1472 739 63 43 any
1542 739 106 41 'peaee
1658 739 109 33 whin
1778 743 74 35 may
1861 734 165 35 hereafter
2036 734 41 31 be
2085 731 98 33 made
2187 731 44 33 wi
2236 732 35 31 th

1200 780 55 30 the
1265 778 132 41 prJsent
1406 775 88 38 rider
1502 781 41 39 of
1551 783 137 31 France.
1710 783 91 36 ThuS
1811 781 50 31 thr
1869 791 35 20 as
1913 784 33 27 to
1961 780 54 30 the
2024 775 150 41 political
2184 772 69 43 prin-

1198 820 104 44 ciples
1315 830 44 25 on
1367 822 113 33 which
1488 822 28 33 it
1528 824 25 31 is
1564 822 161 35 intended
1734 822 65 33 this
1808 822 113 41 Paper
1931 820 80 30 shall
2024 819 38 31 be
2072 817 197 38 condue_ted.

1243 866 312 41 Notwithstanding
1580 868 57 30 the
1650 866 153 41 suiperior
1814 865 209 39 ithportanee
2050 861 74 30 that

2140 860 74 44 ,will
2225 860 43 33 be

1200 909 157 33 attached
1373 913 35 27 to
1424 910 54 31 the
1494 909 134 33 Politics
1644 909 39 31 of
1698 909 63 33 The
1772 904 230 41 Antiganican,
2017 913 91 20 some
2121 904 150 44 peculiar

1202 951 61 31 and
1294 951 257 44 distinguishing
1589 950 269 39 eliaracteristics
1885 957 55 22 are
1972 945 161 41 intended
2165 951 33 27 to
2227 946 41 35 be

1200 994 113 31 drawn
1342 994 87 33 from
1517 991 140 36 inferior
1680 992 231 41 departments
1928 989 31 38 of
1959 989 16 38 .
1975 989 68 38 this
2071 989 123 41 Paper.
2241 994 28 30 A

1200 1036 191 41 particular'
1409 1038 170 31 attention
1603 1035 71 33 will
1702 1035 39 39 be
1770 1033 77 43 paid
1866 1038 33 25 to
1928 1033 57 33 the
2013 1031 142 31 DRAMA
2170 1046 9 33 i
2205 1031 44 35 FO-

1202 1088 118 24 REIGN
1348 1091 36 20 RS
1411 1082 76 30 well
1499 1094 11 20 -,
1523 1090 35 22 as
1587 1079 203 47 DptusTle
1819 1074 266 39 LITERATURE,
2115 1079 65 28 and
2214 1077 55 31 the

1200 1121 110 35 ARTS.
1354 1118 310 46 This-departmerit
1676 1120 71 30 will
1767 1118 41 30 be
1822 1117 191 31 conducted
2030 1115 31 33 in
2080 1128 19 20 a
2121 1118 148 35 classical

1200 1167 96 39 style,
1310 1167 83 30 with
1414 1175 43 22 an
1468 1173 79 31 easy
1561 1167 60 38 yet
1639 1167 22 27 it
1683 1161 112 43 manly
1809 1157 162 41 freedom,
1987 1159 80 33 both
2085 1159 39 33 of
2132 1161 139 43 opinion

1202 1208 63 31 and
1288 1219 148 22 manner.
1482 1206 94 31 With
1603 1203 118 43 regard
1750 1206 35 28 to
1809 1203 162 31 Theatric
2002 1203 181 43 Criticism,
2214 1208 55 31 the

1202 1252 195 31 Conductor
1424 1249 68 33 will
1513 1252 146 35 attempt
1672 1252 35 27 to
1724 1246 93 31 unite
1843 1246 87 39 good
1957 1255 93 22 sense
2077 1244 80 43 with
2181 1252 88 39 goad

1202 1298 96 33 taste,
1321 1293 35 33 in
1380 1293 50 33 his
1457 1290 139 33 Review
1613 1290 41 31 of
1669 1288 148 31 Authors
1830 1301 8 27 ;
1861 1288 77 41 and,
1961 1290 83 30 with
2074 1298 132 33 respect
2235 1298 35 31 to

1200 1339 135 39 Actors,
1356 1337 43 31 he
1428 1335 69 31 will
1520 1332 191 35 endeavour
1735 1334 33 27 to
1792 1331 110 39 avoid,
1929 1340 43 24 on
1995 1332 55 31 the
2082 1342 63 24 one
2169 1337 102 41 hand,_

1202 1381 74 30 that
1299 1378 266 33 indiscriminate
1602 1375 65 38 and
1694 1378 57 27 too
1784 1372 93 43 often
1909 1375 189 35 unmerited
2124 1375 145 49 severity

1200 1422 109 30 which
1321 1422 173 41 paralizes,
1517 1417 126 41 though
1663 1416 30 30 it
1717 1416 82 38 does
1814 1414 61 33 not
1888 1414 148 44 destroy,
2052 1419 110 35 future
2178 1433 74 22 exer-

1203 1463 69 33 tion
1287 1477 8 27 ;
1312 1463 65 31 and
1400 1465 74 35 that
1499 1457 205 47 unqualified
1734 1457 65 31 and
1820 1458 162 43 injurious
1998 1461 121 41 praise,
2143 1468 47 28 on
2214 1468 55 30 the

1202 1507 107 39 other,
1339 1507 109 30 which
1463 1506 87 35 loses
1572 1501 98 33 itself
1682 1501 35 31 in
1740 1498 202 46 Unmeaning
1957 1507 101 28 terms
2069 1504 39 31 of
2131 1507 128 35 admira

1202 1550 72 31 tion
1288 1548 65 33 and
1378 1548 241 33 astonishment
1636 1556 8 19 :
1668 1545 43 31 he
1740 1542 72 33 will
1835 1550 54 36 try
1915 1551 35 25 to
1965 1556 191 35 encourage
2180 1553 90 41 only,

1200 1592 94 31 when
1309 1592 41 31 he
1362 1586 354 38 commends—and-to
1739 1586 181 44 enlighten,
1935 1589 96 33 when
2046 1591 41 31 he
2102 1602 156 33 reproves

1246 1636 68 31 The
1329 1633 217 41 Antigallican
1561 1631 68 31 will
1649 1630 41 31 be
1712 1639 87 33 open
1816 1635 33 28 to
1866 1633 296 33 cothrunnications
2183 1636 85 35 from

1200 1679 43 31 all
1257 1687 135 33 persons
1406 1677 63 31 and
1477 1674 145 44 parties,
1636 1674 159 33 however
1806 1674 154 35 different
1975 1677 87 31 their
2072 1679 197 36 sentiments

1200 1723 65 30 and
1288 1721 129 39 objects
1419 1717 2 50 .
1431 1734 8 25 ;
1461 1718 83 31 with
1570 1718 65 31 this
1658 1717 106 41 single
1791 1721 216 41 reservation,
2031 1721 74 31 that
2131 1724 139 43 nothing

1202 1764 109 33 which
1335 1764 82 33 shall
1431 1770 126 35 appear
1580 1761 109 31 either
1709 1754 151 50 libellous
1888 1770 39 25 or
1943 1756 69 39 'not
2036 1765 165 46 properly,
2217 1776 36 24 au-

1198 1806 225 39 4lienticated,
1439 1806 68 31 will
1524 1803 39 31 be
1584 1803 162 33 inserted.

1243 1852 55 31 No
1315 1847 271 52 Advertisements
1586 1847 19 52 f
1605 1847 79 52 will
1702 1849 39 31 be
1754 1849 176 41 admitted,
1948 1850 60 33 but
2019 1850 96 33 those
2131 1852 39 31 of
2180 1852 72 35 Lite-

1198 1907 76 30 rary
1291 1894 134 39 Works,
1444 1894 55 30 the
1517 1893 83 39 Fine
1624 1891 93 41 Arts,
1742 1904 39 22 or
1806 1894 146 41 subjects
1976 1898 189 31 connected
2187 1898 80 31 with

1200 1942 101 35 them.
1346 1935 288 43 Those.Axiitliqrs
1635 1935 17 43 -
1652 1935 55 43 Who
1728 1946 74 31 may
1819 1939 96 31 think
1937 1939 41 31 tit
1989 1945 39 33 to
2049 1940 82 33 scud
2156 1940 113 41 copies

1198 1983 39 31 of
1250 1981 87 33 their
1351 1981 123 39 works,
1498 1978 222 43 maytilepend
1743 1987 90 35 upon'
1861 1983 65 31 fair
1953 1984 148 31 remarks
2126 1984 63 31 and
2216 1994 35 24 ex-

1200 2031 113 31 tracts.
1359 2025 57 31 All
1433 2025 93 38 State
1540 2022 128 41 Papers
1683 2022 69 33 gill
1767 2027 41 30 be
1825 2028 161 41 carefully
2002 2027 159 33 inserted.

1265 2153 313 54 ADDRESS
1614 2154 94 49 TO
1735 2157 154 55 .THE
1928 2159 272 52 PUBLIC.

1238 2279 41 33 In
1296 2279 60 31 the
1376 2279 205 41 Prospectus
1606 2279 110 31 which
1740 2283 161 39 precedes
1932 2283 65 41 this
2019 2285 165 43 Address,
2211 2287 57 33 the

1195 2332 143 33 motives
1353 2332 66 31 and
1444 2332 55 41 the
1526 2329 115 43 object
1666 2332 41 31 of
1728 2334 57 39 tile
1800 2343 135 33 present
1961 2340 225 44 undertaking
2209 2351 57 22 are

1195 2387 110 39 fairly,
1403 2384 22 43 I,
1436 2378 87 49 hOpe
1539 2372 176 55 intelligiel
1753 2391 124 35 stated.

1238 2441 72 31 But
1323 2439 146 31 situated
1487 2449 35 20 as
1537 2439 16 30 I
1564 2450 65 30 am,
1644 2439 63 33 and
1721 2439 120 47 !laving
1860 2446 145 44 pledged
2022 2450 126 41 myself
2157 2455 35 28 to
2211 2452 55 31 the

1195 2493 134 33 faithful
1343 2493 180 33 execution
1540 2493 39 31 of
1591 2494 57 38 the
1674 2494 82 44 duty
1781 2498 93 35 there
1896 2502 161 39 assumed,
2074 2506 17 33 I
2117 2507 98 33 think
2236 2507 28 41 it

1195 2546 192 33 incumbent
1416 2557 88 31 upon
1526 2542 68 46 me`,
1616 2553 58 27 not
1690 2550 80 41 only
1784 2551 52 31 for
1860 2554 55 30 the
1931 2557 208 36 satisfaction
2154 2564 43 30 of
2206 2564 55 31 the

1195 2602 121 31 Public
1332 2602 61 33 but
1405 2602 36 33 in
1450 2602 128 41 justice
1594 2606 35 28 to
1652 2605 129 43 myself,
1809 2609 36 28 to
1866 2614 93 27 enter
1975 2616 181 33 somewhat
2172 2628 91 24 more

1195 2660 35 28 at
1247 2657 113 41 length
1372 2666 91 31 upon
1479 2652 57 36 the
1551 2657 145 41 subject.
2129 2652 5 46 •

1238 2710 39 31 In
1296 2710 55 31 the
1367 2720 117 22 course
1512 2710 41 31 of
1578 2710 57 33 the
1660 2712 129 35 French
1817 2715 208 38 Revolution
2049 2721 17 33 I
2088 2724 175 41 published

1194 2775 19 20 a
1235 2764 107 41 work,
1365 2765 154 39 entitled,
1586 2765 74 33 The
1677 2769 128 33 Crimes
1831 2770 39 31 of
2098 2778 35 31 in
2153 2781 110 31 which

1195 2820 16 30 I
1225 2817 145 44 exposed
1384 2819 55 31 the
1450 2822 110 28 secret
1572 2820 243 35 machinations
1828 2824 41 31 of
1885 2827 57 31 the
1962 2827 154 36 different
2128 2831 135 36 Powers

1192 2872 41 33 of
1241 2874 58 31 the
1317 2872 183 33 Continent
1520 2877 33 28 to
1570 2874 200 43 extinguish,
1795 2880 35 28 at
1855 2879 57 31 the
1929 2879 99 43 birth,
2047 2885 55 31 the
2126 2894 137 27 nascent

1192 2926 115 35 efforts
1323 2928 41 31 of
1373 2937 19 22 a
1408 2926 101 33 brave
1521 2928 63 33 and
1600 2931 126 38 gallant
1742 2932 118 47 people
1872 2937 35 28 to
1923 2943 154 27 re-assert
2091 2942 65 31 and
2180 2948 66 28 esta-

1192 2983 85 33 blish
1293 2983 93 31 those
1405 2983 180 41 rights-and
1598 2983 150 33 liberties
1764 2983 107 36 which
1883 2998 55 22 are
1951 2991 55 30 the
2024 2991 191 47 birth-right
2228 2998 39 33 of

1192 3038 41 31 all
1246 3035 172 33 mankind.

1235 3091 61 43 My
1306 3091 66 30 evil
1389 3090 129 43 destiny
1534 3091 54 33 led
1603 3101 52 24 me
1669 3094 36 30 to
1718 3091 98 36 Paris
1828 3093 35 33 in
1877 3094 55 33 the
1945 3107 80 31 year
2041 3104 98 38 1801,
2154 3107 35 28 at
2205 3106 57 33 the

1192 3146 79 31 time
1282 3143 176 44 Napoleon
1476 3145 194 43 Bonaparte
1683 3157 68 22 was
1775 3146 88 35 First
1879 3153 132 36 Consul,
2031 3154 110 33 where
2164 3157 19 33 I
2206 3159 38 33 be-

1195 3208 93 25 came
1312 3198 58 31 the
1395 3198 123 35 Editor
1532 3198 41 31 of
1589 3195 255 49 dNew;spaper,
1860 3197 175 49 published
2058 3208 31 31 in
2112 3211 148 43 English,

1192 3252 109 33 called
1321 3254 65 31 The
1402 3255 120 39 Argus,
1545 3254 106 36 under
1666 3255 55 33 the
1745 3257 151 33 sanction
1913 3258 39 33 of
1970 3261 57 33 the
2058 3263 94 35 First.
2175 3268 85 33 Con=

1189 3307 49 33 sul
1252 3306 6 49 ;
1280 3306 63 31 but
1359 3306 19 31 I
1397 3317 79 20 soon
1488 3307 115 39 found,
1616 3309 74 31 that
1706 3320 57 30 my
1776 3312 200 33 enthusiasm
1992 3313 33 33 in
2041 3317 55 31 the
2112 3329 96 24 cause
2225 3323 39 31 of

1189 3361 66 33 real
1271 3353 124 49 liberty
1411 3361 63 33 had
1490 3364 294 44 transplanted.me
1800 3364 71 35 into
1890 3367 55 33 the
1959 3369 77 35 land
2052 3372 41 33 of
2104 3373 55 33 the
2173 3384 85 27 most

1187 3416 113 39 abject
1315 3416 148 41 slavery:
1488 3414 87 33 after
1589 3417 57 31 the
1660 3417 115 33 efforts
1786 3417 41 33 of
1833 3419 76 33 four
1921 3424 131 33 months
2069 3428 35 31 to
2118 3436 139 36 support

1186 3479 57 30 my
1258 3468 142 41 genuine
1416 3468 181 43 principles
1613 3469 33 33 in
1668 3471 74 31 that
1751 3471 113 43 Paper
1879 3472 17 33 I
1912 3476 104 33 found
2030 3477 28 33 it
2071 3479 187 47 absolutely

1186 3531 173 33 necessary
1375 3524 35 30 to
1425 3521 150 35 abandon
1594 3524 107 33 either
1723 3528 57 31 the
1795 3526 112 43 Paper
1923 3540 39 20 or
1981 3542 57 31 my
2052 3534 183 46 principles

1189 3576 16 33 I
1220 3575 172 43 preferred
1409 3576 55 33 the
1479 3576 142 44 former;
1644 3580 60 33 but
1718 3591 57 33 my
1784 3581 197 43 preference
1997 3592 72 27 cost
2082 3598 52 22 nie
2146 3594 109 38 much,

1186 3628 82 33 both
1296 3628 35 33 in
1356 3639 118 35 person
1499 3631 65 33 and
1586 3631 146 43 fortnne,
1759 3646 33 22 as

1816 3630 19 38 I
1855 3636 88 43 have
1969 3639 91 31 more
2091 3643 83 43 fully
2202 3657 38 22 ex-

1186 3682 134 43 plained
1346 3682 36 31 in
1405 3693 55 31 my
1474 3685 65 31 last
1556 3683 225 50 Publication.
1822 3687 79 38 The
1929 3694 137 38 system,
2090 3694 167 46 however,

1186 3735 110 33 which
1310 3735 71 33 had
1392 3737 77 31 then
1496 3737 85 39 been
1606 3742 178 41 projected
1809 3742 54 33 for
1888 3745 249 44 extinguishing
2156 3761 102 33 every

1186 3789 101 43 spark
1301 3789 41 33 of
1359 3789 123 46 liberty
1496 3787 33 36 in
1548 3794 55 31 the
1619 3794 118 33 human
1759 3795 123 43 breast,
1898 3797 65 33 and
1986 3798 216 46 establishing
2216 3816 41 22 an

1186 3843 165 33 universal
1367 3844 197 35 submission
1580 3850 35 30 to
1633 3852 54 28 the
1709 3850 66 33 will
1800 3850 41 33 of
1850 3861 61 25 one
1929 3865 87 30 man,
2041 3865 66 24 was
2121 3861 60 33 not
2197 3866 61 35 yet

1186 3896 173 43 matured;
1381 3898 27 33 it
1422 3898 63 35 had
1501 3902 61 28 not
1584 3902 142 35 reached
1753 3904 55 33 the
1822 3906 118 43 height
1965 3910 38 30 to
2028 3909 109 35 which
2156 3910 30 33 it
2198 3913 58 33 has

1186 3951 91 31 since
1290 3953 165 33 ascended
1472 3964 8 20 :
1506 3953 17 31 I
1537 3965 68 24 was
1614 3957 183 39 permitted
1814 3964 33 30 to
1860 3961 124 33 remain
2000 3962 33 31 in
2050 3964 98 31 Paris
2159 3978 9 28 ;
2191 3967 65 31 and

1186 4005 93 31 there
1294 4005 17 31 I
1329 4006 238 44 consequently
1584 4009 128 33 resided
1729 4011 54 31 for
1792 4014 115 43 nearly
1921 4016 79 33 nine
2014 4027 107 31 years,
2137 4020 85 33 until
2239 4022 16 31 I

1184 4058 65 31 had
1263 4068 41 22 an
1320 4060 217 43 opportunity
1548 4063 44 30 of
1602 4066 173 43 returning
1791 4072 35 27 to
1839 4079 57 31 my
1912 4071 113 36 native
2041 4072 91 41 land,
2145 4076 110 33 where

1186 4112 107 38 alone,
1302 4112 200 43 experience
1518 4117 178 33 convinces
1706 4129 66 31 me,
1781 4124 76 28 true
1868 4121 121 44 liberty
1998 4124 28 33 is
2041 4128 36 30 to
2088 4124 41 35 be
2140 4123 113 39 found.

1228 4164 135 43 During
1380 4167 57 30 the
1457 4169 124 41 painful
1597 4172 170 35 residence
1791 4173 35 33 of
1847 4184 35 22 so
1899 4186 101 35 many
2014 4189 96 31 years
2131 4180 33 33 in
2181 4183 74 33 that

1186 4219 126 39 capital
1329 4219 39 31 of
1376 4219 194 44 despotism,
1586 4222 17 31 I
1627 4224 137 33 became
1778 4220 200 49 acquainted
1995 4231 82 33 with
2094 4235 57 33 the
2164 4236 74 41 prin-

1184 4272 87 44 cipal
1288 4272 189 35 characters
1490 4283 43 24 on
1551 4277 55 31 the
1616 4279 146 41 political
1772 4283 91 38 stage
1871 4280 41 33 of
1917 4283 145 44 Europe,
2077 4287 35 33 if
2118 4287 46 44 by
2173 4285 80 43 such

1184 4337 19 27 a
1219 4328 76 31 title
1312 4328 17 36 I
1342 4339 77 31 may
1449 4328 41 38 be
1515 4332 183 41 permitted
1726 4337 35 28 to
1798 4334 129 44 dignify
1953 4348 20 20 a
2008 4340 181 38 collection
2219 4345 41 31 of

1184 4386 145 43 puppets
1340 4383 76 35 who
1441 4387 52 39 pet
1509 4383 36 38 in
1556 4384 129 38 motion
1696 4386 49 47 by
1754 4387 57 39 the
1824 4391 71 35 will
1912 4391 41 36 of
1973 4402 63 25 one
2055 4405 77 27 man
2146 4398 106 38 gone.

2307 178 28 5 ---

2353 187 66 31 For
2431 189 94 30 three
2532 180 96 47 years
2638 180 58 50 iisy
2706 184 117 35 efforts
2830 186 90 33 were
2929 186 167 36 incessant
3107 195 35 28 to
3153 192 76 43 quit
3239 194 131 33 France
3378 195 9 27 ;

2307 241 164 43 petitions
2479 249 90 36 were
2578 238 176 43 presented
2767 238 145 33 without
2918 243 139 31 number
3068 249 35 28 to
3112 243 58 52 the
3170 243 219 52 Constituted

2309 293 224 39 Authorities,
2551 304 35 22 as
2602 293 77 41 they
2691 298 57 25 are
2764 293 121 41 called,
2909 294 61 33 but
2986 298 143 35 without
3151 301 113 36 effect.
3312 304 74 33 The

2309 348 69 33 late
2394 340 159 43 Minister
2572 345 266 35 Fouche'irislied
2855 346 35 35 to
2906 348 151 38 befriend
3071 365 66 28 me,
3153 354 61 35 but
3233 359 41 31 be
3291 359 94 35 often

2307 400 76 33 -told
2398 409 54 24 rue
2556 408 66 22 was
2635 403 61 28 not
2709 400 55 31 the
2967 405 50 33 At
3028 408 76 41 last,
3113 411 143 44 through
3271 414 58 33 the
3339 414 31 31 in-

2312 452 181 35 tercession
2502 452 39 31 of
2550 452 170 41 Regnault
2734 455 41 31 de
2789 455 137 35 Stican
2939 460 164 46 d'Angely
3117 466 96 41 (then
3227 468 66 31 and
3310 471 76 30 now

2312 506 180 33 President
2506 506 43 36 of
2564 515 63 22 one
2643 507 39 33 of
2693 509 55 33 the
2764 504 16 49 s
2780 504 16 49 :
2795 504 115 49 ections
2926 512 41 39 of
2978 515 54 33 the
3049 518 142 33 Council
3213 521 43 31 of
3277 523 107 33 State,

2307 559 71 39 ;and
2392 570 91 33 some
2493 561 82 31 time
2589 561 93 35 since
2693 565 137 38 created
2847 565 110 35 Count
2967 569 194 47 d'Angely),
3176 575 65 33 and
3255 576 129 36 Talma,

2312 614 57 30 the
2384 614 184 41 tragedian,
2583 614 80 31 both
2674 616 183 36 favoltrites
2866 619 41 33 of
2918 622 189 44 Napoleon,
3123 630 66 30 and
3203 630 83 33 with
3304 628 80 35 both

2312 666 41 33 of
2362 668 109 33 whom
2488 668 16 31 I
2521 668 65 35 had
2602 668 83 44 been
2699 671 82 46 lone
2800 674 167 43 intimate,
2992 679 17 30 I
3027 679 157 36 obtained
3200 685 52 33 his
3274 685 93 44 Impe-

2312 721 61 35 rial
2387 723 175 43 Majesty's
2573 726 200 39 permission
2791 731 35 28 to
2841 728 137 33 embark
2994 731 55 35 for
3063 726 170 44 America.

2356 776 17 33 I
2387 783 128 27 am-not
2529 781 156 31 ashamed
2701 786 36 28 to
2759 794 94 20 avow
2869 784 57 31 the
2942 797 55 22 use
3013 789 17 31 I
3046 783 120 39 made
3165 792 41 31 of
3225 794 74 33 that
3312 800 57 38 per-

2299 830 148 39 *mission
2461 830 6 54 :
2494 830 17 35 I
2528 833 181 33 embarked
2724 839 38 28 at
2775 835 161 36 Dunkirk
2951 839 31 33 in
3000 841 88 35 June
3107 849 94 35 1809,
3219 841 44 38 on
3279 841 106 39 board

2312 893 41 25 an
2370 885 175 33 American
2564 887 72 44 brig
2665 885 110 38 bound
2800 891 54 31 for
2868 893 55 33 the
2940 893 128 38 United
3082 899 123 43 States,
3225 902 80 31 with
3320 902 50 31 dis-

2310 937 214 44 patches.--I
2542 951 66 24 was
2619 948 55 27 set
2698 954 43 22 on
2765 945 96 33 shore
2887 951 35 28 at
2939 950 230 36 Dover.—On
3189 965 57 33 my
3261 951 123 39 arrival

2310 992 33 31 in
2359 991 151 41 London,
2524 997 17 31 I
2559 997 227 44 immediately
2800 1011 83 30 gave
2907 1005 113 33 notice
3044 1006 41 31 of
3101 1008 28 31 it
3145 1013 35 28 to
3195 1011 52 33 his
3263 1013 102 38 Majes-

2312 1046 60 44 ty's
2383 1049 203 33 Secretaries
2600 1050 41 35 of
2647 1052 94 33 State
2750 1054 52 31 for
2814 1055 57 31 the
2885 1055 140 44 Foreign
3036 1061 65 31 and
3110 1061 112 36 Home
3238 1057 126 50 Depart-

2310 1102 129 39 ments;
2460 1104 66 31 and
2543 1106 135 41 though,
2694 1106 35 33 in
2745 1110 231 41 consequence
2997 1112 41 31 of
3047 1123 41 22 an
3112 1115 148 46 obloquy
3274 1112 109 39 raised

2310 1151 128 46 againSt
2455 1153 54 36 me
2523 1169 41 22 on
2581 1165 145 27 account
2740 1162 41 31 of
2789 1173 55 30 my
2866 1164 123 41 having
3003 1164 82 33 been
3110 1170 55 31 the
3192 1172 134 43 Editor;
3350 1170 38 33 ar

2310 1219 63 24 one
2386 1211 93 41 time,
2496 1214 41 30 of
2557 1214 74 33 The
2647 1216 109 41 Argus
2772 1227 206 33 newspaper,
3000 1219 175 41 published
3192 1224 33 33 in
3241 1225 109 43 Paris,
3365 1219 17 35 I

2310 1263 142 36 suffered
2463 1277 93 24 some
2572 1271 191 41 temporary
2775 1271 263 35 inconvenience
3052 1276 66 31 and
3134 1279 173 44 restraint;
3324 1279 63 47 yet

2310 1318 16 31 I
2342 1320 83 33 have
2441 1331 117 24 reason
2575 1326 33 28 to
2633 1323 43 33 be
2698 1324 148 33 satisfied
2863 1326 82 31 with
2970 1328 57 33 the
3052 1332 183 35 treatment
3260 1334 19 33 I
3304 1331 80 38 then

2310 1375 154 33 received
2490 1375 88 33 from
2603 1378 55 31 the
2676 1378 139 43 English
2830 1381 296 44 Administration,
3148 1389 65 31 and
3238 1389 17 31 I
3279 1386 106 36 thank

2310 1427 79 31 God
2405 1428 74 31 that
2494 1428 17 31 I
2528 1438 66 24 was
2611 1430 82 33 born
2710 1431 118 31 within
2847 1433 54 31 the
2915 1433 79 43 pale
3008 1433 41 33 of
3068 1438 55 30 the
3140 1438 139 43 English
3298 1444 66 33 Con-

2310 1480 169 33 stitution.

2353 1537 74 31 The
2439 1537 214 43 supposition
2666 1537 74 31 that
2757 1537 57 33 the
2825 1539 131 36 French
2970 1539 203 44 nevolution
3184 1562 69 24 was
3266 1550 99 36 found-

2310 1589 43 33 ed
2376 1597 44 27 on
2447 1592 60 31 the
2532 1597 72 27 true
2631 1592 183 44 principles
2836 1594 41 33 of
2896 1595 137 47 liberty,
3058 1602 54 35 led
3140 1616 102 33 many
3265 1608 120 35 honest

2310 1644 243 46 well-meaning
2569 1657 76 22 men
2661 1650 35 28 to
2720 1652 150 39 approve
2896 1652 41 33 of
2957 1665 102 35 every
3088 1660 98 44 thing
3211 1663 74 33 that
3315 1668 69 30 wits

2310 1698 85 33 done
2413 1701 35 31 in
2457 1704 61 30 .the
2535 1702 170 41 professed
2731 1704 299 46 accomplishment
3046 1713 43 31 of
3104 1715 88 33 their
3214 1717 170 36 favourite

2310 1750 115 43 object
2443 1762 8 24 :
2474 1756 79 43 they
2569 1756 169 44 followed,
2754 1757 82 35 with
2849 1772 43 22 an
2906 1772 99 33 eager
3020 1776 72 31 eye,
3110 1769 58 33 the
3181 1778 154 36 progress
3350 1765 38 39 of

2313 1805 54 31 the
2383 1806 205 35 democratic
2597 1814 150 38 generals
2759 1824 8 20 :
2792 1816 82 43 they
2888 1816 66 33 lost
2967 1819 90 43 sight
3069 1822 44 31 of
3132 1824 58 33 the
3211 1827 76 33 love
3304 1830 79 38 they

2312 1860 102 41 ought
2436 1865 35 28 to
2485 1863 85 31 have
2586 1863 102 35 borne
2706 1871 35 28 to
2757 1869 90 31 their
2861 1872 112 33 native
2995 1876 88 36 land,
3101 1879 66 31 and
3181 1882 151 41 rejoiced
3348 1882 35 33 is

2313 1912 55 33 the
2387 1913 287 43 disappointment
2688 1920 41 31 of
2737 1931 102 33 every
2854 1924 134 36 scheme
3011 1928 50 36 of.
3071 1931 55 33 the
3154 1934 129 35 British
3302 1937 60 35 .Go-

2312 1973 173 28 vernment
2499 1975 36 27 to
2551 1976 197 31 counteract
2762 1978 88 33 that.
2858 1983 140 41 torrent,
3020 1984 123 44 which,
3165 1987 61 35 but
3249 1991 54 33 for
3328 1992 60 33 that.

2310 2022 169 31 exertions
2490 2024 39 30 of
2537 2024 72 31 that
2619 2027 241 44 Government,
2874 2035 110 31 would
2998 2038 77 41 long
3085 2049 57 22 ere
3151 2052 77 22 now
3238 2044 85 35 have
3335 2046 52 31 in--

2312 2076 120 43 volved
2443 2077 57 31 the
2507 2077 107 35 whole
2625 2080 121 35 human
2759 2093 74 24 race
2844 2087 35 30 in
2890 2098 63 22 one
2965 2091 164 35 universal
3145 2106 99 25 scene
3255 2099 41 31 of
3304 2099 77 35 ruin

2310 2131 65 33 and
2391 2129 220 38 devastation.
2654 2135 99 43 They
2773 2139 195 36 considered
2983 2140 176 46 Napoleon
3175 2151 206 46 Bonaparte,

2310 2184 33 33 in
2357 2186 49 33 his
2420 2195 115 24 career
2551 2186 41 33 of
2613 2187 134 43 victory
2759 2189 33 33 in
2809 2191 102 43 Italy,
2926 2203 36 22 as
2980 2195 58 33 the
3061 2200 180 44 champion
3263 2208 43 31 of
3323 2209 57 31 the

2310 2239 148 33 liberties
2466 2241 43 36 of
2515 2241 159 33 mankind
2688 2252 8 20 :
2718 2254 91 22 some
2822 2255 55 20 are
2891 2255 77 24 now
2976 2250 217 49 undeceived,
3206 2260 63 33 but
3279 2268 102 36 many

2304 2294 72 35 :still
2391 2296 126 33 remain
2531 2296 183 35 entranced
2726 2296 36 33 in
2780 2298 87 33 their
2877 2299 123 33 dream.

2348 2353 112 39 There
2477 2362 54 20 are
2548 2362 98 31 many
2660 2351 41 33 of
2709 2353 129 33 another
2849 2354 219 49 description,
3082 2362 88 44 who,
3183 2370 63 30 not
3258 2367 85 36 from
3361 2378 11 22 a-

2306 2408 118 41 regard
2439 2411 36 28 to
2493 2408 55 30 the
2567 2411 71 27 true
2657 2406 181 44 principles
2857 2411 43 31 of
2915 2411 230 46 liberty—not
3159 2417 88 35 front
3261 2431 19 20 a
3296 2417 83 38 wisht

2307 2468 35 28 to
2356 2474 55 22 see
2420 2465 58 31 the
2488 2472 104 33 peace
2605 2463 63 33 and
2683 2463 184 44 happiness,
2885 2466 41 33 of
2934 2471 161 30 mankind
3117 2474 202 35 established
3334 2483 46 25 on

2304 2531 19 22 a
2337 2518 85 35 solid
2436 2518 192 35 basis—but
2639 2518 83 33 from
2740 2529 39 24 an
2794 2520 187 43 inveterate
3000 2526 128 43 enmity
3142 2523 35 36 to
3194 2531 55 31 the
3265 2531 94 36 Admi-

2304 2575 178 33 nistration
2498 2573 41 33 of
2548 2575 55 31 the
2617 2573 233 35 Government
2863 2576 41 31 of
2921 2578 65 31 this
3003 2584 154 38 country,
3173 2583 112 33 would
3302 2594 60 24 con-

2304 2636 74 27 sent
2400 2635 36 28 to
2450 2628 153 35 sacrifice
2619 2639 63 20 our
2702 2630 112 41 happy
2830 2630 66 31 and
2923 2633 150 38 glorious
3088 2636 230 35 Constitution
3342 2644 36 27 to

2304 2687 55 31 the
2376 2683 186 43 despotism
2573 2682 39 33 of
2619 2683 58 31 the
2694 2688 90 27 most
2798 2683 91 31 cruel
2909 2683 66 33 and
2989 2687 172 35 relentless
3178 2694 112 39 tyrant
3306 2693 76 33 that

2304 2751 80 24 ever
2397 2737 165 44 scourged
2576 2739 57 31 the
2647 2737 107 31 earth.

2345 2794 96 33 With
2460 2794 91 31 these
2567 2800 74 22 men
2658 2798 101 31 every
2776 2783 102 47 thing'
2896 2791 76 31 that
2987 2792 194 44 Bonaparte
3197 2800 80 35 does
3291 2803 91 33 must

2304 2849 41 33 he
2359 2844 216 46 represented
2586 2854 35 22 as
2636 2843 91 41 right
2740 2855 8 27 ;
2772 2843 65 31 and
2860 2852 102 33 every
2978 2846 94 43 thing
3098 2849 72 35 that
3186 2863 61 24 our
3258 2857 98 33 Admi-

2302 2901 178 35 nistration
2496 2899 82 31 does
2591 2901 36 28 to
2641 2899 198 31 counteract
2855 2896 50 33 his
2920 2899 161 43 projects,
3093 2910 88 28 must
3194 2907 43 33 be
3252 2920 128 33 wrong.

2345 2959 17 31 J
2373 2954 110 35 would
2498 2951 129 43 forgive
2644 2951 90 31 them
2751 2950 24 31 if
2794 2951 79 41 they
2898 2964 87 24 were
3006 2957 77 43 only
3099 2961 186 46 mistaken:;
3317 2967 65 31 but

2304 3011 16 31 I
2331 3011 104 31 know
2450 3009 80 39 they
2540 3014 57 24 are
2609 3005 57 31 the
2682 3003 94 33 hired
2794 3009 117 36 agents
2924 3008 39 31 of
2975 3009 178 46 Napoleon
3167 3027 8 20 :
3202 3019 80 41 they
3301 3030 60 31 pro-

2301 3066 66 33 fess
2380 3069 36 30 to
2436 3063 131 35 admire
2578 3060 82 39 him,
2677 3058 140 35 because
2830 3060 44 33 he
2890 3069 80 36 pays
2987 3060 88 39 their)
3090 3079 8 20 :
3162 3071 39 33 Si
3217 3074 31 30 la

2301 3118 200 39 exclaimed,
2531 3126 79 31 very
2630 3113 121 43 justly,
2786 3123 19 20 a
2833 3115 192 36 celebrated
3065 3121 128 35 French
3231 3126 150 43 orator,!

2334 3176 88 33 arait
2436 3175 54 31 des
2506 3170 146 46 pensions
2666 3170 19 28 a
2699 3169 126 39 dolmen
2841 3170 58 33 elle
2913 3173 172 31 tronerait
3102 3186 49 22 ses
3164 3176 217 38 adorateurs:'

2299 3231 83 31 —lf
2394 3230 55 33 the
2463 3228 121 41 plague
2605 3224 63 31 had
2693 3220 156 44 pensions
2871 3227 36 28 to
2924 3224 90 44 give,
3030 3227 69 33 that
3115 3233 110 33 would
3241 3233 69 35 find
3334 3236 47 33 its

2299 3285 173 35 admirers.

2342 3340 57 33 On
2414 3346 55 35 my
2485 3339 117 30 return
2616 3331 87 33 from
2718 3331 57 31 the
2787 3331 195 43 Continent,
2997 3334 128 47 finding
3140 3350 121 33 among
3279 3342 98 35 those

2299 3395 109 33 whom
2419 3394 20 38 I.
2449 3391 66 33 had
2529 3387 161 41 formerly
2706 3384 195 43 considered
2920 3395 33 22 as
2969 3394 157 31 actuated
3142 3394 44 41 by
3197 3405 19 22 a
3231 3397 146 39 genuine

2296 3458 93 24 sense
2400 3447 41 33 of
2449 3446 137 38 liberty,
2594 3450 99 30 many
2701 3439 76 31 who
2786 3450 88 22 were
2883 3441 57 33 the
2948 3441 91 35 blind
3050 3447 161 33 admirers
3220 3450 39 31 of
3268 3452 90 31 Bona-

2296 3509 110 38 parte,
2430 3502 17 31 I
2469 3494 231 38 endeavoured
2718 3498 35 28 to
2770 3504 134 25 remove
2921 3498 54 31 the
2987 3498 68 35 film
3072 3499 87 35 from
3183 3504 88 31 their
3285 3515 93 31 eyes,

2296 3561 66 30 and
2380 3564 35 27 to
2431 3564 124 35 expose
2570 3553 68 31 him
2647 3554 35 27 to
2694 3548 88 33 their
2789 3550 88 31 view
2890 3551 33 33 in
2934 3553 50 31 his
2997 3559 74 28 true
3079 3557 106 41 light.,
3200 3557 19 31 I
3227 3557 132 43 publish-

2296 3614 55 39 ed,
2361 3613 87 41 first,
2454 3620 43 24 an
2504 3605 192 46 exposition
2706 3603 41 33 of
2751 3603 52 33 his
2813 3605 150 36 conduct
2975 3609 146 33 towards
3132 3611 169 43 America,
3310 3611 68 36 and

2296 3666 195 33 afterwards
2501 3665 57 33 the
2567 3661 110 33 secret
2685 3657 173 43 historyof
2861 3657 50 33 his
2920 3655 146 38 Cabinet.
3088 3661 91 33 Both
3189 3666 93 31 these
3291 3668 87 41 pub,.

2296 3720 164 33 lications•
2468 3717 143 41 brought
2633 3721 88 33 upon
2737 3720 54 24 me
2808 3704 55 49 the
2863 3704 19 49 -
2882 3704 151 49 Caluniny
3046 3713 65 33 and
3126 3717 101 33 abuse
3244 3720 41 31 of
3293 3721 85 33 such

2296 3784 76 22 men
2387 3784 35 24 as
2438 3773 19 33 I
2471 3773 83 31 have
2562 3770 76 43 just
2650 3765 191 39 described.
2885 3764 96 43 They
3003 3765 249 39 characterized
3271 3783 54 24 me
3340 3783 36 24 as

2296 3839 39 22 an
2362 3833 153 38 apostate
2531 3819 85 39 from
2638 3819 63 46 my
2715 3819 126 35 former
2855 3817 195 46 principles.
3094 3822 98 46 They
3206 3828 93 31 could
3313 3831 65 28 not

2296 3880 173 44 Conceive,
2482 3893 38 20 or
2534 3877 186 47 pretended
2732 3877 79 39 they
2822 3872 57 35 did
2888 3879 60 27 not
2959 3876 173 43 conceive,
3143 3879 76 31 how
3230 3880 57 31 the
3296 3891 79 22 man

2296 3939 87 39 who,
2392 3937 35 33 in
2562 3934 129 33 Crimes
2704 3931 39 31 of
2953 3928 224 46 disapproved
3194 3932 41 33 of
3241 3934 134 46 forcing

2298 3991 140 33 Neutral
2452 3991 137 31 Powers
2605 3987 72 31 into
2691 3995 20 22 a
2726 3994 69 24 war
2809 3984 33 31 in
2854 3983 110 33 which
2981 3983 79 44 they
3069 3984 63 33 had
3150 3997 44 22 no
3208 3987 143 35 interest
3367 4002 13 28 ;

2296 4044 85 43 who,
2397 4044 35 33 in
2447 4046 76 31 that
2542 4043 107 41 work,
2671 4039 66 33 had
2751 4036 131 44 spoken
2898 4036 33 43 in
2945 4035 178 46 becoming
3139 4043 102 30 terms
3258 4043 41 31 of
3315 4043 60 33 the

2296 4098 167 33 insolence
2474 4098 39 31 of
2523 4098 57 30 the
2595 4099 94 38 great
2701 4094 139 31 Powers
2855 4090 41 33 of
2912 4091 137 43 Europe
3063 4094 145 31 towards
3222 4096 96 31 those
3337 4093 43 35 of

2294 4161 41 22 an
2351 4150 139 43 inferior
2506 4151 96 41 rank,
2611 4150 66 33 and
2691 4150 76 31 who
2781 4146 65 33 had
2858 4143 175 46 pointedly
3047 4148 180 41 expressed
3238 4150 52 44 his
3306 4150 52 33 dis-

2296 4205 222 43 approbation
2545 4205 41 33 of
2609 4205 57 31 the
2691 4200 294 35 dismemberment
3008 4202 39 30 of
3063 4202 145 41 Poland,
3235 4202 66 33 and
3324 4203 46 31 its

2294 4258 142 35 division
2452 4258 156 33 between
2622 4257 134 41 Russia,
2772 4254 154 44 Austria,
2948 4254 66 33 and
3031 4255 135 33 Prussia
3181 4269 9 28 ;
3211 4257 77 33 who
3304 4255 52 36 dis-

2294 4313 146 41 aproved
2457 4312 43 36 of
2507 4315 57 35 ft
2578 4317 107 30 arrest
2699 4310 66 33 and
2773 4309 139 35 murder
2926 4310 41 33 of
2970 4309 243 35 Ambassadors
3220 4310 154 43 ;—these.

2383 4387 74 36 The
2472 4389 142 46 Deputy
2627 4389 146 36 Courtois
2800 4389 98 35 when
2907 4387 164 44 speaking
3085 4387 36 35 of
3129 4384 239 52 Itobosviecre,

1183 66 148 58 THE
1940 66 345 54 NIONITOII.

2921 66 124 69 [Na.
3074 71 194 55 1.-V4
3277 90 38 35 r,.
3346 71 38 60 T.
