3443 4534
80 276 91 38 'And
191 277 27 35 it
239 277 30 36 is
299 277 151 36 evident
466 277 79 36 that
557 276 61 50 'in-
718 288 33 24 s.
765 277 41 35 of
822 276 187 50 profound
1031 287 129 35 peace,

83 328 49 38 be
145 329 77 38 will
244 329 135 38 invade
397 329 61 38 the
476 324 205 46 territories
693 332 43 33 of
753 329 57 36 his
830 326 228 52 neighbours
1077 326 85 38 who

65 381 117 38 ''have
220 391 66 28 not
323 395 128 36 power
471 389 39 30 to
540 383 104 36 resist
665 376 2 55 •
680 383 110 44 him..
813 378 90 43 'llls,
932 381 167 38 Conduct
1124 376 38 43 td

69 428 22 46 -
91 428 164 46 Holland
283 436 126 47 (when
431 433 243 39 he:removed
694 436 55 35 his
765 433 134 41 Grand
921 435 241 47 Pen4onary,

88 496 41 30 to
148 490 110 50 pia&
280 490 63 36 the
372 488 128 36 crown
520 502 49 22 on
591 488 161 38 Louis's
765 487 134 46 head),
931 487 233 36 to`Switzeri.

65 534 129 52 :land,
231 551 41 28 to
302 540 132 52 Spain,
458 543 76 35 and
570 550 39 28 to
647 542 63 36 the
746 543 123 38 Hansl
885 540 151 43 Towns,
1065 539 82 38 Safi-

769 581 3 5 .

85 595 146 49 dellay
250 602 118 43 prove
378 595 57 36 his
452 595 128 47 regard
595 603 38 33 to
650 595 61 47 the
712 595 20 47 i
732 595 148 47 balance
898 592 41 38 of
950 605 123 36 power
1091 592 71 38 and

88 658 41 28 to
150 649 65 38 the
235 652 233 35 observance
483 657 36 27 of
540 649 164 36 treaties.
757 647 83 38 The
858 647 186 47 following
1055 657 88 31 anec
1143 657 24 31 7

88 704 90 36 dote
195 704 80 36 will
293 715 117 38 prove
427 702 63 36 the
510 702 252 49 independence
781 701 44 38 of
843 699 167 38 Holland
1031 699 135 49 during

88 754 176 41 Louts's
288 756 99 46 reign
408 756 38 36 in
460 754 85 44 that
562 762 178 43 country.

146 811 120 36 When
402 808 180 38 ci-devant
614 806 123 38 Dutch
759 806 176 49 'Majesty
956 817 77 24 was
1065 817 50 24 on
1145 817 19 24 a

88 863 88 38 visit
203 871 41 30 to
272 863 58 36 his
359 861 175 43 Cqrsicati
565 860 184 49 141a,j..stry,
776 858 139 46 -French
948 858 220 39 Gendarmes

85 915 217 50 proceeded
324 923 39 31 to
376 917 126 38 Breda
521 915 36 38 in
580 915 184 43 Holland,
783 913 74 38 and
877 912 165 38 arrested
1065 923 24 25 a
1107 923 41 25 ce-

88 970 170 38 lebtated
310 970 143 36 banker
498 970 43 36 of
591 967 63 38 the
696 978 110 25 name
847 965 44 36 of
931 965 99 36 VON
1077 973 88 28 DER

90 1022 283 44 SVIIRICKER,
394 1022 85 38 who
510 1020 153 39 insuied
691 1017 63 41 aft
924 1014 102 54 goods
1027 1014 20 54 .
1047 1014 126 54 going'

83 1083 47 43 :to
148 1077 162 38 France.
365 1076 65 38 lie
444 1085 79 31 was
535 1076 115 46 taken
672 1082 41 30 to
750 1072 156 43 France,
926 1072 72 35 and
1033 1071 132 47 lodged

87 1129 41 36 in
150 1129 63 38 the
231 1126 175 52 Temple,
443 1128 126 38 where
600 1128 46 38 he
676 1126 189 41 remained
888 1124 55 38 till
973 1123 47 38 he
1041 1123 20 38 -
1061 1123 104 38 could

88 1195 77 38 pay
195 1183 206 44 200,0001.
435 1189 41 30 to
512 1181 65 36 the
617 1178 176 52 Imperial
833 1178 236 47 Kidnapper.
1128 1176 39 36 In

90 1246 265 43 consequence
387 1235 44 41 of
466 1236 63 35 the
559 1233 244 38 information
825 1230 124 39 which
984 1227 189 44 Foucni.,

88 1291 183 38 obtained
294 1288 94 39 from
424 1287 178 49 perusing,
633 1285 63 38 the
710 1283 6 54 ,
731 1298 134 38 papers
885 1285 72 36 and
994 1285 118 35 books
1131 1283 43 35 of

88 1345 65 39 AI.
170 1343 101 38 VON
302 1351 93 27 DER
417 1340 285 43 SCIIRICEER,
739 1337 191 50 hundreds
950 1335 44 38 of
1017 1346 151 38 persons

90 1405 101 27 were
213 1395 165 35 arrested
402 1395 36 35 in
465 1395 167 35 Rolland
649 1392 88 39 and•
748 1392 191 47 conveyed
964 1400 38 28 to
1025 1389 143 36 French

91 1444 164 52 prisons,
276 1444 98 43 from
392 1444 154 38 whence
567 1444 90 52 they
677 1449 99 31 were
808 1449 65 31 not
891 1441 183 39 liberated
1112 1441 55 38 till

93 1498 91 50 they
206 1499 113 35 could
354 1510 74 38 pay
447 1498 102 47 large
576 1510 101 25 sums
707 1496 44 43 of
776 1502 24 43 m
800 1502 126 43 oney;

973 1496 19 41 .
992 1496 39 41 So
1055 1496 112 36 much

94 1551 60 38 for
189 1545 63 44 the
277 1550 285 50 independence
592 1550 43 39 of
668 1548 183 38 Holland.

148 1603 71 38 We
241 1605 107 36 'have
383 1603 72 38 this
502 1605 76 49 day
699 1613 74 27 rca
798 1603 123 36 latter
962 1592 93 49 frotn

96 1655 176 54 Majesty
313 1658 63 38 the
422 1657 181 38 ci-decant
658 1658 99 46 kin:4
813 1655 41 38 of
907 1655 167 38 Holland
1132 1660 38 41 tp

93 1710 58 39 his
173 1712 206 43 :Ministers,
416 1712 74 36 and
528 1710 247 46 instruetians
806 1710 106 46 given
939 1710 46 46 by
1131 1717 39 28 to

94 1767 65 39 AL
180 1761 329 43 LABOteIIRRE:
564 1765 82 38 The
679 1759 14 41 -
693 1759 124 41 official
860 1770 142 41 report'
1020 1756 46 47 of
1088 1761 80 38 that

93 1819 217 50 gentleman
343 1820 44 35 of
413 1819 61 38 the
493 1819 263 39 conversation
770 1816 54 43 ,he
844 1814 74 38 had

932 1814 96 44 .with
1065 1816 79 36 Mar-

94 1876 83 50 quis
202 1874 291 44 WELLESLEY,
521 1885 49 25 on
595 1872 61 38 the
672 1871 150 44 subject
843 1869 231 47 of.entering
1088 1869 82 36 into

94 1943 24 24 a
146 1923 337 55 rwerociation•:for
502 1940 98 43 peace
600 1940 19 43 ?
619 1940 20 43 ,
655 1924 43 52 ha.
698 1924 16 52 ,
742 1923 154 54 already
920 1921 187 52 appeared
1132 1923 36 36 in

91 1983 52 39 all
162 1983 38 38 th
202 1964 46 55 e'
247 1978 157 41 Londcin
427 1995 151 36 papers.
635 1981 41 36 In
696 1992 72 25 our
781 1984 99 30 inext
907 1991 55 31 we
981 1976 96 44 shall
1106 1987 65 25 no-

94 2039 76 38 Lice
192 2036 63 38 the
271 2036 233 38 conduct:of
521 2030 285 43 BONAPntier
828 2031 162 36 towards
1020 2030 150 44 Pru‘sia

93 2094 38 35 in
153 2091 91 39 time
274 2090 44 38 of
340 2102 132 38 peace,
490 2091 49 49 by
556 2088 126 38 which
694 2088 27 36 it
743 2099 159 38 appears
924 2085 82 36 that
1024 2082 146 39 Prussia

93 2159 76 24 was
184 2145 80 38 sold
290 2148 72 33 and
387 2145 181 49 betrayed
594 2153 38 36 to
650 2142 142 38 France
814 2142 49 47 by
883 2139 68 36 her
964 2150 106 24 -own
1096 2137 49 39 Mi-

93 2200 150 46 nisters,
282 2197 72 39 and
387 2197 79 39 that
502 2211 47 30 no
580 2197 172 43 exertion
781 2206 47 25 ol
861 2205 71 25 our
951 2200 83 41 part
1055 2191 115 50 could

91 2252 99 38 have
211 2252 112 39 saved
346 2252 80 36 that
447 2260 162 41 country
630 2249 98 39 from
762 2247 63 38 the
857 2247 77 43 fate
962 2238 123 52 which
1106 2244 65 36 she

65 2296 2 58 •
88 2306 71 39 bets
175 2307 102 38 since
293 2296 266 58 experienced.

150 2409 115 39 Some
287 2405 44 39 of
353 2417 74 25 our
446 2416 135 39 papers
602 2403 93 36 have
726 2400 123 38 stated
872 2398 82 38 that
992 2411 35 22 a:
1038 2398 134 35 decree

96 2463 46 39 of
165 2463 222 49 Bonaparte
411 2460 72 36 had
520 2455 197 38 restricted
745 2455 63 35 the
830 2466 87 24 con%
929 2452 82 35 ivia!
1038 2450 115 35 •Socie-

96 2521 71 35 ties
181 2520 38 35 in
238 2517 143 38 France
402 2528 41 22 so
463 2512 80 38 that
562 2520 60 27 not
643 2521 74 36 any
739 2509 41 35 of
794 2507 99 36 them
910 2504 96 41 shall
1030 2502 140 38 exceed

98 2573 63 35 the
184 2570 157 36 number
359 2567 43 36 of
413 2573 140 39 twenty'
576 2569 165 44 persons.
798 2559 66 36 We
879 2557 134 38 should
1033 2562 65 36 puot
1120 2551 50 49 afl

98 2625 47 36 be
161 2620 198 52 surprized
378 2625 38 31 at
444 2617 93 38 such
561 2631 20 20 a
603 2617 135 35 decree
757 2611 219 39 ernanatinff
992 2611 93 35 fsum
1112 2609 60 38 the

98 2677 110 36 brain
230 2676 44 35 of
298 2674 61 36 the
381 2672 126 36 insane
526 2677 126 41 tyrant
668 2668 44 35 of
737 2668 156 36 France.
946 2643 74 57 We
1039 2674 65 25 are
1134 2669 39 28 as

98 2739 68 41 yet
197 2735 74 30 nor
285 2728 36 38 in
342 2724 208 52 possession
578 2721 41 36 of
644 2721 41 43 it,
715 2720 74 36 and
825 2717 187 39 therefore
1033 2724 139 30 cannot

101 2789 98 30 state
219 2784 28 33 it
268 2792 41 25 as
324 2792 24 25 a
367 2778 99 44 fact;
504 2778 66 36 but
583 2787 57 24 we
655 2786 71 27 can
761 2784 20 25 a
781 2784 20 25 ,
802 2784 88 25 sure
920 2783 69 24 our
1011 2770 161 41 readers,

102 2836 85 38 that
208 2835 41 36 of
276 2833 74 36 late
370 2844 107 38 years
507 2825 236 47 intimations
772 2836 96 27 were
898 2822 109 50 given
1041 2822 49 52 by
1112 2820 61 39 the

102 2890 131 49 police
254 2894 38 28 to
307 2885 107 38 those
430 2894 153 39 persons
605 2879 82 36 who
709 2891 96 24 were
835 2880 36 35 in
896 2877 63 36 the
989 2877 120 36 habits
1139 2877 39 36 of

102 2943 126 47 giving
258 2940 102 49 large
387 2939 151 36 dinners
567 2935 74 36 and
660 2932 142 39 soin'es,
831 2931 82 38 that
934 2931 30 38 it
981 2929 126 38 would
1131 2931 44 36 be

104 2992 200 50 agreeable
326 3000 38 28 to
381 2994 246 47 government
639 2992 38 31 to
699 2984 46 38 be
767 2984 189 38 furnished
978 2983 126 38 witha
1115 2983 60 36 list

106 3047 47 36 of
175 3047 50 38 all
260 3044 63 39 the
351 3054 153 43 persons
542 3041 140 38 invited
698 3039 9 35 !
764 3039 93 36 This
885 3050 74 24 was
981 3050 47 24 no
1057 3036 118 38 doubt

107 3101 99 36 done
225 3099 88 36 with
335 3112 24 24 a
372 3099 93 35 view
504 3094 58 36 for
600 3096 63 33 the
682 3093 124 49 police
844 3102 39 25 to
899 3098 61 30 See
981 3093 31 35 if
1035 3101 77 39 ally
1137 3091 43 36 of

109 3154 99 36 their
227 3153 211 49 spies.were
458 3148 46 38 of
528 3148 63 36 the
611 3157 126 41 party.
792 3145 142 38 Should
956 3146 25 35 it
1009 3157 43 24 so
1082 3145 71 49 hap-

107 3217 74 39 pen
198 3206 83 50 that
301 3216 99 25 none
416 3203 44 38 of
483 3203 80 36 that
586 3200 208 41 honorable
808 3198 96 38 class
920 3211 93 24 were
1035 3209 50 25 on
1112 3198 50 36 the
1162 3198 17 36 .

109 3263 74 43 list,
213 3271 88 25 care
315 3271 72 25 was
405 3258 112 36 taken
539 3255 80 38 that
638 3254 88 50 they
745 3250 139 43 should
907 3254 46 38 be
969 3252 117 36 there.
1142 3250 35 38 It

107 3315 33 36 is
156 3326 93 25 even
269 3324 88 38 very
378 3310 123 41 usual,
532 3309 80 38 that
652 3309 30 36 if
706 3320 20 24 a
759 3307 132 49 public
923 3306 252 50 fonctionary,

109 3367 93 39 such
224 3378 39 31 as
282 3361 268 49 Cambac6res,
581 3361 61 38 the
663 3361 101 38 Lord
776 3359 104 52 Biel
901 3357 211 39 Chancellor
1139 3365 35 41 01

107 3422 156 43 Trance,
302 3433 44 24 er
386 3417 148 41 Murat,
567 3414 109 39 when
702 3414 47 38 he
786 3428 74 24 was
898 3411 220 39 Governor'
1139 3414 39 35 of

109 3463 121 55 Paris,
260 3487 90 38 gave
372 3472 104 43 fetes,
506 3472 91 49 they
617 3483 98 24 were
743 3469 80 39 also
843 3466 140 50 obliged
1002 3474 39 36 to
1060 3466 115 36 invite

109 3540 123 39 spies;
249 3529 17 47 .
266 3529 112 47 either
400 3526 104 36 those
526 3521 46 39 on
572 3521 22 39 -
594 3521 162 39 Ruch/'a
778 3524 60 35 list
860 3535 43 20 or
934 3518 244 49 Bonaparte's

109 3597 74 35 ow?:
213 3583 93 50 spies
320 3581 19 38 !
394 3580 36 38 lt
430 3580 19 38 .
465 3589 85 38 may
586 3578 44 36 be
677 3576 109 49 fairly
824 3576 137 43 !,tated,
994 3586 102 36 upon
1131 3572 46 38 an

181 3639 118 46 rage;-
312 3635 83 36 that
413 3633 115 47 every
540 3628 14 38 -
554 3628 76 38 fifth
650 3643 85 24 man
765 3633 44 35 in
835 3628 107 36 Paris
972 3628 30 35 is
1024 3627 44 39 of
1093 3627 87 36 that.

107 3688 252 49 description.
411 3683 82 38 The
520 3683 191 47 following
729 3682 200 43 anecdote,
959 3693 41 24 as
1035 3671 140 46 related

109 3735 55 57 hY
178 3735 139 44 FoucU
337 3737 159 41 himself,
515 3746 39 27 at
576 3735 244 46 Mndome,'de
838 3732 145 41 Stael's,
1002 3732 72 36 will
1096 3732 68 49 give-

109 3795 66 39 the
195 3795 137 36 reader-
346 3805 24 24 a
391 3792 83 49 just
496 3791 85 38 idea
602 3791 43 36 of
668 3789 63 38 the
753 3787 211 52 espionnage
994 3787 43 35 of
1063 3787 113 35 Paris.

107 3850 104 50 That
235 3847 180 38 Minister
433 3846 169 38 received
638 3841 217 52 reports-of
879 3854 22 24 a
917 3841 260 38 conversation

110 3904 98 38 from
231 3902 88 36 four
339 3899 170 38 different
531 3902 153 46 persons
706 3896 83 38 who
803 3904 94 25 were
920 3893 131 50 (lining
1071 3901 87 43 toge-

112 3957 85 38 ther
216 3956 38 36 in
269 3969 20 22 a
309 3954 146 50 private
477 3956 104 35 room
600 3957 38 30 at
671 3962 22 25 a
712 3948 118 44 cofke
857 3946 118 38 house
1000 3948 35 36 in
1063 3946 115 43 Paris,

109 4011 165 38 because
304 4017 27 28 it
370 4019 41 25 so
446 4005 197 52 happened
674 4003 82 46 that
787 4000 87 49 they
904 4011 96 25 wete
1123 3998 55 39 his

104 4065 118 50 spies,
252 4063 68 36 but
353 4074 96 25 were
482 4066 68 30 not
578 4055 137 38 known
739 4061 38 30 to
816 4052 94 38 each
929 4052 5 63 •
945 4052 121 44 other,
1104 4054 76 38 and:

106 4118 140 49 baying
263 4115 49 39 all
331 4115 44 38 of
397 4115 102 38 them
520 4110 143 49 spoken
685 4107 145 49 against
846 4106 261 44 Government
1124 4107 54 36 for

107 4181 66 31 the
209 4184 164 39 purpose
405 4169 44 38 of
474 4164 151 50 making
663 4157 307 47 denunciations,
1000 4157 101 52 they,
1128 4159 33 38 in

106 4224 148 46 foimed
288 4225 146 47 against
471 4220 93 38 each
602 4217 112 38 other
729 4214 35 38 !!
784 4214 8 38 !
852 4214 115 36 What
991 4213 85 38 .will
1109 4213 71 39 our'

102 4276 340 57 Napoleon-struck
461 4283 241 39 newspapers
718 4280 68 39 say
808 4276 39 30 to
865 4266 99 38 this.?
983 4266 6 66 .
1093 4266 3 66 .
1142 4266 6 66 ,

157 4375 35 39 A
230 4367 153 43 Second
411 4365 157 41 Edition
602 4361 50 39 a
683 4362 77 36 Mr.
795 4357 146 46 Poole's
964 4357 213 36 .HAMLET

102 4431 274 38 TRAVESTIE
402 4420 33 38 is
454 4433 87 27 now
570 4417 38 38 in
625 4416 66 39 the
724 4424 120 43 presi,
872 4408 93 41 with
987 4406 169 41 consider-

102 4485 90 38 able
211 4476 209 43 additions.

1169 154 150 57 This;
1354 156 523 65 ANTICALLIcAN
1915 154 343 52 MONITOR.

1392 288 181 41 HINTS
1598 288 71 41 TO
1694 280 370 46 SOVEREIGNS'
2241 306 16 6 -

1258 430 101 41 Who
1389 430 142 39 caused
1567 431 80 38 the.
1661 428 206 47 reVolution
1868 428 22 47 -
1907 428 39 38 in
1980 430 268 39 Franca?—Mi-

1206 485 137 38 nisters
1365 485 85 38 that
1472 499 98 24 were
1595 482 203 39 reformers
1808 482 83 41 and
1909 482 254 41 economists:
2200 485 72 39 viz.

1205 537 167 49 Turgot,
1391 537 254 44 Mal,herbes,
1672 535 77 38 and
1767 534 170 41 Neckar.

1261 591 101 50 Who
1409 589 184 52 betrayed
1635 589 154 39 Prussia
1828 595 41 31 to
1910 589 145 38 France
2074 589 200 43 ?—Count

1209 633 321 60 tiaufnvitz;'and
1550 643 65 38 the
1633 647 76 33 two
1728 639 156 41 cabinet
1909 641 228 39 Secretaries
2164 646 88 39 Loin-

1209 676 113 60 hard'
1332 696 79 39 and
1436 698 156 50 Beynut,
1622 696 52 38 all
1690 676 5 74 •
1706 696 106 44 three
1827 693 213 41 .reformers
2058 696 76 39 and
2161 701 94 49 parti-

1208 762 90 25 zans
1317 751 46 38 of
1369 751 65 38 the
1446 750 150 39 French
1609 748 244 47 Revolution,
1871 748 76 41 and
1962 748 162 41 salaried
2140 761 132 43 agents

1208 803 47 38 of
1261 805 216 50 Bonaparte
1488 803 5 52 1
1493 803 5 52 ,

1261 855 102 41 Who
1406 855 183 54 betrayed
2044 855 129 55 Philip
2202 860 49 41 Co-

1211 910 165 46 bentzel,
1403 907 250 41 ambassador
1663 907 6 57 -
1693 907 98 41 from
1828 907 88 41 that
1945 915 165 49 country
2139 918 41 35 to
2209 915 63 39 the

1209 964 115 39 mock
1340 969 104 43 court
1444 969 22 43 •
1477 962 47 38 of
1534 964 55 36 St.
1606 962 129 38 Cloud
1748 975 66 25 --a
1831 961 194 47 reformer,
2055 965 76 39 and
2146 980 49 27 an
2209 970 44 38 ad-

1209 1014 113 41 mirei
1337 1016 49 41 of
1395 1011 159 44 Frenek
1569 1016 139 47 liberty
1721 1016 17 36 !
1748 1016 16 36 !
1776 1016 16 36 !

1263 1069 102 39 Who
1411 1068 183 44 betrayed
1635 1065 148 57 Naples
1795 1068 175 39 ?---The
2011 1071 176 52 Marquis
2225 1076 49 39 de

1211 1120 132 49 Gallo,.
1370 1123 74 36 also
1444 1123 19 36 .
1482 1134 24 24 a
1521 1121 181 38 reformer
1726 1118 76 39 like
1819 1121 63 38 the
1904 1124 220 49 preceding.
2176 1129 96 39 This

1211 1189 85 25 man
1317 1175 80 39 'was
1425 1187 115 36 many
1565 1186 109 39 years
1699 1173 249 41 ambassador
1965 1175 99 41 from
2082 1180 65 39 the
2162 1192 113 30 court

1211 1228 47 39 of
1271 1230 143 50 Naples
1431 1233 39 33 to
1488 1228 63 38 the
1569 1233 113 31 court
1696 1227 46 39 of
1751 1228 57 38 St.
1822 1228 143 49 Cloud,
1986 1231 83 41 ,and
2091 1233 66 41 has
2178 1236 94 44 been

1209 1282 63 38 for
1291 1291 109 43 years
1427 1294 72 24 one
1521 1279 47 38 of
1584 1282 244 49 Bonaparte's
1857 1282 98 50 spies
1976 1285 47 38 of
2047 1287 65 39 the
2140 1290 135 49 higher

1209 1335 128 46 order,
1367 1334 63 39 for
1446 1334 126 39 which
1606 1332 47 39 he
1677 1348 77 24 was
1780 1334 88 52 paid
1896 1339 104 38 5001.
2022 1342 157 54 sterling
2206 1359 68 36 per

1211 1389 148 38 month.

1265 1443 101 39 Who
1386 1443 31 39 is
1433 1441 66 38 the
1520 1454 115 25 cause
1650 1439 50 39 'of
1717 1441 63 38 the
1798 1443 194 49 degraded
2022 1452 96 35 state
2140 1452 47 38 of
2208 1454 66 39 the

1213 1501 113 33 court
1362 1494 49 38 of
1436 1494 140 38 Russia
1586 1494 71 44 ?—
1660 1494 135 39 Prince
1817 1498 198 39 Kourakin
2046 1504 76 38 and
2143 1506 131 39 Count

1213 1546 243 46 Romanzoff,
1471 1546 22 39 -
1493 1546 90 39 both
1605 1545 213 52 reformers,
1847 1550 181 44 admirers
2050 1556 47 38 of
2124 1557 150 41 French

1213 1602 153 50 liberty,
1395 1600 74 41 and
1490 1600 162 38 salaried
1672 1608 131 44 agents
1825 1605 46 38 of
1888 1597 227 63 Bonaparte.

1266 1657 102 36 Who
1392 1654 140 54 placed
1556 1654 65 39 the
1636 1668 126 28 crown
1783 1658 46 36 of
1844 1661 157 38 Sweden
2020 1676 50 27 on
2093 1665 65 39 the
2176 1665 99 41 head

1213 1709 47 49 of
1282 1723 24 24 a
1339 1709 76 36 vile
1433 1707 296 52 revolutionary.
1739 1712 145 39 French
1904 1715 173 49 Serjeant
2088 1720 104 36 I—A
2222 1734 36 24 re-

1213 1762 156 46 former,
1398 1761 74 39 and
1502 1775 24 24 a
1550 1759 123 41 friend
1699 1767 41 36 to
1767 1767 287 54 revolutionary
2082 1769 194 55 liberty—

1214 1816 159 39 Charles
1391 1816 69 38 IV.

1265 1869 104 39 Who
1380 1868 20 39 -
1400 1868 65 39 had
1494 1879 91 39 very
1611 1868 131 55 nearly
1756 1871 187 57 betrayed
1973 1876 66 39 the
2058 1877 153 49 Regent
2236 1877 46 39 of

1216 1923 183 50 Portugal
1408 1921 43 46 ?-
1450 1921 22 46 7
1472 1921 66 46 -M.
1554 1923 54 36 D'
1792 1940 28 33 a
1828 1928 184 41 reformer
2027 1928 76 41 and
2118 1942 25 27 a
2153 1928 124 41 friend

1214 1986 39 30 to
1271 1976 150 39 French
1438 1970 153 57 liberty,
1617 1978 74 38 and
1709 1991 24 28 a
1761 1981 202 50 pensioner
1981 1983 49 39 of
2044 1986 233 49 Bonaparte.

1266 2030 107 39 Who.
1397 2030 183 49 betrayed
1611 2031 376 50 Spain?—Emanuel
2017 2038 49 38 de
2107 2036 170 46 Godovi,

1216 2083 135 39 Prince
1369 2082 47 57 of
1428 2083 120 47 Peace
1561 2096 9 31 ;
1587 2083 159 49 Messrs.
1761 2090 200 50 Esepterdo
1976 2091 77 39 and
2071 2091 139 44 Morla,
2227 2091 52 38 all

1214 2139 107 39 three
1337 2135 143 43 friends
1502 2145 38 30 to
1559 2139 131 58 French
1690 2139 22 58 .
1721 2142 157 65 liberty;
1906 2145 224 52 pensioners
2146 2145 47 39 of
2209 2146 49 36 Bo-

1214 2197 170 46 naparte.

1265 2246 112 38 Who'
1403 2244 183 50 betrayed
1617 2246 170 41 Holland
1964 2255 61 38 De
2060 2254 198 39 Schimmel-

1214 2299 178 52 penninc,
1411 2299 76 38 late
1509 2298 135 39 Grand
1666 2301 241 57 Pensionary,
1935 2320 22 25 a
1973 2313 109 43 great
2106 2307 175 50 partizan

1214 2353 47 43 of
1276 2353 150 43 French
1455 2353 151 50 liberty,
1635 2353 72 38 and
1748 2356 85 38 who
1868 2357 76 41 had
1972 2361 65 38 the
2066 2362 211 44 meanness,

1214 2405 99 39 after
1343 2405 197 49 returning
1570 2402 99 44 from
1699 2419 22 25 a
1745 2409 99 38 walk
1874 2413 91 39 with
1997 2416 217 50 Bonaparte
2243 2420 38 33 at

1219 2460 243 44 Nialmaismt,
1491 2465 41 31 to
1546 2472 28 22 w
1584 2458 60 49 ipe
1660 2460 65 38 the
1739 2461 91 38 dust
1846 2465 60 36 off
1917 2466 57 38 his
1995 2468 134 39 shoes!

1257 2524 109 38 'Who
1397 2524 30 36 is
1449 2523 63 46 the
1534 2523 113 38 cause
1668 2523 52 38 of
1734 2524 66 39 the
1825 2521 192 58 degraded
2047 2529 231 49 submission

1214 2573 47 41 Of
1271 2576 66 39 the
1359 2575 250 49 otivernMent
1635 2575 47 39 of
1706 2576 65 41 the
1784 2580 142 41 United
1948 2586 121 39 States
2094 2587 49 39 of
2165 2594 118 35 Arne=

1214 2609 372 71 ricerto''Bonaparte
1598 2644 9 24 :
1641 2643 22 25 a
1677 2641 249 41 government
1953 2638 85 39 that
2055 2639 76 41 will
2162 2643 118 39 suffer

1216 2683 47 38 its
1283 2683 104 52 ships
1408 2691 41 31 to
1471 2683 47 38 be
1542 2683 254 47 condemned,
1825 2688 74 38 and
1921 2688 65 41 the
2008 2706 118 28 crews
2153 2696 128 50 impri.

1216 2737 137 46 coned;
1380 2737 36 41 in
1438 2737 181 39 violation
1636 2737 47 39 of
1693 2739 164 50 existing
1876 2743 151 39 treaties
2038 2761 11 25 :
2079 2761 24 25 a
2121 2759 137 41 govern-

1216 2797 110 44 ment:
1340 2791 83 38 that
1452 2789 66 43 did
1539 2792 69 36 not
1625 2786 112 44 make
1761 2805 74 38 any
1852 2805 282 35 remonstrance
2148 2808 41 33 to
2211 2805 47 38 Bo-

1216 2850 172 44 naparte.
1405 2844 58 36 for
1485 2843 137 52 having
1647 2844 123 49 broke
1797 2860 101 38 open
1918 2849 219 52 dispatches
2153 2857 126 38 which

1216 2910 99 25 were
1356 2898 208 38 addressed
1587 2904 52 31 •to
1660 2891 112 46 .their
1805 2902 271 50 Ambassador,
2112 2910 150 39 General
2261 2910 22 39 .

1214 2951 231 52 ,Arnistrong
1534 2951 131 52 'Paris.
1720 2953 102 38 Who
1849 2959 99 35 were
1978 2959 63 38 the
2077 2975 132 33 causes
2241 2957 43 46 of

1216 3005 76 38 this
1605 3003 246 54 republicans
1863 3008 74 41 and
1953 3013 198 49 partizans
2161 3011 47 43 of
2217 3017 63 38 the

1220 3060 145 38 French
1384 3054 274 52 Revointion...

1271 3113 71 36 Let
1354 3113 217 49 sovereigns
1586 3112 192 39 therefore
1794 3113 148 44 beware
1959 3117 47 38 of
2016 3131 85 27 men
2115 3123 88 38 who
2217 3137 65 27 are

1216 3165 183 39 admirers
1433 3165 47 39 of
1504 3167 68 38 the
1589 3167 283 54 revolutionary
1891 3169 128 55 liberty
2019 3169 19 55 .
2055 3173 47 38 of
2113 3176 143 41 France
2271 3180 8 38 !

1246 3228 2 60 •
1269 3228 87 43 The
1372 3235 107 44 great
1504 3228 41 49 Ft
1556 3228 126 50 ederie
1702 3230 46 39 of
1775 3231 154 39 Prussia
1945 3249 79 24 was
2041 3235 102 54 right
2172 3241 109 39 when

1219 3283 47 39 he
1285 3283 96 47 said,
1411 3290 25 30 !‘
1460 3283 41 39 U
1515 3285 16 38 I
1551 3290 101 33 want
1672 3285 68 38 to
1740 3285 139 50 punish
1899 3288 65 38 the
1983 3291 140 50 people
2148 3293 47 39 of
2209 3309 74 38 any

1217 3337 47 39 of
1293 3350 65 41 my
1375 3337 217 50 provinces,
1624 3339 14 38 1
1669 3339 79 38 will
1783 3339 94 39 send
1888 3337 2 60 •
1904 3353 24 27 a
1964 3342 252 55 philosopher
2243 3354 41 33 to

1219 3398 143 44 govern
1381 3391 106 39 them

2124 3441 5 2 .
2175 3441 6 2 .

1274 3496 198 52 Deshayes
1507 3496 142 49 of.the
1668 3496 132 52 Opera
1833 3498 132 41 [louse
1992 3507 102 35 went
2109 3507 41 35 to
2180 3506 106 39 Paris

1222 3550 72 38 last
1309 3556 159 31 auttunn
1483 3556 41 35 to
1543 3550 145 50 engage
1712 3550 161 39 dancers
1893 3553 61 38 for
1973 3567 71 25 our
2065 3570 131 38 opera.
2246 3557 41 39 'lt

1219 3611 112 41 seems
1331 3611 24 41 .
1375 3602 302 52 Mademoiselle:
1698 3602 165 44 Milliere
1890 3608 76 44 was
1995 3608 65 39 the
2083 3611 102 52 ,only
2214 3625 74 36 one

1216 3657 157 52 .engagtd
1373 3657 20 52 j
1394 3657 20 52 ,
1887 3661 112 50 every
2016 3671 272 44 'arrangement

1219 3723 77 25 was
1318 3709 112 39 made,
1454 3709 60 38 for
1543 3701 309 58 hgrchepariure,
1871 3710 88 50 just
1976 3726 41 27 as
2033 3715 69 49 she
2112 3715 20 55 -
2132 3715 63 55 was
2236 3712 52 44 eta

1222 3764 82 50 ting
1317 3764 82 38 into
1419 3764 68 36 her
1504 3762 203 49 travelling
1717 3764 191 47 .carriage,
1932 3765 65 39 she
2011 3780 77 25 was
2102 3756 2 120 .
2118 3756 173 66 arrested;
1222 3816 118 55 byfour
1340 3816 19 55 -
1359 3816 317 55 Gen.fi,'d'arthes
1691 3816 76 38 and
1781 3817 219 41 conducted
2014 3824 43 35 to
2071 3816 220 60 adungeon.

1222 3871 52 52 by
1293 3871 178 38 ordefof
1483 3863 66 52 the
1565 3860 120 63 grind
1713 3869 157 50 imperial
1871 3869 20 50 -
1913 3874 131 38 Ballet
2063 3879 135 33 master
2214 3879 72 36 and
2290 3860 2 63 -

1222 3917 265 50 Tobacconist'
1504 3920 228 54 Napoleon.:
1751 3924 219 50 Bonaparte
1987 3928 9 38 !
2038 3928 156 47 acetikil
2194 3928 20 47 .
2249 3928 43 52 of

1224 3978 151 52 having-
1391 3976 230 52 altempted-
1643 3983 54 33 to.-
1712 3975 153 44 'violate
1882 3978 65 39 the
1961 3969 172 55 :decrees
2164 3981 128 41 ofthe

1238 4031 243 54 ens-Catatte
1499 4033 189 49 Eniperor
1717 4031 128 52 which
1863 4031 173 41 declares
2047 4033 74 41 .the
2140 4035 151 39 British.

1222 4087 96 39 Isles
1329 4083 43 44 iii
1383 4076 148 57 asta±e:
1539 4082 47 46 of

1595 4082 41 55 ti
1636 4082 165 55 lockade,
1817 4085 76 38 and
1915 4091 178 46 prevents
2121 4088 50 47 all
2189 4098 77 30 com-

1222 4132 458 54 imincaiions'.,,Witli.the
1699 4140 276 43 same.--Pbor
1998 4134 180 47 DeShaVe
2214 4140 77 41 Ws'

2231 4183 3 3 .

2167 4189 8 16 t
2211 4189 8 8 •

1217 4191 239 58 glaOro,get
1476 4206 118 39 away,
1611 4192 220 54 ...especially
1850 4208 47 30 as.
1918 4194 194 50 Frederici
2132 4181 43 52 for
2224 4191 46 47 do-

1236 4244 296 49 rftestonfethin.
1564 4247 153 38 similar.
1732 4247 120 39 about
1882 4249 88 38 nine
1984 4246 216 57 years,..ago
2214 4263 76 25 was

1507 4280 24 38 7

1222 4313 82 36 con,
1320 4313 35 36 p
1354 4313 36 36 q
1422 4313 38 25 in
1488 4313 22 25 a
1532 4293 181 58 dungeon
1740 4315 36 24 in
1797 4302 104 46 Paris
1928 4302 65 39 for
2008 4304 110 38 three
2134 4304 154 38 months

1216 4353 320 47 :arid'afterWards
1548 4354 126 39 exiled
1691 4356 11 38 I
1732 4356 170 52 Perhaps
1923 4356 30 39 it
1965 4357 146 39 willte
2132 4356 159 43 debated

1216 4408 93 38 'that
1318 4406 38 38 if
1446 4406 20 41 .
1466 4406 129 41 revoke
1603 4430 8 19 7
1620 4422 72 35 our
1724 4408 145 41 orders.
1877 4411 38 38 in
1943 4403 159 49 council
2115 4411 57 46 we
2200 4411 90 54 may

1222 4460 121 52 freely
1361 4460 142 52 impart
1521 4461 150 41 French
1685 4463 148 44 (lancers
1833 4463 19 44 -
1863 4465 11 38 !

2902 157 120 65 [No.
3057 148 239 55 I.—VOL.

2633 272 93 41 Tlf
2754 276 27 38 E
2828 274 255 43 DRAMA.

2403 356 131 39 Respice
2546 359 156 44 exemplar
2715 359 77 33 vita;
2805 367 180 30 merunnue
2989 356 128 39 jubeho,

2402 398 140 35 Doctum
2556 400 202 41 imitutoreni,
2773 405 30 31 et
2817 400 88 36 vivo
2918 400 72 31 hinc
3005 400 109 33 ducere
3128 400 244 33 rotes.—lfox.

2976 472 169 52 Lyceum
3162 474 172 41 Theitre.

2369 526 63 38 No
2452 529 181 46 novelties
2649 531 99 43 have,
2762 526 191 57 appeared
2967 535 41 30 at
3024 526 72 41 this
3113 528 169 39 Theatre
3296 529 69 36 dur-

2317 578 60 52 ing
2398 581 63 44 the
2483 589 82 43 past
2578 584 118 41 week.
2753 586 76 36 But
2843 595 50 25 on
2915 581 63 38 the
2997 581 225 50 preceeding

3285 576 85 43 attrr-

2315 633 87 52 day,
2431 649 22 24 a
2493 650 80 24 new
2606 638 150 39 musical
2791 633 291 43 entertainment
3118 649 74 25 was
3219 635 169 50 brought

2315 685 173 50 forward,
2518 691 120 39 called
2661 691 77 41 The
2759 691 79 41 Bee
2858 688 112 39 Hive.
3011 688 85 39 The
3113 690 79 50 plot
3213 690 50 38 of
3282 699 80 27 com-

2315 742 176 47 positions
2510 743 47 38 of
2578 746 72 36 this
2682 751 134 38 nature
2849 742 31 38 is
2899 754 25 28 a
2943 746 139 35 matter
3102 743 47 38 of
3167 742 20 50 -
3187 742 195 50 secondary

2313 795 299 47 consideration;
2641 800 83 44 but,
2743 797 33 39 if
2791 795 61 41 the
2874 800 148 46 present
3039 795 101 50 piece
3159 795 30 39 is
3208 795 180 38 deficient

2315 860 47 25 on
2384 849 79 39 that
2483 863 131 33 score,.
2630 852 30 39 it
2680 861 183 39 possesses
2882 861 25 24 a
2924 847 180 44 liveliness
3124 849 72 39 and
3222 849 162 49 vivacity

2315 902 244 52 throughout,
2578 907 135 41 which,
2734 904 50 50 by
2805 915 20 25 a
2847 902 123 52 rapid,
2991 902 186 52 although
3192 909 69 31 not
3279 915 24 25 a
3320 913 44 25 na-

2315 957 96 36 tural
2433 959 206 44 succession
2661 957 46 41 of
2729 957 195 43 incidents;
2954 956 112 50 keeps
3102 957 65 38 the
3198 954 189 39 attention

2315 1009 93 39 alive
2444 1017 39 33 to
2504 1011 61 39 the
2586 1011 214 39 conclusion
2814 1025 8 25 :
2855 1008 27 39 it
2902 1022 156 33 amuses,
3088 1009 35 41 if
3143 1009 30 39 it
3191 1008 91 39 does
3318 1009 69 36 not

2315 1061 151 41 interest
2482 1066 170 36 us—and
2671 1063 107 39 when
2800 1076 46 24 an
2866 1063 137 38 author
3022 1063 68 39 has
3104 1074 50 27 no
3173 1063 120 36 moral
3307 1063 58 36 .ob-

2312 1115 77 49 ject
2411 1118 38 39 iii
2463 1118 113 39 view
2576 1126 39 30 to
2639 1118 57 50 lay
2717 1132 24 24 a
2759 1117 90 38 hOld
2861 1118 16 35 -
2877 1118 31 35 on
2909 1118 17 35 .
2937 1129 69 24 our
3025 1115 170 50 feelings,
3200 1115 3 54 .
3225 1115 80 44 this
3306 1115 19 44 i
3324 1115 61 44 .we

2317 1169 117 46 think,
2455 1165 184 44 should.
2639 1170 49 39 be
2718 1170 58 39 his
2813 1167 102 39 chief
2940 1167 88 39 aim.
3082 1169 96 38 This
3198 1167 68 39 has
3288 1167 96 39 been

2315 1222 277 50 accomplished
2614 1224 36 38 in
2671 1225 63 36 the
2756 1222 96 39 little
2869 1220 104 52 piece
2995 1220 121 38 under
3137 1235 71 24 our
3235 1222 150 36 review.

2317 1277 33 36 It
2370 1279 164 43 catches,
2554 1277 161 38 without
2743 1277 115 47 fixing
2894 1288 68 24 our
2981 1272 205 39 attention:
3239 1274 31 38 it
3301 1272 88 39 flits,

2313 1328 74 39 like
2408 1343 24 25 a
2447 1329 192 50 buttesfiy,
2669 1329 131 41 before
2822 1342 63 31 us;
2929 1326 87 46 and,
3038 1326 74 39 like
3132 1328 61 38 the
3214 1326 109 52 flight
3345 1317 46 46 of

2315 1383 79 39 that
2414 1386 128 46 inrect,
2573 1386 142 50 pleases
2728 1384 106 38 while
2852 1383 28 38 it
2899 1395 140 38 passes,
3063 1380 69 41 but
3153 1381 145 38 mither
3317 1386 71 31 our

2315 1436 217 38 inclination
2554 1450 69 24 nor
2644 1450 71 22 our
2734 1444 132 28 reason
2891 1449 107 35 urges
3020 1449 41 20 us
3080 1441 39 28 to
3135 1449 139 31 pursue
3290 1435 41 36 it.

2364 1490 87 38 The
2483 1490 101 38 little
2611 1488 87 50 plot
2718 1488 30 38 it
2778 1487 173 39 contains
2972 1485 31 38 is
3024 1483 47 39 of
3083 1498 140 27 course
3238 1485 151 52 simple.

2317 1543 28 36 A
2364 1554 129 39 young
2520 1542 90 52 lady
2627 1539 205 41 betrothed
2866 1539 38 39 in
2921 1537 183 54 marriage
3120 1545 41 33 to
3176 1553 22 25 a
3219 1540 173 50 captain,

2315 1597 124 38 whom
2476 1597 66 38 she
2575 1597 68 38 has
2671 1608 115 25 never
2813 1606 102 33 seen,
2945 1594 30 38 is
3002 1594 169 39 anxious.
3186 1600 41 33 to
3258 1594 49 39 be
3326 1605 44 28 ac-

2317 1649 183 49 quainted
2528 1649 94 39 with
2661 1649 58 39 his
2750 1661 140 39 person
2920 1647 77 39 and
3039 1647 241 52 disposition,
3309 1639 76 46 and

2317 1701 121 43 under
2465 1704 154 49 feigned
2635 1717 129 25 names
2791 1702 66 39 the
2872 1701 191 41 intended
3082 1701 140 52 couple
3250 1701 66 39 fall
3346 1698 39 39 in

2317 1756 83 38 love
2414 1756 91 38 with
2518 1759 94 38 each
2620 1759 129 44 other,
2757 1756 77 41 and
2847 1756 66 38 the
2923 1756 126 38 whole
3063 1753 49 41 of
3117 1756 66 38 the
3197 1754 192 39 incidents

2317 1813 88 33 turn
2420 1822 106 38 upon
2542 1811 66 38 the
2624 1816 200 47 .equiroque
2849 1809 124 39 which
3005 1811 66 38 the
3101 1811 186 36 alternate
3323 1819 44 27 un-

2317 1861 189 52 certainty
2520 1863 49 38 of
2576 1865 96 39 each
2702 1865 47 39 of
2772 1865 66 39 the
2863 1865 139 46 lovers,
3031 1863 172 39 whether
3219 1863 90 52 they
3324 1866 66 35 are

2318 1915 200 50 really-the
2545 1917 172 39 destined
2734 1918 96 52 pair,
2847 1918 216 39 occasions.

2372 1967 85 44 The
2474 1969 65 38 inn
2553 1975 41 33 at
2616 1972 126 38 which
2759 1973 65 38 the
2843 1972 126 39 whole
2983 1984 113 27 scene
3126 1972 49 36 of
3197 1970 65 38 the
3279 1970 110 50 piece

2321 2019 79 46 lies,
2430 2022 109 38 bears
2554 2022 66 39 the
2631 2024 69 50 sign
2701 2024 19 50 .
2728 2025 47 38 of
2798 2027 65 36 the
2890 2028 143 39 Beehive
3101 2025 93 38 This
3205 2024 102 50 gives
3321 2024 69 38 the

2321 2072 82 39 title
2416 2079 41 39 to
2472 2074 66 38 the
2557 2077 306 46 entertainment,
2893 2079 76 38 and
2984 2079 68 38 has
3066 2076 164 41 likewise
3246 2074 123 41 afford-

2320 2126 49 38 ed
2383 2128 65 39 the
2463 2128 106 52 daily
2583 2129 128 39 critics
2726 2143 49 24 an
2795 2131 277 39 inexhaustible
3101 2131 96 39 fund
3213 2131 63 39 for
3290 2140 74 41 pun-

2323 2180 109 52 ning..
2479 2181 87 38 The
2591 2183 176 39 landlord
2789 2183 30 39 is
2838 2197 24 24 a
2876 2184 202 38 character
3107 2186 47 36 of
3176 2198 104 24 some
3293 2181 96 43 little

2323 2233 176 49 humour,
2531 2235 148 50 though
2694 2235 30 39 it
2743 2235 36 39 is.
2789 2235 128 39 rather
2937 2236 47 38 of
3006 2249 22 25 a
3044 2236 178 39 confined
3243 2244 148 35 nature,

2321 2299 39 27 as
2372 2287 28 39 it
2416 2287 159 41 consists
2591 2287 137 41 chiefly
2737 2288 38 38 in
2791 2287 66 41 the
2871 2301 65 27 use
2945 2287 46 41 of
3000 2288 65 39 the
3076 2290 107 43 word
3339 2293 50 35 on

2321 2356 113 38 every
2465 2342 195 39 occasion.
2704 2332 83 49 'We
2806 2356 66 25 are
2901 2342 191 43 therefore
3123 2345 82 38 told
3228 2345 83 39 that
3342 2343 47 38 be

2323 2395 118 52 hopes
2468 2402 41 33 to
2539 2397 99 38 have
2698 2397 74 38 lots
2787 2397 47 38 of
3131 2403 39 35 to
3187 2398 128 38 whom
3342 2397 47 38 be

2321 2450 121 50 hopeS
2457 2457 41 31 to
2529 2450 83 49 give
2683 2450 76 39 lots
2778 2452 52 38 'of
3164 2450 128 39 When
3326 2449 76 47 the,

2321 2506 121 38 lovers
2458 2509 112 44 meet,
2589 2520 57 25 we
2661 2518 65 27 are
2742 2504 189 41 informed
2945 2506 83 39 that
3043 2506 109 39 there

2320 2559 49 47 of
2389 2561 282 50 ogles.—The
2682 2561 222 50 equivoque
2920 2559 47 38 of
2989 2559 66 39 the
3076 2559 107 49 piece
3198 2556 47 39 of
3257 2557 134 39 course

2320 2619 145 33 creates
2526 2614 74 39 lots
2616 2614 49 38 of
3072 2613 112 36 when
3208 2611 68 38 the
3283 2609 106 39 farce

2320 2668 222 47 concludes,
2556 2668 172 44 it.would
2748 2668 49 36 be
2827 2665 107 39 cruel
2961 2671 41 31 to
3031 2665 102 52 deny
3148 2663 82 39 him
3244 2665 65 38 the
3326 2669 71 47 or,

2320 2721 200 50 portunity
2550 2720 49 39 of
2611 2720 145 52 Saying,
2846 2718 30 38 it
2906 2717 30 39 is
2969 2717 129 50 hoped
3126 2717 93 39 with
3246 2718 74 38 lots
3351 2717 19 33 0
3370 2717 19 33 1

2315 2770 20 54 .
2668 2775 66 35 We
2748 2786 101 30 were
2863 2770 120 38 about
3008 2776 41 31 to
3071 2775 159 46 partake
3244 2770 49 38 of
3320 2762 71 46 this

2321 2827 206 38 infectious
2545 2825 112 50 spirit
2687 2824 208 44 ourselves,
2917 2824 72 36 and
3009 2827 43 33 to
3082 2824 164 39 exclaim
3317 2820 72 39 lots

2323 2880 46 38 of
2378 2893 191 25 nonsense
2631 2879 72 38 but
2717 2877 112 38 when
2843 2890 58 30 we
2917 2876 186 39 recollect
3117 2877 65 38 the
3203 2883 135 33 nature
3354 2855 22 52 0
3376 2855 22 52 1

2323 2932 65 39 the
2403 2934 202 39 character
2619 2931 99 39 from
2734 2931 126 38 whom
2877 2928 28 39 it
2926 2929 200 50 proceeds,
3142 2931 74 39 and
3235 2931 63 39 the
3315 2920 63 52 14ti-

2323 2989 93 36 tuck
2430 2986 198 52 generally
2643 2984 112 50 given
2770 2991 39 31 to
2824 2983 106 39 farce
2950 2983 157 47 writers,
3118 2997 57 25 we
3191 2997 65 25 are
3271 2989 68 33 not
3354 2983 38 30 so

2323 3041 117 38 much
2466 3038 183 52 disposed
2680 3044 41 31 to
2753 3052 161 25 censure
2932 3038 74 38 this
3038 3038 109 39 inane
3178 3036 216 54 repetition.

2326 3096 172 38 tasteless
2520 3093 77 39 and
2617 3093 228 52 unmeaning
2874 3106 43 27 as
2943 3093 30 41 it
2987 3093 44 46 is,
3063 3106 41 25 as
3117 3106 58 25 we
3191 3096 102 35 most
3320 3091 80 50 eel',

2324 3148 126 54 tainl3t
2463 3146 139 41 should
2620 3146 61 46 be,
2706 3145 68 38 did
2805 3145 30 39 it
2860 3145 101 39 issue
2976 3145 99 41 from
3098 3146 66 39 the
3194 3145 134 38 mouth
3356 3142 17 33 0
3373 3142 17 33 1

2323 3214 22 27 a
2367 3216 106 25 more
2501 3200 148 41 refined
2663 3200 211 44 character,
2904 3213 46 25 or
2969 3200 142 50 belong
3139 3205 41 33 to
3213 3213 24 25 a
3263 3191 131 58 higher

2323 3255 145 54 species
2485 3255 49 39 of
2553 3254 184 39 dramatic
2764 3252 164 52 writing.

2380 3307 110 41 FroM
2512 3309 76 41 this
2608 3307 137 39 sketch
2762 3306 47 39 of
2820 3306 66 39 the
2912 3304 213 49 character,
3146 3320 72 25 our
3243 3298 150 47 readers

2323 3362 77 39 will
2420 3364 98 38 have
2545 3361 156 52 already
2720 3359 180 52 assigned
2931 3359 30 38 it
2986 3364 41 33 to
3057 3361 225 44 Matthews,
3309 3354 83 43 who

2326 3417 184 54 certainly
2531 3417 54 52 by
2605 3416 58 39 his
2683 3413 335 52 excellent.acting
3035 3427 94 38 gave
3150 3419 39 31 to
3208 3413 47 39 its
3272 3413 121 38 sense'

2326 3471 74 38 less
2424 3471 198 52 insipidity
2625 3482 24 25 -
2649 3482 94 25 more
2767 3468 238 52 importance
3027 3468 91 38 than
3137 3466 65 39 the
3228 3454 169 65 authoel.

2326 3537 74 36 pen
2420 3524 120 39 could
2556 3524 98 38 have
2672 3521 181 49 attached
2871 3528 41 33 to
2931 3521 54 39 'it.
3038 3520 88 39 The
3139 3520 203 39 character
3356 3518 35 30 0'

2326 3589 22 27 a
2367 3578 124 52 rough
2517 3578 156 46 soldier,
2690 3576 131 39 whose
2833 3573 20 41 -
2854 3573 104 41 ideas
2987 3575 52 38 do
3069 3580 69 31 not
3167 3572 142 39 extend
3332 3570 58 38 be'

2326 3631 106 50 yond
2450 3633 66 38 the
2535 3631 140 39 tactics
2694 3630 61 41 ,of
2780 3643 24 25 a
2827 3625 279 55 militari,life,
3132 3639 77 41 was
3239 3614 159 61 happili..

2326 3685 211 60 mceived
2567 3690 31 55 to
2598 3690 16 55 ,
2628 3683 140 46 relieve
2795 3682 57 39 the
2852 3682 20 39 ,
2880 3674 113 46 other
3008 3682 224 41 kharacterf,
3244 3679 71 44 .01
3328 3674 44 41 th

2328 3739 132 49 piece„
2504 3740 43 38 It
2556 3728 378 61 waiiieff6rriiM'ty
2948 3731 238 47 tosibLsrOve,
3205 3732 41 38 in
3265 3745 24 33 a
3306 3720 96 50 verb'

2313 3791 198 52 --masterly
2521 3805 172 27 manner:
2709 3786 121 49 inflie
2849 3786 153 54 general
3024 3784 165 46 stiffness
3202 3780 16 58 -
3217 3780 102 58 of,his

2313 3841 318 57 ':pdrtment,'ond
2652 3844 39 41 in
2715 3846 68 38 the
2803 3854 91 39 very
2921 3839 107 43 bend
3058 3838 49 39 of
3121 3836 57 49 his
3195 3827 113 66 knee,
3340 3830 38 54 vv,
3378 3830 13 54 e

2328 3896 202 43 discerned
2550 3899 66 38 the
2644 3898 154 44 soldier,
2814 3896 101 38 born
2934 3893 76 39 and
3030 3891 96 39 bred
3156 3893 39 38 in
3220 3893 66 36 the
3315 3887 80 47 rig

2329 3946 83 54 dity
2427 3951 47 49 Of
2482 3942 400 63 Military,discipline.

2362 4005 58 36 =lt
2438 4005 30 38 is
2483 4005 65 38 the
2564 4005 233 52 production
2808 4002 49 41 of
2872 4002 76 39 Mr.
2967 3992 216 61 Millingeri,
3198 4011 24 27 a
3231 3989 162 74 'yentle:

2331 4055 290 43 inarieducated
2638 4060 38 38 in
2691 4060 157 44 France,
2874 4054 93 43 but
2967 4054 87 39 who
3069 4054 30 39 is
3112 4065 87 31 now
3214 4057 131 44 actin;
3357 4047 17 31 3
3375 4047 17 31 '

2331 4120 25 46 a
2365 4109 172 50 Surgeon
2553 4112 38 38 in
2609 4112 101 38 Lord
2723 4112 269 49 Wellington's
3013 4120 137 39 army..

2383 4162 71 43 We
2469 4165 98 36 were
2586 4178 93 39 very
2693 4165 117 39 much
2830 4162 157 54 pleased
3006 4161 94 55 wit!!
3121 4159 66 39 the
3195 4157 143 39 .Music

2326 4214 94 38 this-
2438 4205 98 52 little
2550 4219 121 49 piece,
2698 4219 128 38 which
2841 4219 31 38 is
2891 4217 181 39 frome
3094 4220 14 31 t

2995 4208 2 55 .
3008 4208 384 55 thastefnl'pen.°'

2324 4269 83 36 -Mr.
2430 4271 46 38 C.
2501 4271 126 46 Horn,
2657 4272 74 38 and
2754 4271 128 38 which
2906 4283 58 25 we
2983 4268 54 41 do
3065 4274 69 31 not
3167 4265 164 41 hesitate

2329 4323 224 50 prououtiCe
2581 4337 43 25 as
2649 4331 68 33 too
2731 4324 104 50 good
2861 4323 61 38 for
2942 4337 22 25 a
2978 4317 110 58 piece
3109 4320 47 41 of
3175 4315 99 44 this
3274 4290 101 68 trivia
3375 4290 17 68 l

2328 4383 150 33 nature.

2370 4441 39 33 In
2428 4452 60 20 our
2499 4446 82 28 next
2594 4441 151 33 Number
2757 4450 55 31 yve
2827 4439 118 39 intend
2961 4444 243 39 to,tonameuee
3216 4435 140 41 a,,SerieS
3367 4398 14 54 °
3381 4398 14 54 I

2313 4485 194 44 ,Ilistorical
2523 4487 120 43 Essays
2657 4496 39 24 on
2712 4487 52 33 the
2770 4485 142 36 Drama.
