5092 7370
253 176 224 46 Dixième
491 170 178 43 année.
690 170 122 40 —TV
836 163 155 53 3,320

1970 175 167 43 PARUS
2167 184 69 32 ET
2267 174 411 44 DÉPARTEMENTS
2700 190 12 26 :
2740 164 84 54 10
2855 167 313 53 CENTIMES

4206 172 275 47 Dimanche
4524 181 26 39 2
4603 187 137 37 Avril
4768 188 65 38 ï»
4840 187 67 40 93

242 780 292 38 ÎÎÉI>AOTÏOM
559 796 8 19 :
587 787 63 28 Be
679 787 24 28 5
729 787 41 28 li.
798 787 51 28 da
874 780 1 38 i

609 834 53 25 25,
680 834 72 24 RUE
775 833 100 24 D'ARG

878 782 87 32 soir
993 781 30 31 à
1042 781 28 28 6
1101 781 41 28 k.
1169 780 56 30 du
1246 780 146 30 matin.

875 830 152 25 JENTETJJI

1539 757 521 70 DERNIERS
2133 757 781 72 TELEGRAMMES
2987 758 126 71 DE
3189 761 126 70 LA
3387 761 248 70 NUIT

3754 781 451 35 ADMINISTRATION
4226 794 12 22 :
4265 787 61 30 De
4352 790 60 30 ÎO
4435 790 45 30 ïi.
4501 793 131 30 matin
4656 794 27 28 à
4708 794 30 28 6
4761 794 41 30 h,
4826 795 103 33 sefr,

4133 833 54 30 25,
4205 834 69 25 RUE
4296 835 255 28 D'ARGENTEE!!.
4576 846 7 9 •

384 959 159 52 SEUL
609 957 292 54 JOURNAL
965 957 325 64 FRANÇAIS
1351 951 337 54 RECEVANT
1743 948 122 52 PAR
1923 948 144 54 FILS
2124 948 84 54 ET
2259 948 324 54 SERVICES
2631 937 324 66 SPÉCIAUX
3012 951 119 52 LES
3195 940 371 63 DERNIÈRES
3621 952 386 54 NOUVELLES
4068 957 84 52 DU
4204 960 220 54 MONDE
4486 965 241 53 ENTIER

291 1124 268 69 POISSON
608 1122 230 69 D'AVRIL

298 1233 185 33 MÉLINE
544 1237 272 28 CONSTITUE
879 1237 66 26 UN

432 1273 266 26 MINISTERE

187 1350 45 32 Le
247 1348 117 31 choix
379 1349 46 30 de
442 1349 46 27 M.
510 1348 135 30 Carnot
712 1344 125 32 C'était
856 1343 89 31 fatal

291 1389 50 28 Le
356 1387 106 40 cycle
488 1389 189 27 vertueux
743 1385 144 30 Encore

299 1435 72 22 une
394 1424 230 40 berquinade
719 1424 86 31 Cabi-

350 1469 64 28 net
436 1467 188 28 émollient
703 1465 71 30 Les

397 1506 122 30 futurs
527 1505 197 31 ministres.

219 1599 106 40 [Nous
353 1599 118 32 avions
504 1599 113 31 raison
657 1596 184 33 d'affirmer
872 1598 73 31 hier

182 1649 65 31 ijue
261 1639 32 31 le
305 1638 176 39 président
504 1638 43 31 de
573 1638 35 30 la
630 1637 219 39 République
873 1637 53 32 n'a-

181 1680 66 31 vait
259 1676 182 34 manifesté
456 1685 133 24 aucune
605 1676 43 32 de
665 1684 53 25 ses
743 1676 198 32 intentions.

181 1719 83 33 Mais
279 1727 84 22 ceux
377 1717 71 40 qui,
463 1716 58 32 dès
548 1717 34 31 la
607 1715 171 40 première
814 1716 131 32 minute

180 1760 41 32 de
234 1760 32 30 la
279 1759 99 35 crise,
398 1755 217 40 désignaient
639 1756 45 31 M.
698 1755 125 32 Méline
848 1763 73 24 mon-

177 1799 124 32 traient
334 1798 100 41 qu'ils
449 1795 221 41 possédaient
697 1804 67 22 une
790 1804 136 25 connais-

176 1846 103 25 sance
292 1839 92 31 aussi
397 1835 169 43 profonde
576 1844 67 32 que
657 1834 151 41 possible
821 1837 41 31 de
872 1837 59 31 l'es-

176 1878 69 40 prit
260 1878 41 32 de
317 1878 45 31 M.
377 1878 139 31 Carnot.

215 1917 240 40 L'expérience
490 1918 60 32 des
586 1916 174 32 dernières
793 1916 105 40 crises
925 1924 19 22 a

176 1957 142 40 prouvé,
334 1965 43 24 en
390 1957 91 37 effet,
495 1965 69 31 que
575 1956 44 31 M.
638 1957 129 32 Carnot
780 1957 69 39 agit
861 1963 83 24 avec

176 2007 69 22 une
260 1996 184 40 régularité
469 1996 196 39 ponctuelle
694 2004 41 24 en
767 1996 91 31 touto
882 1995 46 31 cir-

176 2039 183 30 constance
374 2036 148 32 difficile.
557 2035 123 35 Quand
707 2035 31 32 le
763 2034 177 33 ministère

176 2078 138 31 devient
327 2078 135 35 vacant,
476 2085 64 22 son
554 2076 151 41 premier
719 2075 223 32 mouvement

176 2118 53 30 est
243 2118 54 37 d'y
313 2118 141 38 appeler
467 2115 45 31 M.
529 2115 133 31 Tirard.
692 2114 33 32 Si
754 2115 43 31 M.
821 2115 119 31 Tirard

175 2158 86 31 n'est
276 2164 63 31 pas
354 2156 206 38 disponible,
586 2164 46 21 un
658 2154 126 32 second
802 2163 116 22 mouve-

176 2197 96 30 ment
282 2196 107 39 dirige
403 2194 45 31 M.
464 2194 128 31 Carnot
619 2202 78 24 vers
729 2193 46 31 M.
794 2194 144 31 Loubet.

176 2235 38 32 Si
228 2236 44 31 M.
287 2235 136 32 Loubet
436 2235 87 31 n'est
552 2242 61 32 pas
644 2233 193 47 disponible
872 2242 69 21 non

175 2276 91 38 plus,
281 2275 24 31 il
319 2276 51 31 est
384 2275 81 31 fatal
480 2275 105 39 qu'un
601 2275 174 30 troisième
802 2282 116 22 mouve-

175 2316 96 31 ment
282 2316 98 35 porte
392 2314 44 31 M.
452 2314 128 30 Carnot
591 2321 79 22 vers
684 2313 44 31 M.
742 2311 136 32 Méline.

214 2354 117 31 Fidèle
344 2354 69 31 àla
426 2353 164 37 consigne
619 2352 81 39 qu'il
720 2360 20 22 a
762 2360 100 30 reçue
893 2352 45 31 du

175 2392 154 40 Congrès
340 2392 100 40 après
454 2393 34 30 la
501 2391 188 32 démission
700 2392 43 31 de
757 2391 44 32 M.
814 2389 124 39 Grévy,

172 2432 50 31 M.
231 2433 142 35 Carnot,
380 2432 87 30 libre
481 2431 43 32 de
534 2439 56 22 ses
600 2432 104 35 actes,
717 2428 223 33 circonscrira

176 2472 157 39 toujours
347 2480 54 22 ses
416 2472 99 30 choix
529 2471 96 30 entre
638 2470 168 32 certaines
821 2471 118 30 vertus

178 2511 144 32 dûment
348 2510 231 39 estampillées
595 2510 33 31 et
646 2510 83 31 dont
743 2510 50 30 les
816 2507 107 32 titulai-

175 2559 56 22 res
243 2551 78 33 sont
334 2558 43 24 en
399 2551 144 30 nombre
570 2557 96 24 assez
683 2549 169 33 restreint.
873 2548 65 32 Ces

176 2598 99 24 vases
315 2590 178 31 d'élection
524 2588 265 40 présidentiels,
817 2588 106 32 étince-

177 2630 91 32 lants
285 2630 43 30 de
343 2629 164 35 candeur,
519 2629 182 30 touchants
718 2627 222 41 d'ingénuité,

177 2669 146 32 fleurant
337 2669 33 31 la
381 2669 116 31 bonne
523 2668 109 31 odeur
646 2668 233 35 d'innocence,
896 2675 45 22 ne

177 2709 239 31 surabondent
429 2708 85 30 dans
529 2715 111 24 aucun
657 2708 181 39 personnel
855 2715 64 31 gou-

177 2748 247 31 vernemental.

216 2787 72 32 Une
304 2789 96 31 seule
410 2787 104 32 chose
529 2787 53 32 est
594 2787 20 31 à
627 2787 165 31 craindre.
804 2786 136 39 Depuis

176 2826 122 32 février
312 2826 53 38 92,
377 2826 89 32 mois
477 2828 59 38 qui
549 2826 170 32 vitéclore
731 2826 34 31 la
777 2826 89 31 série
882 2826 59 32 des

174 2867 54 38 lys
243 2868 98 31 chers
354 2867 21 32 à
385 2865 44 32 M.
446 2865 138 39 Carnot,
601 2865 34 32 la
645 2865 168 40 politique
830 2874 19 24 a
862 2865 79 39 déjà

175 2906 89 32 flétri
274 2906 172 39 plusieurs
459 2906 43 32 de
516 2914 56 24 ces
593 2906 105 32 Heurs
712 2913 104 25 rares.

214 2946 30 31 A
256 2954 41 22 en
309 2944 103 40 juger
425 2950 61 33 pftr
497 2947 37 30 la
559 2946 274 31 consommation
860 2943 81 40 qu'il

174 2993 44 22 en
248 2985 61 31 fait
322 2994 90 30 pour
426 2986 34 30 la
475 2985 190 32 confection
693 2985 41 31 de
770 2993 54 22 ses
857 2985 64 31 bou-

176 3026 99 38 quets
289 3022 234 39 ministériels,
544 3025 25 30 il
585 3026 51 28 est
650 3025 21 31 à
692 3024 157 32 craindre
875 3032 67 31 que

174 3064 46 31 M.
236 3064 128 32 Carnot
378 3064 78 31 n'en
484 3065 120 30 trouve
632 3065 77 39 plus
732 3072 66 22 une
816 3063 126 31 récolte

176 3104 178 31 suffisante
386 3104 138 38 jusqu'à
556 3104 247 32 l'achèvement
823 3103 43 31 de
902 3110 39 22 sa

176 3142 146 33 carrière
337 3143 267 38 présidentielle.
627 3143 43 31 Et
684 3142 156 31 alors?...

214 3182 51 31 En
302 3182 189 37 attendant,
526 3182 45 31 M.
588 3183 32 30 le
652 3181 176 41 président
853 3181 43 32 de
908 3182 34 30 la

174 3221 220 40 République
406 3222 93 31 vient
515 3222 41 30 de
570 3223 124 30 mettre
709 3221 20 31 à
741 3229 40 22 sa
794 3222 126 31 bouton-

174 3260 96 32 nière
282 3262 89 30 cette
394 3270 17 19 «
423 3261 348 40 vergiss-mein-nicht
790 3270 17 19 »
836 3260 58 39 qui
924 3268 19 21 a

175 3308 81 22 nom
270 3299 136 32 Méline.

214 3340 66 31 Les
314 3341 189 38 grincheux
539 3339 220 32 manifestent
794 3340 149 39 quelque

174 3379 217 40 impatience.
407 3380 47 30 Ils
471 3379 211 32 attendaient
706 3379 96 31 autre
827 3380 113 30 chose.

172 3419 48 31 Ils
236 3419 137 31 avaient
399 3419 78 31 bien
494 3419 80 32 tort.

215 3459 45 30 Ils
275 3458 113 31 disent
417 3465 67 32 que
510 3459 52 31 les
587 3459 249 31 circonstances
853 3465 67 22 com-

174 3497 201 33 mandaient
390 3498 148 32 d'autres
565 3497 207 33 résolutions
796 3498 34 31 et
856 3496 70 32 dési-

174 3537 141 39 gnaient
328 3537 150 31 d'autres
502 3537 171 31 hommes.
699 3537 47 31 Ils
764 3537 85 31 vont
870 3536 54 39 jus-

176 3576 78 39 qu'à
280 3576 184 39 prétendre
490 3585 66 31 que
581 3576 130 32 l'heure
736 3576 117 32 n'était
878 3582 64 32 pas

176 3624 66 22 aux
269 3615 241 39 berquinades.
542 3615 96 32 Cette
674 3622 77 25 race
778 3622 162 32 perverse

174 3654 122 39 ignore
304 3664 69 30 que
385 3656 35 30 la
432 3656 100 31 vertu
549 3656 52 31 est
613 3654 255 39 indépendante
882 3654 60 31 des

175 3694 250 31 circonstances
442 3694 33 31 et
490 3693 60 32 des
562 3694 129 38 temps;
712 3693 116 39 quand
842 3700 45 24 on
898 3700 43 22 en

176 3732 122 39 prend,
328 3741 45 24 on
403 3733 78 30 n'en
514 3732 131 32 saurait
677 3735 77 37 trop
780 3732 161 40 prendre.

176 3771 239 40 L'expérience
429 3772 104 39 qu'on
548 3780 43 24 en
607 3780 20 24 a
640 3772 80 31 faite
751 3772 122 39 depuis
895 3770 31 32 fé-

177 3811 90 32 vrier
282 3811 78 32 1892
374 3820 20 24 a
409 3811 28 31 si
452 3811 80 32 bien
560 3811 112 32 réussi
699 3811 80 39 qu'il
809 3811 34 31 la
869 3811 73 28 faut

175 3850 190 32 continuer.
390 3850 53 32 Où
471 3860 89 22 nous
588 3850 273 32 conduira-t-elle
888 3856 38 24 en-

282 3889 211 40 Qu'importe
503 3892 7 28 !
526 3891 46 32 Ce
580 3898 89 31 sera,
677 3898 133 25 comme
819 3889 124 32 chante

176 3930 151 31 l'Arnold
354 3931 43 31 de
428 3928 200 34 Guillaume
658 3932 67 28 'lell
750 3937 59 24 sur
835 3937 47 24 un
908 3931 34 30 ut

174 3970 81 39 aigu
269 3979 7 20 :

301 4026 26 7 ...
341 4016 59 18 aux
415 4007 115 33 palmes
543 4009 39 25 du
595 4010 97 31 marty
748 4013 51 26 yre

298 4041 24 25 A
337 4045 163 20 couronner
510 4041 65 25 tant
588 4039 38 27 de
638 4041 107 25 vertus.

214 4085 208 32 Constatons
437 4085 92 31 enfin
544 4091 67 33 que
628 4084 37 31 la
690 4084 94 31 seule
813 4082 130 32 arrivée

177 4124 43 31 de
231 4124 44 31 M.
291 4123 128 32 Méline
438 4130 65 25 aux
530 4123 136 32 affaires
693 4131 19 22 a
738 4122 115 32 donné
869 4123 74 30 tout

177 4163 43 32 de
243 4163 90 32 suite
359 4163 178 32 naissance
565 4170 66 25 aux
658 4162 219 40 métaphores
893 4162 50 31 les

176 4204 76 39 plus
267 4202 149 33 hardies.

214 4244 159 31 D'autres
389 4251 67 32 que
467 4251 90 24 nous
569 4243 60 31 ont
644 4243 161 39 comparé
820 4241 32 32 le
859 4248 64 24 nou-

176 4291 86 22 veau
296 4281 175 39 président
496 4284 46 30 du
567 4283 129 31 conseil
711 4283 19 31 à
751 4291 46 22 un
820 4293 15 18 «
853 4280 72 32 cata-

175 4322 229 40 plasme».Un
413 4319 282 40 député-docteur
706 4330 19 22 a
737 4320 125 40 poussé
875 4320 52 31 l'ir-

175 4361 180 33 révérence
386 4361 142 40 jusqu'à
559 4361 117 40 parler
699 4361 41 32 de
764 4372 17 17 «
797 4359 144 40 clystère

175 4400 176 32 émollient
365 4411 30 19 ».

216 4440 169 37 Qu'est-ce
400 4448 66 32 que
480 4442 73 31 cela
579 4448 142 32 prouve,
746 4441 99 33 sinon
873 4449 67 31 que

174 4481 31 30 le
217 4481 79 30 chef
307 4481 44 30 de
365 4480 100 31 l'Etat
481 4489 20 21 a
515 4489 167 28 reconnu,
703 4488 135 22 comme
850 4487 91 24 nous

175 4521 91 35 tous,
283 4528 67 30 que
363 4521 35 28 la
409 4518 219 41 République
643 4519 93 38 était,
752 4519 100 32 sinon
869 4527 48 22 ma-

175 4560 90 35 lade,
280 4559 45 30 du
341 4560 111 30 moins
481 4569 47 21 un
555 4567 67 32 peu
654 4558 219 40 indisposée?
886 4558 53 31 Au

172 4598 70 31 lieu
256 4598 215 39 d'appliquer
498 4599 224 35 incontinent,
750 4606 133 22 comme
908 4599 33 28 le

172 4638 207 30 voudraient
387 4638 48 30 les
449 4637 161 37 brutaux,
622 4638 50 32 les
686 4638 87 31 deux
788 4637 154 33 derniers

175 4676 177 40 préceptes
366 4678 46 30 du
425 4680 139 30 Malade
580 4680 217 37 imaginaire
800 4701 8 14 ,
819 4678 103 39 lapur-

174 4717 117 39 gation
307 4717 34 30 et
354 4719 33 30 la
402 4716 152 39 saignée,
569 4717 45 30 M.
632 4717 141 37 Carnot,
785 4719 79 39 plus
886 4716 38 31 bé-

175 4756 73 37 nin,
276 4756 80 31 s'est
381 4755 159 32 contenté
566 4755 46 32 du
635 4756 150 40 premier
803 4765 7 24 :
827 4759 99 35 clyste-

172 4798 102 30 rium
288 4798 139 30 ilonare.

214 4834 51 31 En
278 4837 76 30 tout
367 4844 71 27 cas,
452 4835 33 31 le
498 4835 178 33 ministère
689 4835 128 32 Méline
830 4837 52 32 est
896 4844 46 22 un

177 4874 151 31 antidote
343 4876 117 31 contre
472 4876 33 31 la
531 4876 213 32 dissolution.
774 4876 53 32 En
852 4876 91 31 voilà

176 4922 46 26 un
237 4915 57 39 qui
311 4923 44 24 ne
367 4916 73 32 fera
455 4923 63 31 pas
531 4916 50 32 les
596 4915 162 34 élections
770 4916 61 39 !...]

328 4980 52 31 La
393 4978 135 39 genèse
541 4980 50 30 du
605 4980 158 32 cabinet.

213 5033 85 28 Cette
312 5034 70 34 part
396 5033 72 28 faite
483 5040 64 22 aux
562 5031 220 37 plaisanteries
811 5033 52 37 qui
893 5031 33 30 dé-

175 5069 126 28 coulent
315 5068 243 30 naturellement
573 5067 39 31 de
627 5068 31 28 la
683 5068 201 28 coïncidence
899 5068 43 28 du

175 5105 46 27 le»'
234 5104 78 28 avril
325 5111 76 21 avec
416 5104 30 27 le
459 5104 119 28 cadeau
592 5104 92 27 offert
694 5104 19 27 à
737 5102 31 28 la
795 5102 130 37 Républi-

176 5146 63 30 que
257 5144 57 32 par
338 5146 59 22 son
423 5138 172 37 président,
624 5145 84 22 nous
739 5140 203 28 raconterons

176 5174 231 30 sérieusement
420 5174 27 27 le
462 5173 94 28 détail
569 5173 57 28 des
637 5174 181 35 opérations
831 5181 92 21 savan-

175 5212 50 27 tes
240 5210 53 35 qui
309 5210 133 28 rendent
455 5210 230 28 extrêmement
712 5210 150 37 probable
892 5210 38 28 l'a-

175 5244 174 28 vènement
361 5243 163 30 immédiat
537 5245 38 27 de
587 5245 41 27 M.
643 5245 124 27 Méline.

213 5281 44 28 Le
289 5280 162 35 Napoléon
484 5281 41 27 du
559 5280 111 30 Mérite
703 5281 137 35 agricole
862 5288 18 20 a
893 5281 48 28 été

176 5314 113 32 mandé
322 5315 19 28 à
374 5315 52 31 dix
455 5315 116 31 heures
593 5315 43 30 du
652 5316 97 28 matin
764 5316 18 30 à
796 5315 143 37 l'Elysée.

175 5352 201 33 L'entretien,
394 5352 81 27 cette
490 5352 71 33 fois,
576 5359 20 19 a
608 5350 50 28 été
681 5350 65 28 très
759 5352 74 41 long
853 5353 89 26 entre

176 5386 31 30 le
222 5385 162 38 président
398 5385 38 30 de
452 5385 28 28 la
503 5385 198 37 République
733 5387 31 26 et
788 5383 81 32 celui
883 5386 58 28 des

177 5422 150 30 douanes.
343 5422 43 30 lis
400 5430 35 21 se
451 5424 73 26 sont
539 5422 156 28 entendus
710 5424 30 27 et
755 5421 148 41 compris.

211 5459 61 28 Les
306 5457 152 30 familiers
485 5457 39 30 de
549 5457 40 30 M.
617 5457 116 30 Carnot
757 5458 183 37 expliquent

177 5494 80 26 ainsi
272 5493 31 27 la
314 5492 174 28 résolution
503 5493 43 27 du
557 5493 73 27 chef
644 5493 40 27 de
694 5493 99 27 l'Etat.

214 5529 24 28 11
253 5528 102 30 aurait
369 5528 167 30 considéré
549 5535 61 28 que
626 5528 30 28 la
671 5528 81 28 crise
765 5529 48 28 n'a
824 5535 57 28 pas
889 5528 51 28 été

178 5565 131 28 ouverte
327 5572 54 27 par
407 5571 65 20 une
500 5563 149 35 question
672 5564 269 28 essentiellement

177 5600 152 35 politique
343 5601 32 26 et
385 5606 61 28 que
462 5598 30 27 la
507 5598 151 27 situation
667 5598 132 27 actuelle
807 5607 40 20 ne
857 5606 64 20 com-

177 5636 89 35 porte
282 5641 60 30 que
356 5634 84 30 deux
454 5633 105 37 points
581 5641 7 19 :
615 5633 31 28 la
661 5633 137 30 solution
816 5634 41 28 du
870 5640 53 21 con-

175 5670 50 27 llit
237 5669 184 35 budgétaire
437 5670 89 27 entre
539 5669 30 28 la
582 5668 156 30 Chambre
765 5670 31 30 et
806 5669 30 28 le
847 5668 96 30 Sénat

178 5708 32 25 et
222 5706 28 27 la
270 5704 187 37 liquidation
482 5704 159 27 définitive
665 5704 56 28 des
748 5705 125 28 affaires
898 5704 44 28 du

178 5741 138 27 Panama
332 5740 53 35 qui
402 5740 77 35 peut
491 5745 115 22 encore
634 5745 40 22 ne
700 5737 58 37 pa§
777 5740 74 27 aller
865 5746 76 24 sans

178 5774 178 30 difficultés.
377 5776 57 37 (On
446 5776 76 34 peut
534 5774 66 28 être
615 5781 40 20 au
666 5773 155 28 contraire
831 5773 111 28 assuré

178 5812 129 34 qu'avec
341 5818 43 21 un
407 5810 41 28 tel
478 5809 172 34 ministère,
667 5809 77 30 elles
771 5809 172 30 renaîtront

178 5846 244 28 d'elles-mêmes
439 5846 31 26 et
493 5846 71 27 tout
583 5844 39 28 de
639 5845 91 34 suite,
748 5846 31 27 et
793 5844 71 37 plus
880 5842 50 31 vio-

180 5882 100 28 lentes
292 5888 64 28 que
366 5880 141 37 jamais.)

216 5919 40 27 M.
274 5916 115 28 Carnot
403 5915 102 30 aurait
517 5914 113 31 estimé
646 5921 63 31 que
723 5915 30 28 le
769 5915 175 37 règlement

182 5952 40 28 de
237 5959 52 21 ces
305 5952 85 27 deux
403 5952 163 34 questions
582 5952 158 28 constitue
755 5959 63 20 uue
833 5957 110 22 œuvre

180 5994 93 22 assez
289 5986 111 30 lourde
413 5985 72 34 déjà
497 5993 79 27 pour
595 5992 44 21 un
659 5985 172 32 ministère.
857 5986 86 28 Dans

182 6031 54 20 ces
250 6021 188 34 conditions,
452 6020 21 28 il
489 6020 103 30 aurait
605 6021 102 34 pensé
730 6022 74 33 qu'il
830 6028 93 21 conve-

182 6057 65 28 nait
261 6057 39 27 de
317 6057 116 27 former
445 6063 43 21 un
502 6057 125 27 cabinet
641 6057 53 35 qui
704 6056 74 27 n'ait
785 6057 89 35 point
882 6063 64 20 une

183 6098 123 24 nuance
335 6091 150 37 politique
513 6091 158 30 tranchée.
697 6091 30 30 Si
758 6098 35 22 ce
821 6090 124 31 cabinet

181 6126 119 30 réussit
314 6126 19 28 à
345 6126 169 34 accomplir
531 6128 28 26 la
573 6126 91 27 tâche
677 6126 53 35 qui
746 6126 44 28 lui
806 6128 50 28 est
868 6126 63 28 assi-

182 6162 81 35 gnée
280 6163 31 26 et
325 6162 48 27 s'il
387 6168 156 22 conserve
556 6161 124 28 ensuite
697 6161 27 27 la
739 6162 158 30 confiance
907 6162 39 27 de

183 6200 30 26 la
227 6197 165 33 Chambre,
422 6197 19 26 il
472 6196 143 37 pourrait
634 6196 167 28 demeurer
816 6204 39 21 au
870 6204 57 28 pou-

182 6233 77 33 voir,
278 6239 57 20 son
357 6239 109 21 œuvre
485 6230 163 30 terminée.
664 6233 87 27 Dans
768 6231 30 28 le
810 6239 52 21 cas
876 6239 53 20 con-

181 6268 105 32 traire,
312 6267 20 28 il
354 6266 131 30 n'aurait
501 6266 50 31 été
563 6267 98 37 qu'un
674 6267 125 30 cabinet
811 6267 39 28 de
865 6268 66 26 tran-

184 6304 92 27 sition
291 6304 32 27 et
337 6302 60 28 l'on
413 6302 139 37 pourrait
566 6308 141 28 songera
717 6304 128 33 former,
855 6301 92 35 après

184 6339 53 33 lui,
256 6337 27 30 le
308 6338 163 30 ministère
497 6337 118 35 chargé
644 6337 39 30 de
711 6337 142 37 présider
883 6344 63 22 aux

185 6373 152 28 élections
351 6373 197 35 générales..

219 6410 87 28 Nous
321 6415 149 31 pouvons
484 6409 131 34 ajouter,
628 6409 20 30 à
663 6415 35 24 ce
711 6415 126 31 propos,
866 6409 66 34 qu'a-

183 6444 73 37 près
269 6444 48 27 les
333 6443 230 31 consultations
582 6444 73 34 qu'il
670 6454 19 20 a
703 6452 77 21 eues
797 6444 151 30 vendredi

184 6487 76 21 avec
274 6480 46 27 les
333 6480 177 33 présidents
526 6480 58 28 des
611 6480 85 28 deux
718 6481 184 33 Chambres,
920 6481 28 27 le

185 6513 163 37 président
374 6514 38 28 de
439 6514 28 27 la
495 6514 200 38 République
723 6516 120 28 semble
861 6515 87 30 avoir

185 6548 102 30 écarté
302 6550 89 27 toute
403 6548 70 30 idée
487 6549 40 28 de
553 6549 189 30 dissolution
772 6550 176 30 éventuelle

185 6587 31 25 et
237 6592 61 28 que
314 6593 35 21 sa
366 6583 117 38 pensée
497 6585 100 35 paraît
614 6585 66 28 être
703 6593 60 27 que
791 6586 32 28 la
841 6586 90 28 Cham-

184 6619 56 30 bre
270 6619 132 31 actuelle
433 6620 66 30 doit
524 6620 130 37 épuiser
680 6621 28 28 la
732 6621 96 28 durée
850 6621 102 35 légale

183 6656 41 30 de
246 6663 57 22 son
324 6657 162 32 mandat...

305 6709 52 31 La
374 6715 201 33 campagne
602 6709 228 38 d'Agricola.

223 6761 143 30 Aussitôt
377 6761 115 30 investi
520 6761 40 28 de
585 6768 35 21 sa
647 6761 131 30 mission
794 6758 156 35 officielle,

187 6797 40 28 M.
241 6796 116 30 Méline
370 6798 77 27 s'est,
461 6797 63 28 mis
537 6804 38 21 en
589 6803 184 30 campagne.

194 6839 6 7 •
210 6834 57 28 -En
283 6833 136 37 quittant
433 6833 141 37 l'Elysée,
589 6831 20 28 il
626 6833 76 28 s'est
716 6831 124 28 d'abord
850 6830 103 28 rendu

187 6874 43 25 au
242 6868 70 39 quai
328 6868 139 35 d'Orsay,
485 6869 39 28 où
554 6868 21 28 il
601 6876 17 20 a
647 6867 126 31 conféré
808 6873 76 22 avec
909 6866 40 28 M.

188 6904 141 37 Develle,
346 6904 113 38 auquel
476 6904 21 28 il
511 6912 20 20 a
546 6904 155 30 demandé
716 6904 39 27 de
782 6908 170 22 conserver

188 6941 31 28 le
231 6941 197 38 portefeuille
441 6940 58 30 des
513 6938 126 31 affaires
653 6938 190 43 étrangères.

175 6976 24 37 .}
224 6979 40 30 M.
280 6976 131 31 Develle
425 6983 17 21 a
454 6976 185 28 commencé
658 6983 56 28 par
725 6973 137 28 décliner
889 6971 52 28 l'of-

191 7015 46 28 fre
253 7015 37 27 de
305 7013 43 28 M.
361 7010 125 35 Méline,
504 7018 39 22 en
559 7018 35 22 se
608 7011 130 28 fondant
759 7016 56 22 sur
839 7007 99 33 l'enga-

190 7049 87 30 ment
292 7049 39 28 de
344 7045 159 33 solidarité
517 7054 54 32 par
586 7046 104 35 lequel
717 7045 46 28 les
791 7043 161 31 ministres

193 7085 169 35 politiques
379 7081 281 33 démissionnaires
680 7081 132 33 avaient,
841 7085 41 24 en
912 7089 31 22 ar-

191 7120 102 34 rivant
307 7129 41 22 au
363 7120 143 39 pouvoir,
523 7120 40 32 lié
576 7120 69 31 leur
661 7119 65 28 sort
739 7123 163 27 Commun.

228 7157 190 38 Cependant,
433 7165 56 26 sur
504 7157 46 31 les
570 7157 91 34 vives
673 7154 159 37 instances
844 7156 39 32 de
900 7161 57 25 son

989 1116 144 38 collègue
1147 1117 57 30 des
1218 1117 135 35 Vosges,
1375 1117 40 28 M.
1441 1115 130 31 Develle
1597 1114 155 30 consentit

987 1153 19 28 à
1018 1161 149 26 ajourner
1181 1161 35 20 sa
1231 1154 133 33 réponse
1381 1152 169 31 définitive.

1023 1189 103 27 Avant
1136 1187 39 30 de
1189 1189 27 27 le
1230 1187 124 35 quitter,
1368 1188 39 28 M.
1423 1187 115 28 Méline
1553 1187 44 27 lui
1620 1187 130 33 indiqua

987 1224 178 35 quc,s'ilne
1179 1224 117 28 voulait
1311 1231 56 28 pas
1377 1230 170 22 conserver
1563 1222 46 28 les
1623 1221 128 30 affaires

989 1259 190 34 étrangères,
1196 1259 21 26 il
1238 1259 43 27 lui
1310 1259 165 27 donnerait
1499 1259 31 27 le
1552 1256 198 37 portefeuille

987 1293 39 28 de
1042 1293 28 27 la
1084 1292 123 37 justice,
1222 1302 41 21 ne
1285 1293 116 28 devant
1427 1293 133 35 prendre
1587 1291 163 30 lui-même

987 1336 60 27 que
1058 1329 30 28 le
1103 1329 196 35 portefeuille
1328 1329 181 28 secondaire
1528 1328 40 28 de
1596 1326 141 37 l'agricul-

989 1367 69 30 ture
1069 1371 77 21 avec
1161 1364 28 27 la
1204 1363 184 37 présidence
1401 1363 41 30 du
1457 1363 130 30 conseil.

1024 1400 122 30 Notons
1160 1400 48 33 ici,
1221 1407 60 28 que
1297 1400 78 28 dans
1397 1398 211 30 l'éventualité
1638 1397 41 28 où
1706 1396 40 28 M.

986 1435 130 28 Develle
1129 1435 100 28 aurait
1244 1434 123 37 préféré
1381 1435 30 28 la
1421 1435 128 35 justice,
1577 1434 39 28 M.
1633 1433 115 28 Mélme

987 1476 34 24 se
1037 1470 163 33 réservait,
1218 1472 202 32 assure-t-on,
1431 1468 117 31 d'offrir
1564 1468 46 30 les
1623 1468 125 31 affaires

986 1507 183 35 étrangères
1185 1506 18 28 à
1218 1507 39 27 M.
1273 1507 163 27 Flourens.

976 1539 1 45 I
1023 1541 26 28 A
1063 1550 63 21 une
1140 1541 98 30 heure
1253 1543 31 27 et
1296 1540 113 37 demie,
1427 1541 30 28 le
1485 1543 85 28 futur
1584 1539 163 38 président

976 1570 1 43 |
987 1577 43 28 du
1043 1577 118 28 conseil
1179 1579 50 26 est
1243 1577 58 28 allé
1316 1585 67 21 voir
1407 1578 40 27 M.
1462 1578 130 27 Charles
1618 1577 128 34 Dupuy,

986 1613 76 27 dont
1076 1613 22 27 il
1111 1611 83 31 avait
1208 1612 100 30 arrêté
1323 1613 39 27 de
1376 1612 76 28 faire
1467 1612 84 28 l'une
1567 1611 57 28 des
1641 1611 87 28 colon-

984 1655 65 24 nes,
1058 1649 38 28 de
1110 1656 58 20 son
1185 1648 107 28 édifice
1305 1646 197 37 ministériel,
1518 1649 31 27 et
1563 1646 44 30 lui
1620 1646 106 30 deman-

985 1683 64 28 dait
1063 1684 38 31 de
1126 1683 43 30 lui
1199 1683 148 30 accorder
1368 1691 59 22 son
1443 1689 154 24 concours
1624 1689 38 21 en
1680 1689 51 27 pre-

984 1721 77 26 nant
1075 1721 27 27 le
1120 1720 197 35 portefeuille
1329 1721 39 27 de
1385 1719 178 31 l'intérieur.

1018 1754 41 28 M.
1074 1755 118 35 Dupuy
1204 1756 138 34 invoqua
1355 1756 30 28 le
1397 1755 103 30 môme
1517 1755 89 35 pacte
1619 1755 38 30 de
1675 1755 58 30 soli-

984 1789 98 30 darité
1095 1798 63 28 que
1172 1792 40 27 M.
1230 1791 137 30 Develle.
1377 1792 80 28 Mais
1470 1792 40 28 M.
1524 1791 115 30 Mélme
1654 1792 93 34 ayant

985 1825 54 28 fait
1050 1827 91 34 appel
1155 1833 43 21 au
1220 1826 214 28 dévouement
1447 1826 45 30 du
1515 1826 115 35 député
1644 1826 39 28 de
1696 1826 45 34 .la

983 1860 207 30 Haute-Loire
1213 1869 116 22 envers
1355 1861 31 30 la
1400 1863 97 28 chose
1524 1861 159 37 publique,
1702 1863 39 26 M.

981 1896 117 35 Dupuy
1111 1897 124 28 déclara
1264 1897 182 32 finalement
1461 1898 73 34 qu'il
1564 1897 128 28 désirait
1703 1904 43 20 au

983 1931 105 28 moins
1103 1931 146 31 réserver
1257 1939 35 21 sa
1299 1931 136 38 réponse
1447 1931 202 41 jusqu'après
1657 1931 90 30 avoir

984 1967 64 35 pris
1081 1968 90 28 l'avis
1204 1968 39 28 de
1271 1974 58 22 son
1359 1970 111 26 ancien
1504 1968 171 34 président,
1703 1968 40 28 M.

979 2001 102 30 Ribot.

1016 2037 118 31 Tandis
1167 2047 61 27 que
1261 2039 40 30 M.
1335 2040 117 34 Dupuy
1479 2046 34 22 se
1540 2039 122 30 rendait
1694 2044 35 21 au-

979 2073 74 35 près
1080 2074 43 28 du
1150 2074 161 43 président
1343 2074 44 28 du
1411 2074 119 28 conseil
1560 2074 169 28 démission-

979 2111 96 32 naire,
1097 2111 19 27 à
1141 2108 85 31 deux
1251 2111 116 27 heures
1395 2111 31 27 et
1447 2109 104 28 demie
1573 2109 41 28 M.
1630 2108 117 30 Méline

978 2145 200 34 poursuivait
1187 2152 52 22 ses
1247 2145 197 28 démarches.
1453 2145 24 27 11
1486 2145 175 34 s'assurait,
1671 2152 76 20 sans

978 2186 125 22 aucune
1131 2179 159 34 difficulté,
1318 2179 31 30 le
1375 2187 154 21 concours
1548 2179 43 28 du
1619 2179 126 35 général

978 2216 154 28 Loizillon
1159 2218 30 26 et
1213 2217 44 28 du
1284 2215 191 30 vice-amiral
1504 2216 158 33 Rieunier,
1693 2215 52 35 qui

977 2250 195 35 acceptaient
1196 2251 40 28 de
1264 2257 170 22 conserver
1447 2251 65 28 l'un
1526 2250 30 28 la
1576 2257 113 28 guerre
1716 2250 31 27 et

978 2285 109 27 l'autre
1103 2287 28 26 la
1143 2287 129 26 marine.

1140 2350 113 32 Refus
1278 2350 45 31 de
1348 2352 46 30 M.
1417 2350 168 39 Peytral,

1012 2413 76 28 Puis
1097 2413 19 28 il
1128 2413 84 27 allait
1219 2412 87 28 offrir
1316 2412 30 28 le
1358 2412 163 30 ministère
1534 2413 57 28 des
1603 2412 141 30 finances

978 2448 65 28 àM.
1050 2448 132 34 Peytral,
1192 2447 111 28 ancien
1312 2446 135 28 titulaire
1455 2446 38 28 de
1501 2441 243 40 ce.portéfeuiilé

978 2483 79 28 dans
1071 2484 30 28 Je
1116 2483 123 28 cabinet
1250 2483 135 33 Flôquet
1409 2483 30 26 et
1462 2481 162 35 président
1652 2481 39 28 de
1716 2481 31 30 la

978 2518 206 28 commission
1204 2517 44 28 du
1272 2517 128 35 budget,
1415 2524 60 28 que
1491 2517 30 28 le
1533 2516 125 30 dernier
1672 2519 72 26 vote

978 2552 185 35 budgétaire
1175 2552 40 28 dé
1231 2552 30 27 la
1273 2552 156 28 Chambre
1441 2551 145 30 semblait
1596 2552 150 34 désigner

980 2596 79 28 pour
1088 2588 141 30 dénouer
1256 2588 30 28 le
1310 2587 106 30 conflit
1439 2587 150 30 financier
1604 2595 141 22 survenu

980 2624 87 27 entre
1082 2624 30 28 le
1127 2623 226 33 Luxembourg
1369 2624 30 26 et
1416 2622 31 28 le
1470 2622 272 28 Palais-Bourbon.

1013 2659 40 30 M.
1070 2659 123 35 Peytral
1220 2657 145 35 répondit
1389 2656 73 35 qu'il
1486 2656 122 34 n'avait,
1631 2659 111 32 certes,

979 2701 123 21 aucune
1122 2701 106 21 raison
1244 2692 150 37 politique
1410 2692 38 27 de
1461 2692 123 28 refuser
1599 2700 58 21 son
1672 2700 53 21 con-

980 2735 92 22 cours
1085 2737 43 21 au
1142 2728 116 34 député
1284 2728 56 27 des
1365 2728 135 33 Vosges,
1518 2727 80 28 mais
1613 2727 74 35 qu'il
1700 2728 44 27 lui

980 2765 73 28 était
1078 2763 187 38 impossible
1293 2763 137 28 d'entrer
1444 2761 78 30 dans
1553 2770 44 21 un
1620 2763 125 30 cabinet

979 2800 76 28 dont
1069 2799 28 28 le
1113 2799 74 28 chef
1198 2799 83 27 avait
1306 2797 124 30 attaché
1454 2805 58 21 son
1539 2805 74 21 nom
1637 2798 18 28 à
1682 2806 61 20 une

980 2842 110 22 oeuvre
1106 2833 207 35 économique
1342 2833 26 28 si
1397 2832 154 28 contraire
1572 2832 18 30 à
1604 2841 53 21 ses
1671 2839 54 22 con-

980 2871 135 27 victions
1130 2869 301 35 libre-échangistes.

1015 2906 109 33 Quand
1137 2904 30 30 le
1181 2904 86 28 refus
1284 2904 38 27 de
1348 2904 41 28 M.
1420 2902 124 37 Peytral
1571 2903 48 30 fut
1639 2911 105 20 connu

980 2941 79 28 dans
1072 2941 47 28 les
1133 2940 137 28 couloirs
1285 2939 39 28 de
1338 2940 32 27 la
1394 2937 167 34 Chambre,
1580 2947 39 20 on
1632 2946 113 21 assura

981 2982 61 30 que
1056 2976 40 28 M.
1110 2975 126 34 Méline,
1253 2974 64 35 qui,
1333 2974 57 28 dés
1403 2974 30 27 le
1449 2974 98 28 début
1563 2975 38 27 de
1625 2982 53 20 ses
1693 2974 35 28 né-

980 3011 184 35 gociations,
1182 3009 83 30 avait
1292 3009 109 28 décidé
1421 3009 40 27 de
1485 3009 116 28 confier
1616 3017 44 21 un
1675 3017 52 28 por-

980 3046 149 34 tefeuille,
1143 3045 81 30 celui
1253 3045 56 28 des
1332 3046 135 28 travaux
1493 3044 132 35 publics,
1656 3045 19 28 à
1700 3045 41 28 M.

979 3080 177 34 Poincarré,
1173 3080 146 35 songeait
1332 3080 18 27 à
1365 3079 170 30 demander
1544 3079 19 28 à
1571 3087 35 20 ce
1619 3079 125 30 dernier

980 3116 39 30 de
1036 3117 135 35 prendre
1193 3115 47 30 les
1266 3115 150 30 finances.

1016 3152 47 26 En
1077 3151 104 28 môme
1193 3152 112 33 temps,
1324 3151 214 33 onannonçait
1550 3158 63 27 que
1626 3151 38 33 si,
1674 3158 53 20 con-

980 3185 183 30 trairement
1185 3185 18 28 à
1228 3193 35 20 ce
1289 3185 94 33 qu'on
1400 3184 102 34 disait,
1520 3185 41 28 M.
1578 3185 167 28 Poincarré

980 3220 177 31 consentait
1182 3221 18 28 à
1227 3220 135 37 prendre
1388 3220 46 28 les
1456 3220 151 34 finances,
1624 3221 47 28 les
1687 3222 46 26 tra-

980 3263 84 21 vaux
1093 3256 125 35 publics
1243 3254 137 28 seraient
1393 3255 152 28 attribués
1567 3256 71 28 àM.
1652 3256 76 27 Fran-

980 3292 107 34 cisque
1100 3289 174 35 Reymoud,
1291 3289 150 30 sénateur
1470 3289 38 28 de
1534 3289 28 30 la
1586 3291 100 33 Loire,
1700 3289 31 28 in-

980 3326 133 35 génieur
1128 3328 31 26 et
1172 3326 157 28 directeur
1346 3325 40 28 de
1401 3325 113 30 l'Ecole
1530 3326 148 32 centrale,
1690 3333 53 26 ou,

980 3361 19 28 à
1015 3369 58 21 son
1089 3361 117 32 défaut,
1221 3361 18 27 à
1251 3360 40 27 M.
1306 3360 168 34 Guieysse,
1483 3360 116 40 député
1615 3361 44 27 du
1665 3361 61 27 Mor-

980 3397 105 33 bihan,
1116 3394 163 37 président
1305 3393 39 30 de
1374 3394 28 28 la
1427 3394 207 28 commission
1650 3394 81 37 parle-

980 3432 152 27 mentaire
1147 3431 43 28 du
1201 3429 122 34 travail,
1338 3429 176 37 répétiteur
1533 3430 17 28 à
1566 3430 113 28 l'Ecole
1697 3438 33 27 po-

980 3467 213 34 lytechnique.
1201 3465 47 27 On
1264 3465 112 34 parlait
1384 3471 113 20 encore
1508 3465 39 27 de
1553 3465 41 28 M.
1611 3465 132 34 Terrier,

983 3501 116 35 député
1120 3498 269 31 d'Eure-et-Loir..

1016 3537 100 32 Quant
1129 3543 40 20 au
1186 3541 187 27 commerce,
1385 3534 22 28 il
1436 3534 73 28 était
1537 3536 148 33 question
1710 3535 37 28 de

980 3572 40 28 M.
1039 3570 38 30 de
1091 3569 150 41 Kerjégu,
1259 3569 116 34 député
1390 3569 43 28 du
1447 3569 165 33 Finistère,
1631 3572 30 26 et
1668 3576 79 28 pour

980 3607 30 28 le
1025 3605 274 31 sous-secrétariat
1312 3604 100 30 d'Etat
1441 3602 56 31 des
1525 3604 149 34 colonies,
1707 3612 40 20 on

980 3641 150 34 comptait
1140 3647 56 20 sur
1208 3640 32 27 le
1252 3645 155 22 concours
1420 3638 63 28 fort
1495 3639 146 35 apprécié
1654 3640 39 27 de
1704 3640 41 27 M.

979 3676 162 30 Deleassé.

1013 3711 102 34 Enfin,
1141 3717 41 21 on
1213 3709 164 38 apprenait
1401 3715 63 30 que
1489 3710 39 27 M.
1560 3709 118 35 Dupuy
1702 3716 33 20 ac-

983 3746 116 34 ceptait
1113 3746 31 27 le
1150 3744 198 35 portefeuille
1361 3744 39 28 de
1415 3744 181 30 l'intérieur.

1015 3782 47 26 De
1075 3781 115 32 même,
1204 3781 40 27 M.
1278 3778 139 33 Develle,
1449 3778 163 28 vivement
1637 3785 94 21 encou-

981 3815 73 37 ragé
1090 3816 18 28 à
1127 3821 169 22 conserver
1311 3813 28 28 la
1352 3813 154 30 direction
1537 3813 57 28 des
1623 3813 128 28 affaires

983 3850 207 32 extérieures,
1204 3849 43 28 où
1261 3855 52 21 ses
1342 3848 155 35 premiers
1511 3850 85 26 actes
1612 3850 54 26 ont
1681 3855 52 20 ren-

981 3885 109 30 contré
1102 3892 63 21 une
1182 3883 204 37 approbation
1415 3882 158 35 générale,
1598 3882 154 35 |semblait

980 3920 110 37 acquis
1117 3920 17 28 à
1159 3919 31 28 la
1214 3918 217 30 combinaison
1447 3925 38 20 en
1501 3918 176 28 formation.

1017 3959 86 25 Dans
1127 3961 53 21 ces
1205 3953 187 34 conditions,
1427 3952 40 28 M.
1502 3952 118 31 Méline
1639 3952 98 30 s'attri-

983 3991 86 28 buait
1080 3991 31 27 le
1124 3989 163 28 ministère
1299 3989 39 27 de
1352 3989 31 28 la
1394 3987 117 35 justice
1527 3989 31 27 et
1573 3989 119 27 laissait
1701 3996 33 19 ce-

981 4026 45 27 lui
1051 4026 39 27 de
1116 4023 210 38 l'agriculture
1351 4023 19 30 à
1388 4023 44 28 M.
1449 4022 106 37 Viger,
1581 4030 58 20 son
1667 4030 67 21 core-

980 4061 189 37 ligionnaire
1183 4057 216 37 économique.

1015 4096 87 30 Telle
1116 4094 74 31 était
1202 4094 30 30 la
1248 4094 149 28 situation
1407 4094 18 27 à
1439 4093 31 28 la
1481 4094 41 27 fln
1547 4094 39 27 de
1611 4093 28 28 la
1663 4094 71 34 jour-

981 4133 70 32 née,
1062 4139 73 21 vers
1148 4130 54 28 dix
1217 4130 128 32 heures,
1359 4129 105 34 quand
1488 4129 40 28 M.
1563 4128 115 28 Méline
1689 4128 61 28 alla

981 4166 111 30 rendre
1111 4167 124 34 compte
1250 4163 71 30 àM.
1338 4165 115 28 Carnot
1465 4163 39 28 de
1520 4162 84 28 l'état
1626 4163 39 28 de
1696 4170 52 21 ses

980 4201 226 35 négociations.

1017 4238 86 28 Dans
1117 4237 28 28 la
1162 4235 111 34 soirée,
1290 4235 40 27 M.
1361 4233 115 30 Méline
1486 4241 17 20 a
1515 4233 100 35 repris
1630 4241 52 21 ses
1698 4233 34 30 dé-

980 4273 156 30 marches.
1168 4271 24 28 Il
1217 4270 165 31 s'assurait
1406 4270 196 27 notammant
1629 4270 28 26 le
1678 4276 54 21 con-

979 4315 93 22 cours
1085 4309 38 27 de
1135 4307 41 28 M.
1193 4305 133 37 Spuller,
1342 4305 241 35 sénateur,pour
1594 4303 139 31 l'instruc-

981 4344 63 28 tion
1058 4342 161 37 publique.

1017 4381 27 26 A
1057 4378 80 28 neuf
1146 4377 118 28 heures
1279 4377 30 27 et
1320 4376 115 32 demie,
1462 4375 18 27 il
1508 4375 143 28 revenait
1662 4374 19 30 ù
1693 4374 44 28 l'E-

981 4413 86 35 lysée
1084 4420 161 21 annoncer
1258 4419 61 27 que
1339 4419 33 20 sa
1382 4409 217 30 combinaison
1626 4409 122 30 étaiten

979 4448 65 30 très
1058 4448 105 30 bonne
1189 4447 104 28 bonne
1319 4446 80 34 voie,
1436 4446 73 34 qu'il
1533 4446 115 27 n'avait
1677 4446 71 34 plus

979 4491 61 28 que
1058 4482 177 37 «quelques
1248 4481 164 35 questions
1428 4481 39 27 de
1486 4479 94 28 détail
1587 4479 20 28 à
1620 4479 128 41 régler»

981 4519 31 27 et
1026 4518 73 35 qu'il
1117 4517 257 35 comptait'venir
1391 4515 41 28 lui
1452 4521 159 21 annoncer
1623 4515 109 34 aujour-

979 4553 86 30 d'hui
1095 4553 37 28 la-
1148 4550 204 32 constitution
1376 4550 152 37 complète
1553 4550 38 28 de
1613 4557 57 21 son
1701 4557 32 21 ca-

977 4586 97 32 birièt.

1207 4637 100 31 Liste
1326 4635 191 39 probable.

1017 4694 26 31 A
1056 4696 30 28 la
1096 4694 149 31 dernière
1258 4695 107 32 heure,
1384 4693 80 28 voici
1478 4693 31 27 la
1520 4691 72 28 liste
1606 4698 60 28 que
1688 4691 60 28 l'on

981 4731 132 28 donnait
1129 4735 122 24 comme
1266 4729 18 28 à
1294 4736 63 28 peu
1372 4727 73 38 près
1461 4727 137 30 certaine
1613 4736 6 18 :

1016 4765 187 31 Présidence
1233 4765 43 30 du
1304 4763 119 30 conseil
1450 4765 31 26 et
1508 4762 122 37 justice.
1652 4762 87 28 —M.

981 4802 123 28 Méline.

1016 4837 167 28 Intérieur.
1241 4835 41 28 M.
1297 4834 131 30 Charles
1442 4833 125 35 Dupuy.

1019 4871 133 30 Affaires
1167 4869 191 37 étrangères.
1420 4867 40 28 M.
1482 4866 137 31 Develle.

1019 4907 165 28 Finances.
1254 4906 41 28 M.
1313 4903 175 31 Poincarrê.

1019 4942 193 30 Instruction
1228 4941 158 37 publique.
1453 4939 40 28 M.
1508 4938 133 35 Spuller.

1018 4978 131 28 Guerre.
1205 4980 43 26 M.
1260 4976 31 27 le
1305 4974 129 35 général
1450 4974 163 28 Loizillon.

1018 5013 130 30 Marine.
1212 5011 41 28 M.
1271 5010 28 28 le
1313 5008 191 31 vice-amiral
1515 5007 159 31 Rieunier.

1017 5049 193 28 Commerce.
1273 5046 40 30 M.
1332 5046 39 30 de
1385 5043 150 37 Kerjégu.

1017 5085 146 28 Travaux
1175 5082 133 35 publics.
1398 5081 43 27 M.
1469 5078 163 37 Reymond
1646 5086 41 22 ou
1703 5079 41 28 M.

981 5120 167 35 Guieysse.

1016 5156 210 35 Agriculture.
1289 5152 40 30 M.
1345 5152 104 35 Viger.

1015 5189 278 33 Sous-secrétariat
1307 5189 57 28 des
1391 5186 150 28 colonies.
1620 5186 41 30 M.
1678 5184 53 30 Del-

979 5226 99 30 cassé.

1016 5261 136 31 L'heure
1180 5261 81 27 n'est
1287 5267 56 28 pas
1365 5265 112 21 encore
1491 5263 104 24 venue
1607 5256 123 37 d'appré-

981 5297 65 28 cier
1058 5297 46 28 les
1131 5296 93 30 choix
1253 5294 38 28 de
1317 5294 41 28 M.
1372 5294 125 32 Méline,
1527 5291 165 35 puisqu'ils
1706 5300 41 20 ne

980 5352 15 19 s
1000 5334 53 26 ont
1069 5339 57 28 pas
1143 5337 112 21 encore
1271 5329 203 28 absolument
1488 5322 158 35 définitifs.

1116 5422 167 48 L'ARMÉE
1320 5427 291 43 AUTRICHIENNE

981 5532 272 32 Modifications
1269 5531 91 30 dans
1378 5531 35 30 la
1429 5538 15 19 «
1457 5528 196 32 landwehr
1669 5538 14 17 »

1083 5570 292 39 Augmentation
1402 5569 66 31 des
1496 5568 142 32 cadres.

1018 5653 132 32 VIENNE,
1163 5650 45 28 ler
1215 5648 89 31 avril.
1322 5665 34 6 _
1371 5650 77 27 par
1461 5648 131 30 service
1605 5648 139 35 spécial.

1029 5689 203 34 L'empereur
1247 5692 18 20 a
1278 5683 162 35 approuvé
1454 5691 61 21 une
1532 5682 81 28 série
1630 5683 38 27 de
1683 5691 41 21 mo-

980 5724 177 31 difications
1173 5721 18 28 à
1215 5719 176 30 introduire
1420 5718 78 30 dans
1527 5718 28 28 la
1584 5718 161 30 landwehr

980 5759 228 31 autriclrenne,
1225 5754 100 38 parmi
1351 5753 171 37 lesquelles
1550 5759 84 24 nous
1663 5760 61 22 men-

981 5794 184 26 tionnerons
1179 5792 47 28 les
1243 5791 162 30 suivantes
1421 5797 6 20 :

1017 5830 44 28 Le
1075 5828 92 30 cadre
1182 5828 56 27 des
1251 5826 213 34 états-majors
1491 5825 58 28 des
1574 5824 174 37 régiments

981 5865 39 30 de
1033 5864 31 28 la
1078 5862 165 31 landwehr
1254 5869 19 20 a
1292 5861 48 30 été
1368 5859 170 37 augmenté
1559 5859 39 28 de
1612 5868 44 21 un
1672 5859 61 28 lieu-

981 5901 109 28 tenant
1104 5907 40 20 en
1160 5896 145 37 premier,
1315 5896 116 30 faisant
1444 5895 138 30 fonction
1597 5895 152 30 d'officier

981 5933 295 32 d'administration,
1300 5933 32 26 et
1357 5933 60 27 l'on
1444 5939 19 20 a
1495 5930 129 35 assigné
1652 5931 19 28 à
1694 5937 54 21 ces

984 5969 213 34 états-majors
1211 5974 46 22 un
1278 5966 118 28 certain
1419 5966 133 28 nombre
1579 5965 155 30 d'auxiliai-

983 6014 51 21 res
1046 6014 6 24 ;
1069 6005 45 31 les
1131 6004 110 30 cadres
1269 6001 57 30 des
1352 6000 165 30 bataillons
1548 6000 39 28 de
1607 6001 31 27 la
1665 6000 67 30 land-

984 6041 89 28 wehr
1093 6041 56 27 ont
1162 6038 50 28 été
1238 6037 77 30 fixés
1328 6037 19 30 à
1361 6035 79 31 neuf
1461 6035 136 30 officiers
1622 6037 32 28 et
1678 6037 71 27 cent

984 6077 102 28 douze
1098 6076 157 27 hommes.

1020 6112 43 26 Le
1076 6110 93 28 cadre
1192 6107 44 30 du
1251 6106 157 37 régiment
1421 6106 40 30 de
1476 6106 154 28 cavalerie
1657 6106 39 27 de
1722 6106 31 26 la

987 6145 161 28 landwehr
1159 6151 19 21 a
1192 6144 50 27 été
1252 6143 64 28 llxê
1342 6143 19 28 à
1383 6143 104 28 douze
1507 6141 145 34 officiers,
1682 6142 71 27 cent

986 6182 145 28 hommes
1148 6181 31 26 et
1189 6178 306 35 quatre-vingt-onze
1522 6177 155 28 chevaux.
1698 6176 37 28 Ce-

987 6216 43 28 lui
1048 6216 57 27 des
1120 6215 170 28 chasseurs
1303 6213 18 28 à
1336 6213 109 28 cheval
1461 6214 44 27 du
1530 6211 106 34 Tyrol,
1651 6211 19 27 à
1684 6210 69 30 huit

986 6250 149 32 officiers,
1153 6247 279 37 quatre-vingt-dix
1448 6247 146 28 hommes
1620 6247 31 26 et
1682 6253 53 28 qua-

989 6285 274 37 tre-vingt-quatre
1276 6282 144 28 chevaux
1430 6289 7 26 ;
1467 6281 93 34 enfin,
1592 6280 83 30 celui
1698 6281 54 27 des

989 6322 169 28 chasseurs
1174 6318 15 30 à
1207 6317 109 31 cheval
1330 6318 39 30 de
1383 6318 28 28 la
1441 6315 164 34 Dalmatie,
1632 6315 19 30 à
1677 6315 76 30 trois

989 6357 146 32 officiers,
1149 6356 151 34 quarante
1316 6354 31 26 et
1357 6360 45 21 un
1423 6353 145 27 hommes
1585 6353 32 26 et
1639 6353 98 27 trente-

989 6393 110 35 quatre
1115 6391 154 28 chevaux.

1067 6487 58 28 LÈS
1159 6487 157 26 VICTIMES
1351 6487 40 24 DE
1426 6487 41 24 LA
1502 6484 175 26 COMMUNE

1024 6554 104 34 ROME,
1143 6553 17 27 I
1162 6556 25 17 ER
1200 6550 89 28 avril.
1363 6550 86 30 D'un
1465 6548 289 35 correspondant.

1037 6588 46 30 La
1095 6586 223 35 congrégation
1331 6585 57 28 des
1413 6585 78 28 rites
1513 6583 158 28 discutera
1683 6583 28 27 le
1723 6583 34 27 15

991 6624 89 35 avril,
1096 6631 40 21 en
1148 6621 137 30 réunion
1311 6620 155 27 ordinaire
1492 6627 41 20 au
1563 6618 138 28 Vatican,
1729 6618 28 28 la

992 6667 97 21 cause
1104 6660 39 27 de
1160 6654 209 31 béatification
1383 6661 40 21 ou
1436 6654 38 27 de
1504 6654 191 30 déclaration
1721 6653 37 28 de

992 6696 136 33 martyre
1142 6693 57 27 des
1213 6691 145 30 victimes
1375 6690 38 28 de
1427 6690 30 27 la
1469 6690 176 28 Gommune
1654 6689 104 28 Pierre

992 6730 144 32 Olivaint,
1170 6728 87 30 Léon
1286 6725 201 34 Ducoudray,
1520 6724 107 28 Alexis
1658 6724 99 34 Clerc,

991 6765 79 28 Jean
1084 6763 145 34 Canberg
1246 6763 30 28 et
1289 6762 131 30 Anatole
1433 6759 39 31 de
1486 6759 118 37 Bengy,
1619 6762 122 35 apparte-

992 6801 77 30 nant
1085 6802 70 26 tous
1172 6797 19 30 à
1205 6797 111 30 l'ordre
1331 6797 57 28 des
1400 6796 146 37 jésuites.

1072 6889 41 24 LA
1153 6886 149 25 FAMILLE
1349 6882 189 33 IMPÉRIALE
1574 6889 105 26 RUSSE

1391 6976 44 28 IER
1442 6973 89 30 avril.
1558 6989 26 5 -
1597 6973 84 31 D'un
1691 6979 70 25 cor-

1240 7028 34 6 —
1299 7012 204 34 L'empereur
1528 7011 31 27 et
1587 7017 35 21 sa
1648 7010 113 28 famille

996 7045 72 31 sont
1081 7041 122 37 arrivés
1213 7049 69 28 hier
1291 7046 20 30 à
1324 7046 97 30 Yalta.

1030 7080 45 32 Le
1096 7084 176 37 grand-duc
1315 7083 141 34 Georges
1496 7081 265 30 Alexandrovitch

998 7117 100 31 s'était
1110 7121 83 35 joint
1207 7121 18 28 à
1239 7121 31 28 la
1284 7117 117 34 famille
1424 7116 163 38 impériale
1613 7117 18 31 à
1655 7116 89 33 Sébas-

998 7155 98 35 topol.

1904 1116 100 80 CE
2099 1115 269 94 QU'ON
2451 1115 463 84 POURRAIT
2992 1116 260 83 FAIRE

1827 1281 158 32 Pendant
2011 1281 76 32 tout
2112 1289 64 24 son
2209 1279 187 38 ministère,
2432 1279 107 32 l'infor-

1787 1322 83 32 tuné
1884 1323 103 34 Ribot
2001 1323 54 30 n'a
2079 1319 172 43 prononcé
2280 1322 105 38 qu'un
2402 1319 151 32 discours

1788 1362 113 38 sensé,
1917 1362 178 40 politique,
2125 1359 254 40 irréprochable
2404 1369 7 20 :
2432 1359 79 31 c'est
2524 1359 30 31 le

1789 1402 154 32 discours
1957 1402 44 31 de
2023 1401 96 40 jeudi
2150 1401 148 37 dernier,
2314 1400 66 32 àla
2395 1400 87 32 suite
2497 1398 38 31 du-

1787 1442 80 37 quel
1880 1442 22 31 il
1920 1449 20 24 a
1952 1441 53 32 été
2020 1441 176 32 remercié.

1826 1495 28 31 Il
1870 1494 149 32 insistait
2040 1502 60 24 sur
2114 1493 200 33 l'absurdité
2336 1494 83 31 d'un
2441 1492 94 33 Parle-

1787 1535 96 31 ment
1893 1534 180 39 incapable
2086 1543 44 24 en
2143 1535 111 38 pleine
2269 1533 79 39 paix
2365 1534 43 31 de
2420 1534 133 31 dresser

1787 1584 45 21 un
1859 1574 142 39 budget,
2034 1583 60 22 sur
2125 1576 48 30 les
2206 1572 259 33 inconvénients
2493 1573 60 32 des

1786 1613 198 32 douzièmes
2020 1613 207 40 provisoires
2262 1612 110 41 érigés
2407 1623 43 21 en
2484 1622 53 31 sys-

1785 1654 104 38 tème,
1904 1656 38 31 et
1955 1656 25 30 il
1994 1655 149 39 adjurait
2169 1656 33 30 la
2225 1654 172 32 Chambre
2417 1654 40 32 de
2473 1661 60 24 con-

1786 1697 106 31 sentir
1906 1696 167 39 quelques
2089 1696 217 31 concessions
2322 1702 44 24 au
2381 1693 113 33 Sénat.

1826 1749 119 32 C'était
1961 1750 33 31 la
2007 1749 116 32 raison
2138 1750 124 31 même.

1824 1802 90 32 Tout
1926 1805 97 30 autre
2039 1812 67 31 que
2120 1804 104 32 Ribot
2241 1804 110 32 aurait
2362 1804 128 31 obtenu
2507 1811 44 22 un

1782 1841 167 33 véritable
1964 1841 119 33 succès
2098 1852 80 22 avec
2194 1845 85 31 celte
2294 1843 106 32 thèse.
2418 1844 85 31 Mais
2520 1844 31 31 la

1785 1883 170 31 Chambre
1970 1884 92 30 avait
2092 1884 41 31 de
2157 1892 39 22 ce
2211 1883 176 32 ministère
2401 1892 63 31 par
2478 1884 56 31 des-

1786 1931 58 22 sus
1854 1924 50 30 les
1918 1931 102 31 yeux.

1824 1975 104 32 Ribot
1942 1976 92 32 avait
2061 1976 123 32 réalisé
2211 1984 43 24 en
2281 1976 84 32 trois
2380 1976 89 35 mois
2481 1984 69 24 une

1786 2022 135 26 somme
1955 2016 276 39 d'impopularité
2262 2024 65 31 que
2361 2024 65 24 nos
2458 2016 76 31 meil-

1785 2055 93 32 leurs
1892 2055 158 32 hommes
2079 2055 111 32 d'Etat
2216 2056 144 31 mettent
2375 2055 157 39 générale-

1786 2098 94 28 ment
1890 2095 172 38 plusieurs
2079 2094 126 33 années
2220 2095 19 31 à
2255 2094 169 39 acquérir.

2381 2133 12 12 •

1824 2147 27 30 Il
1876 2147 90 31 avait
1988 2147 122 32 froissé
2145 2150 74 30 tout
2244 2148 32 34 le
2304 2147 138 38 monde,
2466 2147 83 32 vexé

1785 2186 76 31 tout
1873 2187 32 30 le
1920 2187 126 31 monde
2065 2197 7 20 :
2089 2189 33 30 la
2135 2187 131 37 Droite,
2283 2196 43 22 en
2339 2189 159 30 affectant
2511 2187 38 31 de

1786 2226 34 30 la
1834 2226 196 32 considérer
2050 2236 135 22 comme
2210 2226 152 40 quantité
2381 2226 150 40 négligea-

1786 2267 54 30 ble
1857 2268 34 30 et
1904 2275 40 22 en
1961 2275 43 22 ne
2017 2267 200 40 négligeant
2236 2275 132 22 aucune
2392 2267 157 31 occasion

1787 2306 40 31 de
1840 2307 46 30 lui
1911 2307 85 30 faire
2022 2307 124 35 savoir,
2172 2314 80 24 avec
2285 2314 67 22 une
2379 2307 170 31 insolence

1786 2346 83 31 dont
1879 2346 51 31 les
1950 2346 161 40 renégats
2124 2347 63 31 ont
2197 2346 94 32 seuls
2304 2346 31 32 le
2349 2347 120 37 secret,
2486 2354 63 32 que

1786 2393 54 24 ses
1856 2388 96 30 votes
1964 2394 45 22 ne
2023 2387 209 43 comptaient
2245 2394 87 25 pas;'

1822 2437 66 32 Les
1917 2438 268 39 opportunistes,
2223 2446 43 24 en
2307 2438 172 39 envoyant
2505 2445 44 22 un

1786 2477 129 32 certain
1944 2477 144 33 nombre
2113 2478 131 32 d'entre
2274 2485 64 24 eux
2366 2478 125 31 devant
2520 2477 28 32 le

1781 2516 13 39 j
1801 2520 64 34 âgé
1880 2517 239 32 d'instruction
2133 2518 32 31 et
2179 2518 34 31 la
2225 2525 84 24 cour
2329 2517 159 31 d'assises
2503 2525 8 27 ;

1821 2572 66 32 Les
1912 2574 170 37 modérés,
2118 2581 41 25 en
2187 2581 37 25 se
2252 2575 128 31 faisant
2396 2574 152 31 l'esclave

1783 2613 60 31 des
1858 2614 171 31 radicaux.
2042 2614 267 39 Logiquement,
2326 2614 51 31 les
2391 2614 158 31 radicaux

1785 2653 93 30 seuls
1894 2653 136 31 avaient
2042 2653 32 31 le
2099 2653 89 32 droit
2207 2653 76 32 d'en
2296 2653 73 31 être
2382 2653 167 31 contents.

1783 2692 46 31 Ils
1846 2692 156 32 auraient
2017 2692 45 32 dû
2080 2693 31 31 le
2124 2692 165 32 soutenir.
2297 2692 46 31 Ils
2356 2692 84 31 l'ont
2451 2692 79 31 aban-

1785 2731 111 32 donné
1910 2739 43 24 au
1964 2732 71 31 bon
2048 2732 168 38 moment,
2224 2732 33 31 et
2270 2731 193 32 monßibot
2474 2731 74 33 s'est

1783 2770 119 32 trouvé
1918 2779 64 30 par
1993 2772 100 31 terre.

1820 2824 69 31 Pas
1903 2832 67 22 une
1983 2824 93 31 main
2088 2832 44 22 ne
2146 2824 80 32 s'est
2248 2824 128 31 tendue
2398 2832 77 22 vers
2487 2824 61 31 lui.

1781 2864 69 30 Pas
1864 2872 47 21 un
1931 2864 139 38 journal
2100 2871 43 22 ne
2166 2864 45 30 l'a
2237 2863 157 39 regretté.
2422 2864 50 31 La
2500 2864 33 31 fa-

1783 2911 119 22 meuse
1937 2902 204 39 disjonction
2170 2903 41 31 de
2244 2903 34 30 la
2311 2902 148 32 réforme
2490 2903 59 31 des

1783 2943 158 31 boissons
1969 2942 58 39 qui
2050 2943 44 31 l'a
2119 2942 61 31 fait
2206 2942 182 31 trébucher
2418 2941 83 32 était
2525 2943 24 31 si

1782 2983 80 31 bien
1876 2992 46 21 un
1936 2980 152 39 prétexte
2102 2991 66 31 que
2185 2982 51 31 les
2250 2981 155 40 députés,
2417 2982 113 39 aujour-

1783 3022 91 31 d'hui
1890 3021 221 31 débarrassés
2134 3021 43 32 de
2213 3021 60 37 lui,
2306 3031 37 22 se
2376 3021 172 32 déclarent

1783 3061 93 38 prêts
1891 3061 20 31 à
1919 3061 190 38 l'accepter.

1824 3113 34 32 Si
1874 3123 44 22 on
1929 3115 81 31 veut
2026 3115 85 30 aller
2124 3123 43 22 au
2183 3115 80 31 fond
2278 3115 59 31 des
2355 3116 132 35 choses,
2507 3123 46 22 on

1783 3154 217 31 reconnaîtra
2016 3162 66 31 que
2100 3154 31 31 le
2156 3154 180 31 ministère
2359 3154 104 32 Ribot
2491 3156 63 37 est,

1785 3194 48 30 lui
1850 3194 105 34 aussi,
1970 3193 137 31 victime
2122 3193 45 31 du
2179 3194 168 35 Panama,
2361 3194 43 31 de
2418 3202 37 24 ce
2485 3194 46 31 Pa-

1786 3240 102 24 nama
1900 3233 58 39 qui
1975 3240 20 21 a
2009 3231 78 39 déjà
2114 3233 110 31 rendu
2251 3233 20 30 à
2296 3233 33 31 la
2354 3233 53 31 vie
2434 3233 119 40 privée

1785 3273 72 30 tant
1870 3273 193 30 d'hommes
2078 3272 133 39 publics
2224 3273 33 30 et
2280 3272 81 32 dont
2385 3273 48 31 les
2459 3280 94 25 ravar

1783 3319 60 30 ges
1859 3318 43 25 ne
1915 3312 78 31 sont
2008 3318 63 31 pas
2086 3311 174 32 terminés.

1825 3369 167 35 Panama,
2017 3369 80 45 quoi
2122 3369 100 39 qu'en
2252 3367 115 32 disent
2385 3370 52 30 les
2457 3369 78 40 répu-

1787 3407 157 35 blicains,
1961 3415 20 22 a
2003 3404 234 33 démantibulé
2257 3409 35 30 la
2317 3407 231 40 République.

1785 3448 27 30 Il
1828 3455 20 21 a
1864 3448 109 30 rendu
1997 3448 77 28 tout
2094 3445 176 32 ministère
2296 3446 211 39 impossible.
2528 3449 26 30 Il

1787 3494 20 22 a
1813 3484 340 32 irrémédiablement
2164 3488 210 37 compromis
2387 3488 33 28 la
2431 3488 99 30 Cham-

1787 3526 73 34 bre,
1879 3523 220 39 désorganisé
2122 3526 125 30 l'ordre
2268 3524 198 39 judiciaire,
2483 3527 33 30 et
2531 3527 21 30 il

1788 3565 52 31 est
1853 3572 41 22 en
1910 3563 90 30 train
2016 3563 41 31 de
2072 3563 113 32 battre
2202 3573 43 21 en
2257 3563 129 32 brèche
2400 3566 34 30 la
2448 3565 89 39 prési-

1787 3604 106 30 dence
1918 3602 43 31 de
1990 3604 33 28 la
2049 3602 220 39 République
2284 3604 195 31 elle-même
2492 3612 61 32 par

1787 3643 233 38 contre-coup,
2035 3648 41 22 en
2093 3643 145 30 mettant
2263 3650 64 22 son
2348 3643 150 30 titulaire
2511 3651 43 21 en

1787 3681 74 30 face
1897 3680 100 30 d'une
2030 3680 167 30 situation
2220 3680 222 30 inextricable
2469 3681 85 37 qu'il

1787 3719 185 30 n'arrivera
1985 3726 63 31 pas
2061 3718 20 31 à
2096 3718 231 37 débrouiller;
2348 3728 39 21 ce
2404 3718 150 31 titulaire

1788 3758 226 30 succombera
2047 3765 133 22 comme
2212 3757 51 31 les
2300 3757 126 37 autres,
2451 3765 103 28 parce

1791 3796 83 40 qu'il
1889 3796 47 31 lui
1951 3803 152 31 manque
2132 3795 34 31 la
2192 3795 97 31 seule
2309 3794 128 40 qualité
2451 3795 86 32 indis-

1787 3835 163 39 pensable
1964 3834 21 32 à
2000 3843 38 22 ce
2050 3835 155 31 moment
2220 3844 6 20 :
2244 3835 32 31 le
2290 3833 182 33 caractère.

1830 3886 34 32 Si
1879 3887 45 31 M.
1939 3886 129 32 Carnot
2083 3886 83 32 était
2193 3886 97 32 autre
2317 3887 103 31 chose
2451 3886 103 39 qu'un

1788 3927 107 30 brave
1906 3927 141 30 homme
2057 3926 79 38 plus
2161 3933 44 24 ou
2243 3926 112 31 moins
2392 3926 99 31 ahuri
2511 3925 43 32 de

1787 3967 76 30 tout
1879 3974 38 22 ce
1931 3966 59 38 qui
2003 3965 123 38 arrive,
2140 3965 24 31 il
2199 3965 111 31 aurait
2331 3973 43 22 en
2412 3973 37 22 ce
2483 3973 47 22 mo-

1788 4005 138 31 ment-ci
1942 4013 48 22 un
2002 4004 72 32 rôle
2089 4004 20 31 à
2120 4004 103 38 jouer
2244 4005 34 31 et
2303 4012 66 24 une
2395 4004 158 32 conduite

1789 4044 20 31 à
1825 4044 89 31 tenir
1930 4044 58 38 qui
2003 4043 99 32 ferait
2114 4043 170 38 peut-être
2309 4043 86 32 crier
2420 4044 33 31 le
2480 4051 56 31 per-

1789 4084 120 30 sonnel
1926 4082 210 39 républicain
2151 4082 220 39 compromis,
2393 4082 87 32 mais
2494 4082 57 40 qui

1789 4124 48 30 lui
1865 4122 165 31 rallierait
2067 4130 45 22 un
2147 4123 144 30 nombre
2327 4122 227 31 incalculable

1787 4163 193 31 d'hommes
1993 4160 182 38 hésitants,
2210 4160 154 32 troublés
2400 4162 33 30 et
2461 4162 74 30 cher-

1788 4202 116 37 chant,
1913 4209 81 22 sans
2009 4202 33 30 le
2055 4200 193 38 découvrir,
2262 4201 32 30 le
2316 4201 111 30 secret
2441 4200 43 31 de
2498 4200 38 31 de-

1788 4241 105 33 main.

1825 4294 28 30 Il
1867 4293 172 33 inviterait
2054 4302 63 31 par
2130 4302 47 21 un
2189 4292 157 39 Message
2370 4293 37 30 la
2432 4292 96 33 Cham-

1787 4333 60 30 bre
1860 4335 34 28 et
1910 4335 31 28 le
1957 4332 105 31 Sénat
2074 4332 76 31 àen
2163 4332 78 30 finir
2275 4341 80 25 ave,c
2389 4332 35 31 la
2459 4341 70 21 mau-

1788 4372 93 31 vaise
1896 4370 154 33 comédie
2082 4370 204 41 budgétaire
2323 4371 59 40 qui
2418 4372 52 30 est
2496 4380 38 22 au-

1787 4413 119 31 dossus
1923 4413 41 30 de
1980 4413 92 30 leurs
2087 4411 120 35 forces,
2245 4419 43 24 en
2323 4411 228 39 prolongeant

1786 4460 87 31 pour
1887 4453 96 30 toute
1997 4449 132 32 l'année
2145 4450 79 30 1898
2245 4450 37 30 la
2304 4450 45 30 loi
2380 4450 41 30 de
2447 4452 87 28 finan-

1787 4499 56 22 ces
1859 4491 41 31 de
1935 4489 90 37 1892,
2055 4498 133 24 comme
2224 4489 31 30 le
2287 4488 197 32 demandait
2510 4488 41 32 ici

1788 4530 125 35 même,
1931 4531 86 34 hier,
2034 4528 141 33 Charles
2190 4528 162 31 Laurent.

1825 4584 27 31 Il
1867 4583 182 35 inviterait,
2066 4590 61 32 par
2144 4591 47 21 un
2206 4583 98 30 autre
2330 4580 171 39 Message,
2517 4581 33 31 le

1787 4623 105 31 Sénat
1905 4623 20 31 à
1941 4623 181 30 dissoudre
2134 4622 34 30 la
2184 4620 184 35 Chambre,
2381 4629 41 22 en
2437 4622 99 30 l'aver-

1788 4662 122 31 tissant
1925 4662 41 31 de
1980 4669 63 24 son
2057 4659 169 32 intention
2243 4659 41 31 de
2302 4659 165 40 répondre
2477 4659 19 31 à
2505 4668 46 22 un

1786 4703 92 31 relus
1893 4708 63 33 par
1970 4708 40 24 sa
2024 4700 197 33 démission.

1822 4754 48 32 Le
1886 4754 105 32 Sénat
2011 4752 144 32 obéirait
2177 4752 259 37 certainement,
2452 4760 99 32 parce

1787 4794 125 38 qu'une
1942 4792 191 32 assemblée
2160 4792 91 31 obéit
2278 4793 159 38 toujours
2461 4792 21 31 à
2505 4800 46 22 un

1787 4834 138 30 homme
1941 4832 58 39 qui
2024 4832 51 31 est
2101 4838 44 24 au
2172 4831 156 39 pouvoir,
2350 4832 58 38 qui
2435 4832 64 30 sait
2513 4840 38 22 ce

1786 4871 81 40 qu'il
1881 4873 80 31 veut
1977 4871 33 32 ot
2024 4871 58 39 qui
2108 4871 33 31 le
2167 4871 59 37 dit,
2251 4871 33 30 et
2304 4878 104 32 parce
2422 4879 66 31 que
2504 4871 47 32 les

1785 4911 178 32 sénateurs
1978 4910 149 33 seraient
2151 4910 158 32 conduits
2333 4918 65 31 par
2414 4919 46 22 un
2473 4918 59 25 cou-

1785 4954 76 30 rant
1870 4950 200 33 irrésistible
2085 4950 43 32 de
2141 4949 175 39 l'opinion.

1826 5008 74 32 Une
1915 5008 64 32 fois
1988 5015 38 24 ce
2037 5007 183 39 nettoyage
2232 5007 177 39 accompli,
2421 5007 19 31 à
2454 5007 97 31 l'aide

1785 5048 80 32 d'un
1880 5047 176 33 ministère
2072 5047 83 32 dont
2169 5047 51 31 les
2232 5044 167 34 éléments
2414 5054 44 24 ne
2473 5047 78 31 sont

1785 5096 63 31 pas
1863 5087 154 32 difficiles
2024 5087 20 31 à
2056 5087 150 34 trouver,
2216 5086 22 30 il
2252 5086 151 39 s'agirait
2420 5086 41 31 de
2479 5094 54 31 pro-

1787 5127 99 32 céder
1893 5125 295 33 immédiatement
2199 5132 66 24 aux
2277 5125 164 32 élections
2454 5125 81 39 légis-

1787 5167 119 32 latives
1923 5165 189 33 nouvelles.

1825 5220 89 32 C'est
1938 5219 91 31 alors
2056 5226 66 32 que
2154 5225 39 24 se
2228 5217 228 39 présenterait
2487 5225 61 24 une

1785 5261 109 38 partie
1909 5257 224 34 intéressante
2148 5258 20 31 à
2179 5258 112 39 jouer.

1826 5314 28 30 Il
1879 5311 149 33 faudrait
2061 5313 72 31 tout
2167 5310 142 32 d'abord
2341 5319 167 24 renoncer
2535 5310 17 32 à

1788 5354 86 31 cette
1890 5352 131 32 théorie
2033 5350 129 32 néfaste
2177 5352 43 31 de
2235 5352 35 30 la
2296 5352 255 30 concentration

1788 5392 229 40 républicaine
2034 5391 71 39 qui,
2121 5391 119 40 depuis
2258 5391 125 38 quinze
2398 5399 74 27 ans,
2485 5399 45 24 em-

1787 5432 107 39 pêche
1911 5432 32 30 la
1956 5430 217 40 République
2203 5430 106 31 d'être
2336 5438 46 21 un
2407 5438 43 31 go
2458 5438 76 24 uver-

1787 5471 141 33 nement
1938 5470 148 37 sérieux,
2101 5478 43 22 en
2159 5470 34 30 la
2206 5470 135 37 forçant
2356 5469 19 31 à
2399 5471 76 28 tout
2503 5478 33 22 sa-

1786 5511 111 32 crifier
1909 5510 20 33 à
1942 5518 69 25 une
2035 5507 146 41 poignée
2210 5509 41 31 de
2278 5509 164 31 radicaux
2480 5510 53 31 tou-

1782 5552 98 38 jours
1909 5550 93 39 prêts
2030 5550 20 31 à
2086 5556 178 25 renverser
2301 5549 48 31 les
2386 5549 165 37 cabinets,

1787 5591 112 30 même
1909 5588 51 33 les
1987 5590 77 39 plus
2091 5588 142 33 serviles
2257 5588 34 31 et
2317 5588 51 31 les
2392 5588 79 39 plus
2497 5588 37 32 do-

1786 5630 92 31 ciles.

1822 5682 28 32 Il
1869 5681 151 32 faudrait
2035 5688 78 32 que,
2127 5680 85 32 dans
2238 5680 34 32 la
2301 5679 142 40 période
2470 5679 69 32 élec-

1785 5724 120 34 torale,
1948 5720 298 32 l'administration
2282 5719 182 32 combattit
2506 5719 47 32 les

1786 5770 81 33 gens
1892 5763 41 30 de
1962 5759 340 32 l'Extrême-Gauchc
2327 5766 135 24 comme
2492 5758 63 32 elle

1787 5802 137 31 combat
1937 5800 51 31 les
2002 5807 85 32 gens
2101 5798 41 32 de
2159 5798 34 32 la
2204 5798 129 32 Droite.

1827 5855 46 31 Ils
1889 5852 180 33 crieraient
2082 5852 20 31 à
2125 5852 34 31 la
2171 5850 165 38 trahison,
2354 5850 87 32 mais
2460 5850 77 39 quel-

1793 5901 164 33 ques-uns
1972 5894 129 31 d'entre
2126 5901 78 22 eux.
2219 5891 34 31 et
2264 5898 72 22 non
2361 5890 60 31 des
2444 5890 112 31 moins

1788 5935 208 38 dangereux,
2013 5933 201 32 resteraient
2235 5940 63 22 sur
2310 5930 33 31 le
2360 5937 155 24 carreau.

1828 5992 97 31 Cette
1946 5988 128 33 netteté
2104 5988 178 32 d'attitude
2297 5988 43 31 do
2369 5987 33 32 la
2419 5987 77 39 part
2512 5986 44 32 du

1788 6031 273 40 gouvernement
2075 6030 104 31 serait
2200 6026 257 40 récompensée,
2474 6026 85 32 d'un

1789 6071 89 37 côté,
1892 6078 61 32 par
1970 6078 46 22 un
2044 6069 103 31 afflux
2176 6067 43 32 de
2242 6066 231 40 républicains
2487 6074 48 22 mo-

1789 6110 113 35 dérés,
1919 6110 41 30 de
1977 6109 133 35 l'autre,
2126 6116 64 31 par
2212 6109 32 30 le
2259 6106 119 31 succès
2395 6106 80 31 d'un
2490 6113 53 22 cer-

1791 6149 87 32 tain,
1891 6149 143 31 nombre
2061 6148 40 32 de
2130 6155 56 24 ces
2213 6146 260 31 conservateurs
2504 6144 38 31 dé-

1792 6188 164 40 couragés
1969 6188 34 32 et
2015 6188 41 32 de
2085 6195 57 24 ces
2169 6187 214 39 catholiques
2402 6183 155 41 résignés

1793 6229 56 38 qui
1866 6228 177 39 spéculent
2066 6234 61 22 sur
2152 6226 50 30 les
2223 6224 227 32 déclarations
2477 6233 83 31 pon-

1783 6263 1 41 I
1795 6268 138 31 tilicales
1949 6274 89 31 pour
2056 6273 38 24 se
2117 6265 146 32 ralliera
2275 6265 34 31 la
2323 6263 234 40 République.

1832 6320 44 32 Et
1897 6319 90 40 puis,
2015 6319 22 30 il
2061 6318 73 31 faut
2159 6317 90 32 tenir
2263 6317 136 39 compte
2413 6317 91 30 aussi
2518 6315 41 31 de

1795 6367 37 24 ce
1845 6359 71 38 fait,
1931 6366 66 31 que
2024 6359 34 30 la
2083 6356 200 41 génération
2309 6357 59 30 des
2398 6357 158 28 hommes

1795 6400 46 30 du
1867 6397 344 39 Quatre-Septembre
2236 6397 52 30 est
2310 6396 81 31 bien
2419 6394 90 32 lasse
2526 6394 33 31 et

1798 6439 79 30 bien
1890 6436 184 33 défraîchie
2089 6445 9 28 ;
2115 6436 124 39 qu'elle
2265 6436 52 31 est
2341 6433 145 40 poussée
2499 6442 60 33 par

1798 6478 59 31 des
1871 6478 157 30 hommes
2047 6483 194 27 nouveaux,
2255 6475 58 39 qui
2327 6482 41 24 ne
2381 6474 178 40 partagont

1796 6516 168 40 peut-être
1993 6523 61 31 pas
2079 6522 53 25 ses
2158 6521 169 25 rancunes
2347 6515 33 30 et
2404 6522 53 24 ses
2487 6513 54 41 pré-

1793 6555 103 41 jugés
1911 6557 34 30 et
1957 6555 58 39 qui
2042 6554 233 32 consentiront
2302 6554 167 39 peut-être
2484 6554 20 31 à
2519 6560 40 25 ne

1798 6605 63 32 pas
1877 6594 196 33 considérer
2100 6594 34 31 la
2158 6593 117 32 moitié
2304 6593 43 31 de
2376 6593 34 31 la
2432 6593 128 32 France

1799 6645 133 22 comme
1946 6644 69 21 une
2033 6633 201 40 population
2256 6632 144 33 vaincue
2415 6632 115 32 bonne
2543 6632 17 32 à

1799 6677 124 31 mettre
1936 6676 80 31 hors
2034 6676 33 31 la
2081 6673 56 34 loi.

1838 6730 27 31 Il
1878 6737 37 25 se
1929 6730 152 45 pourrait
2095 6730 67 32 fort
2177 6730 78 32 bien
2269 6729 139 40 qu'avec
2430 6736 45 22 un
2496 6735 66 32 peu

1798 6769 22 38 d
1831 6770 190 35 uûbiletéot
2031 6770 41 32 de
2086 6769 155 38 fermeté,
2251 6769 31 32 le
2294 6768 270 40 gouvernement

1800 6814 126 33 arrivât
1952 6813 20 32 à
2000 6811 176 41 organiser
2204 6810 84 31 dans
2320 6809 34 30 la
2380 6808 182 39 prochaine

1799 6854 171 33 Chambre
1995 6861 66 24 une
2085 6848 158 44 majorité
2267 6848 41 32 de
2334 6847 228 40 républicains

1801 6894 158 33 modérés
1976 6902 81 25 avec
2072 6892 150 40 lesquels
2246 6888 22 33 il
2290 6887 155 44 pourrait
2470 6887 92 34 vivre

1801 6938 74 31 tant
1889 6937 78 32 bien
1983 6944 66 31 que
2065 6933 80 32 mal.

1841 6989 81 32 Cela
1943 6996 44 24 ne
2002 6986 155 33 rendrait
2177 6984 244 34 certainement
2447 6991 63 33 pas
2535 6984 31 30 la

1801 7029 217 40 République
2034 7028 174 37 éternelle,
2225 7033 102 33 parce
2342 7033 66 32 que
2421 7025 50 31 les
2496 7023 53 32 fau-

1805 7069 50 31 tes
1894 7069 182 31 commises
2111 7068 138 32 doivent
2281 7068 71 30 être
2385 7064 124 41 payées
2535 7064 31 31 et

1793 7103 1 44 I
1801 7115 103 32 parce
1917 7116 67 31 que
2001 7108 48 33 les
2066 7108 157 33 hommes
2245 7108 58 39 qui
2321 7108 59 30 ont
2394 7103 171 43 gouverné

1793 7146 45 46 'la
1850 7147 220 45 République
2092 7149 58 32 ont
2174 7146 177 37 accumulé
2376 7147 59 33 des
2458 7146 107 33 fautes

2595 1289 58 40 qui
2669 1291 35 30 la
2717 1290 137 32 tueront
2875 1291 211 39 fatalement,
3102 1292 113 32 même
3242 1292 43 32 si,
3299 1293 63 31 elle

2596 1330 158 32 devenait
2772 1331 229 32 raisonnable.

2634 1383 87 32 Mais
2738 1384 72 32 cela
2823 1383 48 33 lui
2885 1384 181 33 donnerait
3084 1385 169 39 peut-être
3269 1388 72 39 quel-

2596 1430 84 32 ques
2695 1422 126 33 années
2836 1424 43 32 de
2894 1424 78 40 plus
2986 1426 21 31 à
3021 1426 105 33 vivre.

2634 1478 39 32 Je
2687 1486 44 24 ne
2746 1479 70 31 suis
2829 1486 63 32 pas
2910 1478 226 41 républicain,
3155 1480 35 40 je
3207 1487 43 26 ne
3263 1481 33 32 le
3312 1487 32 26 se-

2594 1519 48 30 rai
2661 1518 146 39 jamais;
2824 1519 99 37 mais,
2940 1526 40 24 en
3001 1520 94 31 toute
3116 1520 115 32 bonne
3253 1521 59 38 foi,
3333 1521 26 31 si

2590 1558 112 40 j'étais
2730 1558 223 40 républicain,
2978 1559 90 33 voilà
3090 1567 38 25 ce
3149 1569 66 31 que
3240 1560 37 40 je
3305 1560 37 33 de-

2594 1599 207 30 manderais.

2633 1652 196 38 D'ailleurs,
2855 1662 90 24 nous
2982 1655 128 37 autres,
3146 1654 209 34 adversaires

2596 1691 209 33 déterminés
2822 1693 40 32 de
2875 1695 33 30 la
2927 1694 233 40 République,
3175 1702 86 25 nous
3275 1703 60 32 pou-

2594 1742 85 24 vons
2693 1734 71 32 être
2778 1734 80 32 bien
2874 1735 216 39 tranquilles.

2633 1787 130 32 Jamais
2776 1787 48 33 les
2857 1787 233 40 républicains
3128 1787 159 34 n'auront
3326 1789 30 31 le

2597 1835 146 32 courage
2758 1827 44 32 de
2816 1827 84 32 faire
2924 1837 35 22 ce
2986 1828 164 38 sacrifice,
3165 1838 69 35 que
3257 1830 74 32 Gam-

2594 1869 96 30 betta
2705 1869 213 39 entrevoyait
2930 1869 116 39 quand
3059 1869 24 30 il
3093 1869 100 31 disait
3204 1870 81 39 qu'il
3299 1870 43 30 fal-

2594 1907 59 31 lait
2669 1918 15 18 «
2696 1916 126 31 couper
2836 1916 39 24 sa
2891 1917 112 37 queue
3020 1918 15 19 »
3051 1910 34 30 et
3100 1909 125 31 devant
3240 1909 116 39 lequel

2593 1948 230 38 ilatoujours,
2835 1948 185 38 d'ailleurs,
3035 1948 115 32 reculé
3164 1949 190 31 lui-môme.

2633 2001 47 31 Le
2694 2001 70 32 bon
2777 2001 43 31 M.
2849 2001 126 32 Carnot
2989 2008 44 25 va
3047 2009 89 24 nous
3167 2001 132 32 donner
3313 2010 43 22 un

2594 2040 175 32 ministère
2783 2041 41 32 de
2841 2041 272 37 concentration,
3129 2041 57 39 qui
3201 2041 155 32 tombera

2593 2088 133 24 comme
2751 2080 48 32 les
2837 2082 113 30 autres
2981 2081 33 31 et
3043 2088 89 32 pour
3146 2081 51 31 les
3228 2081 128 32 mômes

2593 2128 120 22 causes
2730 2130 67 30 que
2805 2120 47 32 les
2870 2121 126 31 autres.

2630 2172 52 31 On
2696 2173 136 31 bâclera
2848 2174 74 30 tant
2950 2174 80 31 bien
3046 2181 67 32 que
3129 2176 69 31 mal
3214 2183 46 22 un
3273 2176 63 31 bud-

2590 2213 58 38 get
2673 2213 215 40 quelconque
2917 2222 81 24 avec
3026 2215 48 31 les
3092 2215 89 31 deux
3207 2223 44 22 ou
3274 2216 81 30 trois

2591 2254 77 30 cent
2682 2252 150 32 millions
2846 2255 43 30 de
2903 2252 112 32 déficit
3030 2254 220 39 obligatoires
3266 2255 33 32 et
3313 2262 43 24 on

2591 2294 152 30 arrivera
2757 2294 201 31 cahin-caha
2970 2301 66 24 aux
3046 2294 172 32 élections.

2629 2346 59 37 Là,
2717 2353 43 24 on
2786 2346 280 32 récommencera
3091 2346 124 33 devant
3229 2347 32 32 le
3288 2347 51 32 suf-

2590 2385 96 40 frage
2700 2386 170 31 universel
2883 2386 34 31 la
2942 2386 92 32 farce
3052 2386 263 32 traditionnelle.

2628 2440 66 33 Les
2709 2441 142 39 députés
2863 2443 44 30 de
2935 2443 78 31 1889
3038 2444 135 31 avaient
3197 2443 54 32 été
3283 2444 72 32 élus

2590 2489 81 22 avec
2687 2481 34 30 la
2737 2480 143 31 mission
2896 2481 41 31 de
2963 2490 44 22 ne
3031 2483 84 31 faire
3129 2483 33 30 ni
3178 2483 177 39 emprunts

2589 2520 34 28 ni
2650 2519 128 40 impôts
2805 2529 180 24 nouveaux
2995 2531 12 27 ;
3037 2522 40 31 ils
3091 2523 94 30 n'ont
3209 2523 59 31 l'ait
3292 2531 64 30 que

2590 2561 84 28 cela.

2629 2613 66 32 Les
2715 2614 178 31 candidats
2910 2614 43 31 de
2968 2614 78 32 1898
3061 2616 233 37 promettront
3315 2614 40 32 de

2590 2660 44 24 ne
2655 2660 63 32 pas
2743 2653 202 39 emprunter
2968 2654 35 32 et
3028 2653 43 32 de
3098 2662 44 24 ne
3170 2662 63 31 pas
3262 2653 93 33 créer

2591 2692 162 39 d'impôts
2765 2700 191 24 nouveaux.

2629 2745 53 31 En
2696 2745 89 37 1894,
2800 2745 43 31 ils
2857 2745 113 32 feront
2982 2746 187 39 l'emprunt
3177 2746 43 32 de
3229 2757 45 21 un
3286 2747 53 30 mil-

2590 2785 87 31 liard
2693 2793 44 22 ou
2753 2793 47 22 un
2815 2784 150 32 milliard
2981 2786 33 30 et
3030 2785 104 38 demi,
3162 2786 84 31 dont
3270 2786 85 31 Paul

2589 2824 294 40 Leroy-Beaulieu
2894 2823 207 33 démontrait
3110 2825 74 32 hier
3200 2825 34 31 la
3247 2825 91 32 néces-

2590 2861 74 34 sité.

2630 2916 46 32 Ils
2693 2917 196 37 établiront,
2903 2926 89 31 pour
3001 2919 51 31 les
3074 2926 118 32 gager,
3209 2927 65 24 une
3293 2920 47 30 cin-

2590 2957 187 39 quantaine
2811 2957 41 31 de
2887 2957 151 31 millions
3080 2949 161 48 d'impôts
3276 2966 60 25 nou-

2590 3005 123 28 veaux,
2730 2998 33 30 et
2776 2998 32 30 le
2818 2996 152 38 suffrage
2986 2996 171 32 universel
3182 3005 78 25 sera
3283 3006 54 24 con-

2590 3038 73 28 tent
2681 3037 138 39 jusqu'à
2832 3044 38 24 ce
2883 3037 105 39 qu'an
2999 3037 80 38 jour
3107 3035 24 32 il
3158 3044 37 24 se
3222 3038 133 32 réveille

2590 3084 44 22 en
2648 3077 111 38 pleine
2772 3077 123 31 lessive
2909 3074 196 39 financière,
3137 3077 159 32 militaire
3327 3079 28 30 et

2590 3116 137 30 sociale.

2630 3172 112 35 Alors,
2759 3174 24 28 il
2798 3174 161 31 maudira
2973 3174 34 31 la
3030 3171 219 41 République
3280 3175 79 39 qu'il

2594 3213 165 35 acclame,
2767 3214 34 28 et
2816 3214 22 28 il
2852 3214 77 30 n'en
2944 3214 130 30 restera
3084 3220 61 32 pas
3159 3214 112 30 moins
3287 3221 54 32 per-

2591 3252 109 31 suadé
2714 3250 80 40 qu'il
2810 3260 20 22 a
2846 3253 157 37 toujours
3032 3250 53 32 été
3112 3253 35 30 la
3170 3260 123 24 source
3318 3253 41 31 de

2594 3292 93 30 toute
2699 3291 136 38 justice,
2850 3292 40 31 de
2907 3292 74 31 tout
2995 3292 71 31 bon
3080 3299 80 22 sens
3187 3293 33 30 et
3233 3292 41 32 de
3287 3293 72 30 tout

2593 3330 102 30 droit.

3047 3385 38 32 J.
3109 3385 184 38 Cornély.

2595 3496 51 31 Le
2659 3495 156 32 MATIN
2831 3495 169 40 publiera
3012 3495 143 32 demain
3169 3504 47 22 un
3230 3495 125 32 article

2676 3553 45 31 de
2740 3554 48 28 M.
2807 3553 273 31 EMMANUEL
3098 3546 176 38 ARÈNE.

2725 3657 217 46 ÉLECTIONS
2965 3664 261 39 MUNICIPALES

2594 3765 52 28 La
2666 3765 247 37 composition
2935 3767 48 28 du
3000 3765 141 30 conseil
3217 3765 54 28 On
3294 3765 41 28 de-

2635 3804 131 28 mande
2776 3804 34 28 le
2822 3803 141 30 scrutin
2974 3803 348 31 d'arrondissement

2740 3842 208 31 Différence
2986 3843 45 30 de
3061 3841 220 40 population

2714 3882 65 30 des
2796 3882 331 38 circonscriptions
3143 3881 79 31 élec-

2773 3920 139 31 torales
3002 3924 51 27 Le
3085 3920 99 31 droit

2887 3969 180 20 commun.

2627 4056 61 27 Les
2701 4056 152 27 élections
2870 4055 210 35 municipales
3097 4056 72 27 sont
3183 4056 135 33 proches
3330 4058 30 25 et

2591 4089 65 30 l'on
2670 4089 110 35 s'agite
2798 4090 79 27 dans
2891 4089 48 28 les
2957 4097 141 28 groupes
3125 4089 168 37 politiques
3324 4090 35 30 de

2596 4124 30 28 la
2639 4124 139 35 capitale.
2794 4126 129 34 Voyons
2946 4131 35 21 ce
3004 4133 61 27 que
3087 4126 46 27 les
3156 4124 150 30 élections
3321 4127 38 27 de

2594 4160 69 28 1890
2675 4160 125 27 avaient
2816 4160 104 28 donné
2936 4167 39 21 au
2988 4160 89 35 point
3093 4160 39 27 de
3145 4167 63 21 vue
3221 4160 37 30 de
3273 4161 30 28 la
3313 4167 31 21 re-

2594 4194 222 35 présentation.

2663 4238 226 37 Républicains
2913 4239 146 30 modérés
3256 4240 35 28 16

2917 4273 142 30 libéraux
3273 4276 19 28 2

2916 4309 149 28 radicaux
3255 4310 35 28 36

2663 4344 180 31 Socialistes
2862 4344 214 43 possibilistes
3272 4345 19 28 8

2864 4380 196 34 blanquistes
3270 4381 21 27 3

2665 4415 176 35 Royalistes
3256 4416 35 28 lo

2666 4450 233 35 Bonapartistes
3273 4452 15 27 I

2663 4486 221 34 Boulangistes
3270 4486 20 26 2

3255 4557 35 28 80

2628 4605 24 27 Il
2683 4612 20 27 y
2733 4605 63 32 eut,
2824 4611 40 22 au
2897 4604 137 37 premier
3063 4606 70 27 tour
3159 4604 40 30 de
3227 4605 131 34 scrutin,

2591 4641 119 33 366,147
2725 4642 136 31 votants,
2877 4641 100 34 parmi
2992 4641 141 34 lesquels
3145 4639 104 33 17,915
3262 4641 81 28 bulle-

2593 4675 63 28 tins
2672 4675 110 27 blancs
2798 4682 41 20 ou
2851 4675 74 27 nuls
2946 4682 43 20 ou
3004 4675 158 33 suffrages
3177 4675 164 35 d'indépen-

2591 4710 103 28 dants.
2709 4709 25 28 Il
2750 4717 19 27 y
2784 4710 54 27 eut
2854 4716 39 21 en
2907 4716 124 21 somme
3040 4709 119 33 348,232
3169 4710 125 28 votants
3306 4710 52 37 qui

2591 4754 34 20 se
2641 4744 237 35 répartissaient
2893 4744 81 28 ainsi
2987 4744 73 35 qu'il
3077 4744 65 28 suit
3156 4753 6 20 :

2591 4793 222 35 Républicains
2838 4793 86 27 mod.
2985 4793 104 28 38.377
3109 4793 63 27 soit
3209 4793 87 30 11.02
3315 4793 44 35 °/°

2843 4827 84 30 lib...
3006 4828 87 27 6.689
3226 4828 73 30 1.92

2656 4863 4 30 .
2838 4863 86 28 rad..
2968 4863 125 28 113.240
3204 4864 90 27 32.52

2591 4898 178 32 Socialistes
2780 4897 146 37 possibil.
2988 4898 105 28 4-1.885
3207 4899 89 28 12.02

2785 4933 143 34 blanq...
3005 4933 89 28 5.980
3222 4935 73 27 1.72

2591 4970 176 35 Royalistes
2988 4968 105 28 24.865
3223 4969 72 27 7.14

2591 5004 235 37 Bonapartistes
3006 5002 89 30 1.599
3223 5002 72 28 0.46

2591 5041 221 34 Boulangistes
2969 5037 124 30 115.597
3206 5036 90 31 33..20

2966 5108 123 30 348.232
3191 5108 104 30 100.00

2627 5161 44 27 Le
2683 5159 111 30 chiffre
2810 5158 56 28 des
2881 5157 198 28 abstentions
3092 5163 40 21 ne
3148 5156 48 28 fut
3215 5164 57 27 pas
3294 5157 65 27 très

2591 5196 99 30 élevé.
2708 5196 43 27 Le
2766 5193 176 30 maximum
2956 5191 58 30 des
3028 5191 197 28 abstentions
3253 5191 46 30 fut
3307 5192 35 28 ob-

2591 5233 77 26 tenu
2681 5230 79 28 dans
2773 5229 28 28 le
2835 5226 154 30 huitième
3014 5225 272 30 arrondissement
3301 5235 7 26 ;
3335 5228 22 28 il

2591 5268 50 27 fut
2656 5265 39 30 de
2708 5265 34 28 40
2754 5264 53 35 0/0
2823 5272 8 25 ;
2851 5263 28 28 le
2914 5262 168 30 minimum
3117 5262 78 28 dans
3227 5262 28 27 le
3281 5262 58 30 dou-

2591 5301 104 28 zième
2709 5308 74 20 avec
2797 5301 35 27 20
2845 5300 53 34 0/0
2911 5307 7 25 ;
2948 5298 79 28 mais
3060 5297 30 28 la
3119 5304 156 28 moyenne
3301 5297 57 30 des

2590 5335 198 31 abstentions
2802 5335 48 30 fut
2862 5334 40 30 de
2916 5334 35 28 25
2965 5334 19 27 à
2998 5334 35 27 30
3046 5334 61 33 0/0.

2732 5399 50 31 La
2798 5395 230 43 proposition
3041 5394 175 32 Vaillant.

2628 5467 44 26 Le
2687 5464 213 28 recrutement
2929 5461 57 28 des
3017 5460 184 30 conseillers
3223 5461 113 28 munici-

2593 5509 99 28 paux,
2708 5499 117 28 obtenu
2845 5504 56 30 par
2930 5497 58 27 des
3001 5497 224 35 prescriptions
3239 5497 100 34 spécia-

2591 5537 47 27 les
2650 5536 54 34 qui
2721 5536 71 26 sont
2804 5533 57 28 des
2875 5531 200 35 dérogations
3104 5539 41 20 au
3171 5531 120 34 régime
3318 5531 39 28 de

2591 5571 84 30 droit
2685 5576 149 21 commun
2850 5567 99 28 édicté
2969 5575 56 27 par
3053 5567 207 34 l'application
3283 5565 18 30 à
3327 5568 30 26 la

2591 5606 132 35 capitale
2737 5604 38 28 de
2787 5604 30 27 la
2831 5602 41 28 loi
2888 5602 44 28 du
2944 5601 18 28 5
2980 5601 77 28 avril
3086 5602 78 33 1884,
3181 5608 19 20 a
3226 5601 131 28 soulevé

2593 5641 137 30 souvent
2743 5641 57 27 des
2812 5636 224 38 protestations
3053 5636 39 28 de
3106 5636 31 28 la
3156 5637 70 40 part
3239 5636 57 28 des
3312 5636 31 28 in-

2591 5675 150 31 téressés.
2774 5673 227 30 L'imminence
3047 5672 58 27 des
3151 5670 151 28 élections
3339 5679 17 20 a

2591 5711 106 30 donné
2708 5711 27 27 le
2747 5709 73 35 jour
2833 5708 19 28 à
2864 5713 63 22 une
2955 5706 195 37 proposition
3165 5706 39 27 de
3220 5706 40 27 M.
3275 5706 65 27 Vail-

2594 5747 65 28 lant
2673 5744 191 30 demandant
2877 5743 18 28 à
2910 5743 47 28 cet
2972 5741 96 37 égard
3092 5740 208 37 l'application
3314 5741 41 30 du

2593 5780 83 31 droit
2686 5786 159 24 commun.

2630 5817 39 28 M.
2688 5815 231 35 Champoudry,
2936 5819 40 22 au
2999 5817 74 22 nom
3100 5810 44 30 du
3171 5810 117 31 bureau
3314 5811 41 30 du

2596 5850 130 34 conseil,
2741 5858 17 20 a
2773 5858 41 21 eu
2829 5850 18 27 à
2859 5849 77 27 faire
2950 5856 45 20 un
3017 5849 128 33 rapport
3156 5854 54 21 sur
3226 5848 30 27 la
3263 5855 76 27 ques-

2594 5888 77 28 tion.
2688 5887 25 28 Il
2727 5885 125 30 conclut
2867 5891 40 21 en
2921 5883 107 28 faveur
3041 5883 39 26 de
3094 5882 30 27 la
3136 5882 85 39 prise
3234 5888 38 22 en
3286 5889 54 22 con-

2594 5921 171 31 sidération
2780 5921 39 28 de
2835 5921 30 26 la
2878 5917 195 43 proposition
3086 5916 144 30 Vaillant.

2630 5957 31 30 Si
2674 5957 85 28 Paris
2773 5955 131 30 rentrait
2923 5954 79 27 dans
3019 5953 28 27 le
3060 5953 83 27 droit
3156 5960 161 26 commun,
3326 5953 28 27 le

2596 5993 102 37 préfet
2721 5993 38 26 de
2773 5992 30 27 la
2817 5989 92 30 Seine
2937 5989 31 28 et
2981 5988 28 28 le
3032 5987 98 37 préfet
3145 5988 39 28 de
3197 5987 102 37 police
3311 5994 33 21 se-

2596 6028 100 28 raient
2721 6025 174 40 remplacés
2923 6031 54 27 par
3007 6031 43 20 un
3066 6024 131 34 pouvoir
3222 6022 137 28 exécutif

2597 6061 148 37 composé
2771 6061 76 28 d'un
2872 6059 97 28 maire
2985 6060 31 26 et
3039 6058 167 35 d'adjoints
3219 6058 70 28 élus
3304 6065 56 28 par

2597 6098 28 30 le
2640 6097 129 30 conseil.
2783 6097 44 26 La
2838 6094 99 35 police
2952 6093 191 35 municipale
3155 6092 96 30 serait
3262 6093 81 28 direc-

2598 6135 116 27 tement
2731 6130 105 39 placée
2863 6136 77 24 sous
2953 6130 47 27 les
3020 6129 109 28 ordres
3144 6128 56 28 des
3217 6128 67 28 élus
3300 6129 57 28 des

2587 6163 1 41 !
2597 6168 235 37 représentants
2857 6165 39 30 de
2911 6165 28 28 la
2965 6163 190 38 population.
3172 6163 45 30 La
3230 6163 73 30 ville
3319 6163 38 30 de

2597 6204 86 28 Paris
2691 6203 84 30 aurai
2780 6204 12 25 t
2797 6201 80 28 droit
2882 6201 19 28 à
2909 6200 308 37 quatre-vingt-seize
3226 6198 117 30 conseil-

2597 6241 63 26 lers
2678 6247 43 20 au
2733 6239 60 27 lieu
2810 6237 39 27 de
2863 6235 241 35 quatre-vingts,
3125 6241 34 21 ce
3175 6234 64 35 qui,
3256 6234 45 28 dit
3313 6234 41 27 M.

2597 6273 233 35 Champoudry,
2861 6279 40 20 ne
2914 6269 94 30 serait
3034 6276 56 28 pas
3102 6269 19 28 à
3135 6268 170 37 dédaigner
3319 6275 39 21 en

2597 6309 106 28 raison
2722 6307 44 28 du
2779 6306 133 30 nombre
2940 6304 216 30 considérable
3170 6305 155 27 d'affaires
3341 6304 18 28 à

2598 6344 161 28 examiner
2773 6344 31 27 et
2823 6341 38 30 de
2874 6341 28 28 la
2928 6339 183 38 répartition
3125 6340 57 28 des
3197 6339 161 28 membres

2598 6379 43 28 du
2666 6378 118 30 conseil
2810 6378 87 27 entre
2923 6376 39 28 de
2988 6374 209 30 nombreuses
3214 6374 125 28 commis-

2598 6415 104 33 sions;
2734 6413 27 27 la
2791 6411 70 30 date
2889 6410 57 28 des
2986 6410 150 27 élections
3162 6410 197 35 parisiennes

2598 6446 215 31 concorderait
2841 6452 77 22 avec
2929 6444 78 31 celle
3027 6444 57 30 des
3099 6445 105 28 autres
3221 6451 116 22 commu-

2598 6493 58 19 nes
2675 6484 39 27 de
2733 6484 128 27 France.

2635 6521 102 33 Enfin,
2751 6520 69 27 tout
2833 6524 35 22 ce
2894 6516 53 37 qui
2962 6515 115 30 touche
3091 6522 40 22 au
3145 6515 83 28 droit
3239 6515 38 30 de
3291 6522 53 22 con-

2602 6555 143 30 vocation
2759 6554 45 30 du
2816 6553 130 33 conseil,
2974 6550 19 30 à
3014 6559 35 21 sa
3064 6552 203 34 suspension,
3293 6552 19 28 à
3326 6559 35 21 sa

2603 6591 200 32 dissolution,
2830 6591 70 31 etc.,
2916 6588 84 32 etc.,»
3015 6586 94 30 serait
3139 6586 87 37 réglé
3253 6593 54 30 par
3333 6586 28 28 le

2603 6626 96 28 maire
2719 6633 39 20 au
2774 6625 63 27 lieu
2849 6625 39 28 de
2916 6622 123 30 tomber
3056 6628 77 24 sous
3157 6621 31 30 la
3208 6628 100 32 coupe
3319 6621 43 30 du

2604 6661 102 37 préfet
2714 6661 38 28 de
2781 6659 30 30 la
2825 6659 102 30 Seine.
2957 6658 44 27 La
3022 6658 89 28 seule
3125 6658 183 37 dérogation
3324 6665 38 21 au

2603 6697 81 28 droit
2698 6703 149 22 commun
2859 6692 172 31 demandée
3048 6700 56 28 par
3118 6693 46 28 les
3181 6692 181 35 conscilers,

2602 6733 78 28 c'est
2693 6733 28 27 la
2735 6730 263 31 reconnaissance
3012 6729 144 28 officielle
3168 6729 93 30 d'une
3276 6728 71 28 rétri-

2603 6769 109 28 bution
2731 6767 190 37 pécuniaire.

2772 6830 50 31 Le
2838 6829 120 40 projet
2974 6828 219 32 Grébauval.

2639 6893 100 39 Après
2754 6894 80 31 cette
2849 6893 204 38 proposition,
3067 6892 21 27 il
3104 6891 149 28 convient
3267 6889 85 35 égale-

2603 6934 87 27 ment
2706 6933 39 27 de
2756 6931 102 35 parler
2882 6930 74 28 d'un
2980 6927 100 37 projet
3104 6926 66 35 qu'a
3191 6925 117 37 déposé
3321 6925 41 31 M.

2603 6966 175 31 Grébauval
2799 6967 31 27 et
2855 6965 53 37 qui
2941 6966 50 26 est
3014 6970 44 22 vu
3078 6969 77 21 avec
3184 6960 109 31 faveur
3312 6967 56 30 par

2604 7004 30 28 la
2647 7003 143 37 majorité
2802 7003 43 27 du
2857 6999 129 31 conseil.

2641 7039 40 30 Ce
2695 7038 165 31 conseiller
2881 7036 135 31 réclame
3028 7043 61 21 une
3105 7035 149 31 nouvelle
3266 7032 87 37 répar-

2608 7075 87 30 tition
2712 7075 56 28 des
2778 7074 285 35 circonscriptions,
3078 7071 53 35 qui
3145 7072 171 38 permettra
3332 7069 39 31 de

2604 7110 130 31 rétablir
2751 7110 28 28 la
2796 7107 278 40 proportionnalité
3096 7113 87 26 entre
3197 7109 30 28 le
3240 7108 131 28 nombre

2608 7147 56 31 des
2680 7147 235 34 représentants
2941 7146 39 32 de
3001 7147 30 31 la
3045 7146 130 35 capitale
3191 7146 31 32 et
3236 7142 83 37 celui
3333 7142 43 34 ds.

3405 1117 53 22 ses
3471 1111 169 30 habitants.
3670 1113 43 30 Ce
3729 1113 103 35 mode,
3856 1114 74 30 c'est
3951 1115 28 30 le
3994 1116 119 30 scrutin
4126 1116 38 30 de

3405 1146 71 28 liste
3496 1155 61 27 par
3566 1148 279 30 arrondissement.

3441 1182 86 30 Dans
3554 1189 58 21 son
3628 1183 118 40 exposé
3769 1185 58 28 des
3840 1186 116 34 motifs,
3970 1187 41 28 M.
4028 1187 117 30 Grébau-

3403 1218 50 27 val
3481 1218 56 28 fait
3550 1220 146 26 ressortir
3710 1219 46 27 les
3777 1220 248 30 considérations
4042 1224 105 27 suivan-

3402 1253 48 28 tes
3471 1260 6 20 :
3507 1252 289 31 l'arrondissement
3807 1256 103 30 actuel
3925 1258 48 27 est
3984 1258 180 34 représenté

3403 1287 247 31 uniformément
3666 1297 51 27 par
3732 1292 109 32 quatre
3869 1292 184 30 conseillers
4065 1293 79 30 muni-

3403 1324 126 38 cipaux;
3547 1324 19 28 il
3579 1332 39 21 en
3631 1324 119 31 résulte
3758 1325 56 30 des
3827 1325 163 37 inégalités
4007 1329 137 35 choquan-

3403 1361 57 28 tes.
3475 1361 45 28 On
3535 1362 141 34 voit,(par
3689 1362 155 34 exemple,
3853 1362 40 28 M.
3909 1363 144 28 Rouanet
4067 1364 97 35 avoir,

3400 1396 19 28 à
3433 1396 231 35 Clignancourt,
3693 1404 44 21 un
3767 1396 120 37 collège
3913 1397 39 30 de
3966 1400 100 33 18,795
4084 1400 63 28 élec-

3400 1433 98 33 teurs,
3517 1433 103 28 tandis
3634 1440 61 28 que
3707 1433 40 28 M.
3776 1433 132 35 Dubois,
3944 1434 118 28 d'autre
4081 1436 79 34 part,

3400 1474 39 20 en
3454 1474 19 20 a
3487 1468 79 32 1,601
3583 1468 78 28 dans
3674 1468 28 28 le
3717 1468 138 35 quartier
3873 1469 39 28 de
3927 1468 30 30 la
3970 1469 105 31 Santé.

3484 1502 24 27 Il
3521 1502 92 35 yalà
3626 1511 44 21 un
3684 1504 118 35 danger
3822 1512 106 27 grave,
3959 1513 83 20 nous
4068 1505 80 35 expli-

3399 1545 63 27 que
3476 1539 41 27 M.
3534 1538 187 34 Grébauval,
3738 1546 52 21 car
3813 1540 79 28 cette
3920 1539 137 30 division
4085 1540 63 28 élec-

3398 1572 98 30 torale
3511 1581 40 21 ne
3567 1574 120 34 permet
3703 1580 54 30 pas
3772 1574 18 28 à
3807 1577 72 27 tous
3892 1576 46 28 les
3954 1574 131 30 intérêts
4101 1576 46 28 d'ê-

3397 1610 48 27 tre
3457 1609 156 30 défendus
3640 1618 40 21 au
3694 1610 118 28 conseil
3826 1618 39 21 en
3889 1610 107 28 raison
4025 1611 39 28 de
4085 1611 63 27 l'im-

3399 1645 148 34 portance
3561 1644 57 30 des
3639 1645 211 35 populations,
3872 1645 89 30 seule
3986 1646 76 28 base
4087 1646 61 34 logi-

3399 1687 60 30 que
3471 1687 159 22 reconnue
3645 1688 39 21 en
3703 1680 131 30 matière
3857 1681 40 28 de
3926 1682 139 35 suffrage
4093 1682 52 30 uni-

3398 1716 112 28 versel.

3433 1752 178 30 Demander
3626 1752 30 28 le
3681 1752 230 30 remaniement
3927 1753 38 28 de
3979 1753 31 28 la
4023 1754 84 27 carte
4123 1754 39 27 de

3397 1787 98 33 Paris,
3514 1787 59 28 soit
3586 1794 79 28 pour
3679 1789 188 33 augmenter
3882 1788 30 27 le
3941 1787 132 30 nombre
4106 1788 56 28 des

3398 1822 167 34 quartiers,
3581 1822 63 28 soit
3657 1830 79 28 pour
3763 1822 46 30 les
3836 1822 157 28 délimiter
4018 1824 79 28 dans
4123 1824 39 28 de

3397 1857 182 30 meilleures
3594 1858 188 34 conditions,
3810 1858 96 28 serait
3928 1866 63 20 une
4022 1859 139 34 besogne

3398 1892 129 28 délicate
3542 1894 31 26 et
3587 1900 76 21 sans
3677 1892 100 30 utilité
3793 1892 207 37 appréciable,
4028 1893 28 28 le
4071 1900 73 33 quar-

3397 1928 58 28 tier
3469 1929 124 34 n'ayant
3606 1929 117 34 qu'une
3741 1929 159 28 existence
3914 1928 104 28 fictive
4031 1936 113 27 unique-

3397 1963 236 30 mentdestinée
3647 1963 18 28 à
3678 1963 210 37 l'application
3899 1963 43 30 du
3958 1963 120 30 scrutin
4094 1964 52 28 uni-

3397 1998 150 27 nominal.

3431 2033 315 35 L'arrondissement,
3763 2042 40 21 au
3822 2034 163 34 contraire,
4003 2034 100 30 forme
4117 2041 41 21 un

3397 2070 67 26 tout
3481 2069 90 35 légal.
3598 2070 61 27 Les
3685 2069 242 35 municipalités,
3963 2070 46 27 les
4041 2070 118 27 caisses

3398 2105 144 33 d'écoles,
3568 2105 48 28 les
3640 2105 143 28 bureaux
3809 2105 39 27 de
3876 2105 213 28 bienfaisance
4117 2105 41 27 lui

3398 2139 138 28 donnent
3562 2146 64 22 une
3653 2140 51 28 vie
3730 2146 113 30 propre
3872 2140 99 27 locale
3993 2139 149 28 indiscuta-

3397 2174 59 28 ble.
3475 2176 24 27 Il
3515 2174 51 35 n'y
3580 2176 102 27 aurait
3696 2176 80 27 donc
3796 2174 71 35 qu'à
3892 2174 43 28 lui
3959 2174 149 28 accorder
4134 2174 25 28 la

3398 2210 214 34 personnalité
3645 2210 165 38 éjectorale
3841 2210 170 32 collective,
4050 2210 109 27 établie

3398 2252 56 21 sur
3468 2244 28 28 le
3511 2244 139 37 principe
3676 2244 39 28 de
3742 2244 28 28 la
3800 2243 278 37 proportionnalité
4104 2244 54 30 des

3398 2280 210 28 mandataires
3624 2288 61 20 aux
3700 2278 177 31 mandants.

3552 2342 51 31 La
3620 2341 165 40 capacité
3802 2341 208 32 électorale.

3431 2407 60 28 Les
3507 2407 85 28 deux
3607 2413 52 22 cas
3685 2407 157 28 extrêmes
3856 2413 64 28 que
3944 2408 60 27 cite
4024 2406 135 30 l'auteur

3397 2441 44 28 du
3454 2443 102 34 projet
3569 2443 81 32 sont,
3670 2448 39 21 en
3736 2443 83 33 effet,
3843 2441 64 28 très
3933 2443 156 34 typiques.
4104 2443 25 27 Il
4144 2450 14 20 a

3398 2477 73 27 suffi
3484 2484 41 20 au
3541 2477 165 28 conseiller
3732 2477 44 28 du
3800 2477 137 35 quartier
3964 2484 38 21 ae
4028 2477 28 27 la
4070 2477 89 28 Santé

3398 2512 151 28 d'obtenir
3563 2512 53 27 743
3624 2511 72 31 voix
3705 2518 80 30 pour
3796 2512 65 27 être
3868 2511 52 30 élu
3927 2512 132 34 ;idansle
4072 2519 70 28 quar-

3397 2546 59 28 tier
3470 2548 39 27 de
3522 2546 234 34 Clignancourt,
3765 2546 21 28 il
3796 2555 17 20 a
3823 2548 76 27 fallu
3908 2548 84 33 6,009
4004 2548 155 34 suffrages

3398 2589 79 27 pour
3490 2581 190 30 déterminer
3707 2575 154 34 l'élection
3887 2583 32 26 et
3946 2584 72 26 tous
4049 2582 47 28 les
4109 2590 33 20 au-

3397 2620 65 25 tres
3490 2617 170 34 suffrages,
3691 2616 185 30 c'est-à-dire
3907 2614 92 38 7,815,
4030 2620 53 26 ont
4114 2617 45 28 été

3398 2652 141 34 comptés
3555 2659 79 27 pour
3648 2652 79 28 rien.

3433 2687 47 28 Un
3509 2686 126 30 ouvrier
3667 2686 38 28 de
3739 2686 224 37 Clignancorurt
3984 2694 18 21 a
4020 2687 53 30 dix
4101 2687 58 28 fois

3398 2722 105 28 moins
3519 2722 38 28 de
3572 2721 138 35 capacité
3723 2721 164 30 électorale
3911 2722 97 34 qu'un
4020 2722 138 28 habitant

3398 2757 43 28 du
3456 2757 138 35 quartier
3608 2757 123 28 Galllon
3757 2758 31 26 et
3814 2757 72 35 près
3914 2757 39 28 de
3985 2757 100 28 douze
4102 2757 57 28 fois

3399 2792 104 28 moins
3535 2792 97 35 qu'un
3665 2791 141 30 habitant
3840 2792 41 28 du
3913 2791 138 37 quartier
4080 2792 38 28 de
4134 2792 25 28 la

3398 2828 103 27 Santé.

3436 2863 86 28 Cette
3548 2862 157 30 anomalie
3732 2862 83 30 avait
3841 2862 70 35 déjà
3939 2863 175 35 préoccupé
4135 2863 26 27 le

3398 2900 253 33 gouvernement
3665 2897 162 30 lui-même
3836 2898 64 34 qui,
3914 2897 78 30 dans
4005 2906 44 21 un
4062 2898 99 34 projet

3398 2933 243 33 d'organisation
3654 2933 201 34 municipale,
3865 2933 161 35 proposait
4037 2933 27 28 le
4078 2940 66 24 scru-

3398 2968 46 27 tin
3458 2968 39 28 de
3513 2967 71 30 liste
3596 2974 56 30 par
3666 2968 270 28 arrondissement
3959 2975 39 20 en
4023 2968 138 27 donnant

3398 3011 46 20 un
3457 3011 40 20 ou
3510 3002 84 28 deux
3607 3002 183 28 conseillers
3803 3004 39 27 de
3854 3002 71 35 plus
3937 3011 61 20 aux
4009 3004 136 27 arrondis-

3399 3039 143 27 sements
3556 3038 46 28 les
3620 3038 72 34 plus
3707 3038 141 39 peuplés.

3433 3072 129 37 D'après
3589 3072 30 28 le
3647 3074 102 33 projet
3770 3073 118 35 déposé
3918 3080 39 21 en
3980 3074 70 27 1887
4064 3080 57 28 par
4135 3073 26 27 le

3400 3107 144 28 ministre
3565 3107 39 28 de
3626 3107 180 34 l'intérieur,
3828 3109 120 33 chaque
3972 3109 172 27 arrondisse-

3400 3144 89 27 ment
3497 3142 104 28 devait
3615 3149 143 21 nommer
3784 3142 77 28 trois
3887 3143 202 33 conseillers;
4117 3143 44 28 les

3398 3178 43 33 5»,
3457 3180 39 32 9°,
3514 3178 34 27 12
3549 3183 12 15 e
3565 3200 7 11 ,
3586 3177 58 33 13°,
3671 3178 59 33 14°,
3758 3178 37 27 15
3796 3183 12 17 e
3810 3198 7 13 ,
3842 3178 34 28 1.9
3879 3183 11 15 e
3914 3181 32 25 et
3960 3178 35 28 20
3997 3183 12 17 e
4011 3200 7 13 ,
4043 3178 118 28 chacun

3399 3214 110 34 quatre
3519 3220 7 26 ;
3542 3213 47 27 les
3605 3214 34 27 10
3640 3219 13 14 e
3654 3233 7 13 ,
3679 3214 32 26 11
3715 3217 12 15 e
3730 3233 7 13 ,
3754 3214 34 26 17
3790 3219 11 14 e
3817 3214 31 26 et
3861 3213 35 27 18
3898 3217 12 15 e
3912 3233 8 13 ,
3946 3214 120 27 chacun
4082 3214 79 33 cinq.

3399 3249 44 26 Le
3457 3247 132 30 nombre
3612 3247 74 28 total
3706 3247 57 28 des
3788 3247 184 30 conseillers
3998 3255 35 21 se
4062 3247 99 30 réduit

3400 3282 80 28 ainsi
3496 3283 19 27 à
3524 3283 44 27 76.

3436 3318 40 28 M.
3506 3317 180 37 Sigismond
3707 3318 141 33 Lacroix,
3878 3318 78 28 dans
3983 3325 59 21 son
4063 3318 100 35 projet

3400 3352 210 28 d'autonomie
3638 3353 200 27 communale
3859 3353 76 27 était
3953 3360 112 20 encore
4091 3353 72 34 plus

3400 3387 111 34 précis.
3527 3387 25 27 Il
3567 3387 122 34 prenait
3704 3387 28 27 la
3748 3387 76 28 base
3836 3387 39 28 de
3891 3387 99 33 20,000
4005 3387 158 27 habitants

3400 3429 41 22 ou
3455 3422 130 28 fraction
3599 3422 39 28 de
3650 3423 100 32 20,000
3761 3431 7 24 ;
3782 3422 81 30 mais
3878 3423 21 27 il
3915 3422 112 30 élevait
4041 3423 81 28 ainsi
4137 3423 26 27 le

3402 3457 132 28 nombre
3546 3458 58 27 des
3617 3457 183 28 conseillers
3815 3457 19 27 à
3847 3457 64 28 124.

3521 3521 188 30 Comment
3723 3528 47 22 on
3788 3523 131 27 tourne
3938 3521 37 30 la
3993 3520 51 31 loi

3435 3585 48 28 Un
3496 3585 113 35 peuple
3621 3583 104 30 voisin
3738 3585 65 34 qui,
3821 3583 19 28 à
3859 3583 136 28 certains
4010 3585 105 35 points
4129 3583 34 30 de

3400 3626 61 21 vue
3478 3621 50 26 est
3546 3620 66 34 régi
3639 3626 56 27 par
3722 3620 46 27 les
3795 3619 123 28 mêmes
3944 3620 58 27 lois
4029 3627 61 27 que
4120 3619 44 28 les

3402 3654 106 28 nôtres
3523 3661 27 26 a,
3568 3654 143 34 paraît-il,
3728 3654 111 28 tourné
3857 3654 27 27 la
3905 3654 40 27 loi
3969 3654 92 28 d'une
4076 3654 87 33 façon

3399 3694 92 19 assez
3502 3689 157 25 curieuse.

3436 3723 44 26 Le
3493 3720 54 28 fait
3559 3728 35 21 se
3608 3728 93 28 passe
3717 3720 78 30 dans
3813 3722 155 28 certaines
3981 3722 92 30 villes
4087 3722 61 28 d'Al-

3402 3756 154 35 lemagne,
3572 3755 41 30 où
3637 3756 46 28 les
3702 3756 155 34 ouvriers,
3880 3764 122 20 comme
4018 3757 19 27 à
4064 3758 98 33 Paris,

3399 3791 143 26 habitent
3565 3791 59 26 des
3645 3791 155 33 quartiers
3827 3791 151 34 spéciaux
4002 3794 32 25 et
4065 3791 41 28 où
4135 3791 28 27 le

3402 3827 250 34 gouvernement
3676 3833 19 20 a
3722 3826 98 27 voulu
3846 3826 158 28 diminuer
4035 3826 27 28 le
4094 3826 70 40 plus

3402 3860 138 35 possible
3552 3860 30 28 la
3593 3860 109 28 valeur
3715 3860 38 28 de
3765 3860 69 30 leur
3846 3863 72 26 vote
3932 3868 64 21 aux
4013 3860 150 30 élections

3402 3894 41 28 du
3463 3894 180 35 Reichstag,
3663 3895 52 34 qui
3738 3896 48 27 est
3814 3895 52 28 élu
3886 3902 56 27 par
3970 3895 27 27 le
4024 3895 139 35 suffrage

3400 3930 170 28 universel.
3595 3930 26 27 Il
3647 3937 17 20 a
3685 3928 81 34 créé,
3783 3930 18 28 à
3814 3932 50 26 cet
3876 3931 83 32 effet,
3976 3930 57 28 des
4048 3930 99 30 circon-

3400 3964 169 35 scriptions
3594 3964 19 30 à
3641 3971 61 30 peu
3730 3964 72 37 près
3833 3964 105 34 égales
3961 3972 39 21 en
4016 3965 145 35 étendue,

3402 3999 79 27 mais
3494 3999 59 27 fort
3563 3999 141 34 inégales
3716 4006 39 20 en
3769 3998 190 35 population.

3435 4035 78 27 Mais
3530 4035 28 27 le
3573 4035 78 35 parti
3666 4035 156 28 socialiste
3837 4043 19 20 a
3869 4036 109 28 trouvé
4004 4037 30 27 le
4049 4043 115 28 moyen

3400 4069 206 28 d'escamoter
3620 4069 30 28 la
3663 4069 151 30 difficulté
3836 4071 30 27 et
3891 4071 159 28 d'assurer
4078 4078 70 28 pres-

3402 4111 61 27 que
3490 4107 124 32 partout
3645 4104 28 28 le
3702 4104 112 28 succès
3846 4106 38 27 de
3911 4113 52 21 ses
3991 4106 178 31 candidats-

3399 4139 158 34 Quelques
3583 4139 81 28 mois
3689 4141 93 26 avant
3810 4139 164 35 l'élection,
3997 4141 79 28 dans
4101 4148 64 21 une

3399 4173 126 37 période
3541 4175 247 35 correspondant
3813 4182 63 21 aux
3894 4175 99 28 délais
4022 4176 39 27 de
4088 4176 61 27 rési-

3400 4209 98 27 dence
3513 4209 79 27 fixés
3605 4217 56 27 par
3676 4209 30 27 la
3719 4209 51 34 loi,
3787 4211 47 27 les
3850 4211 143 28 ouvriers
4009 4211 157 34 émigrent

3402 4250 54 28 par
3471 4244 131 28 milliers
3618 4246 31 25 et
3659 4246 77 26 vont
3749 4251 34 21 se
3798 4245 78 28 flxer
3898 4245 78 28 dans
4002 4245 48 30 les
4076 4252 71 28 quar-

3400 4277 76 31 tiers
3491 4278 104 30 riches
3609 4280 30 26 et
3653 4286 61 28 peu
3725 4279 143 40 peuplés,
3883 4287 39 21 en
3935 4281 132 27 nombre
4081 4281 71 27 suffi-

3402 4315 71 26 sant
3484 4322 79 26 pour
3572 4315 122 27 obtenir
3705 4315 30 27 fa
3748 4315 152 35 majorité.
3911 4316 60 27 Les
3985 4315 178 38 opérations

3400 4348 183 30 électorales
3598 4349 180 34 terminées,
3793 4350 38 27 ils
3844 4351 139 27 rentrent
3998 4351 77 28 chez
4102 4358 64 20 eux

3400 4390 39 21 en
3455 4383 223 28 abandonnant
3693 4384 178 28 seulement
3886 4385 30 27 le
3931 4385 144 27 domicile
4091 4385 77 27 fictif

3400 4419 92 34 qu'ils
3507 4420 125 27 avaient
3647 4419 73 28 loué
3733 4420 272 33 provisoirement.

3576 4508 76 40 AUX
3680 4509 86 39 ILES
3797 4508 188 40 CANARIES

3399 4617 187 31 Elections
3612 4625 47 22 au
3689 4617 110 31 Sénat
3813 4617 180 39 espagnol
4069 4618 94 31 Vive

3639 4656 283 31 effervescence.

3432 4763 141 33 MADRID,
3588 4763 45 27 I«>'
3645 4762 87 28 avril.
3788 4766 79 26 Par
3879 4765 131 28 service
4020 4765 141 34 spécial.

3446 4799 47 26 On
3504 4798 196 39 télégraphie
3716 4798 39 27 de
3770 4798 157 28 Ténériiî'e
3941 4806 9 20 :

3436 4841 13 17 «
3468 4833 63 28 Les
3556 4832 150 30 élections
3737 4832 56 30 des
3821 4832 165 31 sénateurs
4012 4834 149 30 viennent

3398 4867 117 30 d'avoir
3529 4867 72 30 lieu.

3432 4913 13 17 »
3467 4904 44 27 La
3523 4904 77 27 salle
3615 4904 43 27 du
3672 4904 73 26 vote
3761 4904 76 27 était
3847 4904 150 31 entourée
4006 4904 56 31 des
4077 4907 67 28 trou-

3398 4945 56 27 pes
3469 4938 19 27 à
3502 4938 71 34 pied
3589 4939 32 25 et
3630 4937 18 27 à
3663 4937 122 30 cheval.

3432 4982 15 17 »
3469 4972 67 28 Une
3549 4972 136 28 certaine
3710 4974 233 28 effervescence
3970 4974 98 34 règne
4084 4975 77 30 dans

3397 5008 30 27 la
3438 5008 84 28 ville.

3432 5053 14 17 »
3467 5043 44 28 Le
3523 5042 154 38 capitaine
3704 5042 129 37 général
3847 5050 18 21 a
3888 5043 109 30 refusé
4010 5044 39 28 de
4064 5044 81 28 décla-

3396 5085 51 21 rer
3461 5079 84 28 l'état
3557 5085 39 22 ae
3613 5078 96 37 siège.
3724 5080 39 28 Sa
3777 5079 148 30 conduite
3956 5081 50 27 est
4020 5080 64 30 très
4110 5087 34 30 ap-

3398 5113 135 35 plaudie.

3432 5158 14 17 »
3469 5148 22 27 Il
3526 5156 20 28 y
3574 5157 18 19 a
3625 5156 41 21 eu
3706 5148 154 41 quelques
3894 5148 169 30 désordres
4074 5158 8 26 ;
4117 5151 44 27 les

3397 5184 130 34 troupes
3543 5184 53 27 ont
3608 5184 128 34 charge,
3765 5184 80 28 mais
3859 5183 21 28 il
3894 5184 51 35 n'y
3958 5192 18 21 a
3991 5192 40 22 eu
4058 5192 103 22 aucun

3396 5218 117 30 blessé.

3432 5263 14 18 »
3467 5255 44 27 La
3523 5254 148 28 situation
3686 5256 51 26 est
3758 5254 61 28 très
3836 5255 128 28 tendue.

3432 5298 14 17 »
3468 5289 76 30 Sont
3556 5288 70 30 élus
3651 5297 9 20 :
3681 5289 74 30 MM.
3787 5290 86 27 Léon
3886 5297 20 26 y
3918 5289 128 28 Castillo
4061 5297 57 28 par
4130 5291 31 26 77

3397 5323 92 34 voix;
3519 5324 30 28 le
3570 5324 129 35 général
3725 5322 129 37 Mezler,
3869 5324 35 27 74
3919 5324 74 30 voix
4000 5333 9 26 ;
4038 5324 27 28 le
4083 5333 59 21 mar-

3396 5360 71 33 quis
3481 5360 38 27 de
3534 5357 224 35 Villa-Segura,
3775 5360 35 26 59
3829 5359 81 28 voix.
3928 5370 14 15 »

3575 5453 158 40 CASIMIR
3764 5452 217 41 DELAVIGNC

3396 5551 50 31 Le
3463 5549 210 31 centenaire
3702 5549 50 30 du
3781 5549 107 39 poète
3980 5550 80 31 Une
4088 5550 71 32 fête

3674 5596 47 21 au
3743 5587 138 31 Havre.

3430 5698 44 27 LE
3485 5696 124 31 HAVRE,
3625 5694 43 27 1«
3680 5693 89 28 avril.
3846 5694 77 30 Par
3939 5694 132 30 service
4091 5694 56 35 spé-

3396 5732 79 30 cial.
3547 5731 61 27 Les
3622 5730 79 28 fêtes
3716 5728 41 28 du
3780 5730 178 28 centenaire
3970 5730 40 28 de
4029 5728 136 30 Casimir

3397 5766 174 35 Delavigne
3596 5765 56 27 ont
3678 5764 183 27 commencé
3875 5771 37 21 ce
3938 5765 66 27 soir
4031 5771 57 25 par
4101 5771 63 21 une

3396 5802 126 28 retraite
3534 5807 64 21 aux
3621 5799 181 28 flambeaux
3830 5800 141 27 monstre
3996 5798 19 28 à
4030 5798 135 35 laquelle

3397 5838 54 26 ont
3465 5836 65 35 pris
3547 5837 69 33 part
3630 5836 47 26 les
3705 5833 168 35 musiques
3899 5833 43 28 du
3958 5832 43 39 129
4015 5832 14 39 e
4043 5832 27 39 et
4082 5833 39 28 de
4135 5835 30 27 la

3397 5872 123 27 douane
3535 5872 31 26 et
3576 5870 47 28 les
3637 5869 119 28 fanfare
3771 5868 124 30 locales.

3431 5908 64 26 Des
3508 5906 141 28 aubades
3676 5904 54 27 ont
3756 5902 47 30 été
3828 5903 141 31 données
3999 5904 117 30 devant
4135 5904 31 27 la

3397 5943 103 27 statue
3515 5941 39 28 de
3582 5939 136 30 Casimir
3745 5939 185 35 Delavigne,
3961 5940 18 27 à
4004 5940 105 27 l'hôtel
4126 5940 40 27 de

3396 5976 73 30 ville
3485 5978 31 28 et
3531 5975 115 30 devant
3660 5978 30 25 la
3718 5973 162 34 demeure,
3895 5981 57 22 rue
3979 5973 124 35 Thiers,
4121 5974 44 30 du

3397 6012 131 31 docteur
3553 6011 38 30 de
3619 6012 111 33 Bossy,
3761 6008 54 37 qui
3841 6017 76 21 aura
3945 6012 71 26 cent
4041 6018 57 20 ans
4115 6009 34 28 de-

3397 6048 93 28 main.

3431 6084 99 28 Toute
3547 6084 27 26 la
3589 6080 183 37 population
3788 6080 73 30 était
3875 6080 126 30 dehors.

3601 6161 157 22 MARIAGE
3793 6152 158 31 RETARDÉ

3435 6228 129 33 VIENNE,
3580 6228 44 27 IER
3638 6228 130 27 avril.—
3781 6227 85 28 D'un
3870 6226 294 35 correspondant.

3397 6265 92 27 —On
3506 6262 113 30 mande
3632 6262 39 28 de
3697 6261 81 30 Sofia
3806 6267 61 28 que
3893 6260 28 28 la
3951 6260 70 28 date
4045 6260 43 28 du
4102 6267 43 21 ma-

3397 6300 87 34 riage
3500 6299 41 28 du
3559 6298 106 35 prince
3692 6295 180 30 Ferdinand
3900 6295 50 28 est
3976 6294 124 31 reculée
4128 6296 37 28 de

3398 6335 110 35 quatre
3521 6340 43 21 ou
3579 6332 72 35 cinq
3664 6332 103 34 jours.

3432 6370 43 28 M.
3490 6367 141 33 Grekoff,
3653 6365 145 28 ministre
3824 6365 57 30 des
3906 6366 125 30 affaires
4067 6366 83 27 étran-

3398 6404 105 35 gères,
3520 6403 151 30 assistera
3697 6400 233 31 officiellement
3953 6403 18 27 à
3984 6403 31 27 lâ
4030 6400 116 30 cérémo-

3398 6441 63 28 nie.

3435 6476 104 32 Quant
3552 6475 73 28 àM.
3648 6472 216 35 Stambouloff,
3893 6472 21 28 il
3945 6474 47 28 est
4018 6471 146 37 probable

3400 6510 72 37 qu'il
3489 6511 51 35 n'y
3554 6509 150 31 assistera
3720 6515 66 30 pas.

3526 6598 20 24 A
3581 6598 41 24 LA
3660 6596 138 24 BOURSE
3833 6595 39 24 DE
3908 6594 131 25 MADRID

3438 6663 139 31 MADRID,
3592 6660 45 28 ler
3647 6657 89 32 avril.
3744 6658 125 31 —D'un
3878 6659 288 35 correspondant.

3450 6697 161 35 Quelques
3626 6694 168 30 désordres
3809 6702 37 22 se
3865 6696 72 27 sont
3952 6694 144 37 produits
4110 6696 19 27 à
4140 6694 27 28 la

3404 6735 131 27 Bourse.

3441 6769 59 28 Les
3515 6767 185 31 coulissiers
3716 6768 93 34 ayant
3834 6765 115 30 envahi
3974 6765 28 28 la
4030 6764 137 30 coulisse

3405 6804 120 34 malgré
3541 6803 89 28 l'avis
3645 6803 39 28 de
3699 6802 171 28 fermeture
3893 6801 54 35 qui
3970 6800 83 28 avait
4064 6800 48 28 été
4129 6800 26 28 af-

3404 6840 92 33 fiché,
3519 6839 28 28 le
3572 6839 163 35 président
3762 6837 39 27 de
3830 6836 30 28 la
3883 6835 93 37 petite
4004 6835 122 30 Bourse
4154 6843 13 20 a

3406 6874 106 30 donné
3530 6881 32 22 sa
3578 6872 185 32 démission.

3614 6963 41 25 LA
3690 6961 96 25 CRISE
3820 6958 143 27 DANOISE

3442 7031 223 35 COPENHAGUE,
3676 7032 45 28 L«F
3732 7030 73 30 avril
3863 7031 90 27 D'un
3972 7031 180 33 correspon-

3407 7070 98 31 dant.
3567 7070 63 27 Les
3644 7068 86 28 deux
3742 7065 175 30 Chambres
3932 7070 40 21 ne
3989 7064 113 27 s'étant
4117 7069 53 28 pas

3410 7106 99 30 mises
3524 7103 142 31 d'accord
3679 7109 57 24 sur
3749 7102 30 30 le
3797 7101 131 34 budget,
3956 7098 30 28 le
4010 7098 46 28 roi
4085 7096 85 33 vient

3411 7142 224 34 d'OcUçtor.une
3647 7139 45 35 loi
3700 7139 40 34 do
3752 7136 141 40 flpuaççg
3909 7134 189 40 provisoire,

4354 1122 34 66 A
4431 1122 70 69 LA
4546 1116 269 81 RÉUNION

4202 1234 373 34 L'IMMIGRATION
4602 1243 240 32 INDIENNE
4864 1250 87 26 EST
4967 1234 2 41 5

4344 1272 119 28 ELLE
4499 1276 67 27 UN
4603 1279 201 28 DANGER
4821 1283 19 25 ?

4201 1349 81 32 Une
4311 1348 144 32 colonie
4481 1351 64 37 qui
4572 1361 157 31 manque
4757 1356 45 30 de
4821 1356 86 40 Çras

4260 1388 170 32 Récoltes
4465 1391 159 38 perdues
4735 1395 155 33 Décrois-

4302 1436 109 22 sance
4430 1429 44 30 de
4487 1430 255 38 l'agriculture
4766 1439 35 26 et
4826 1436 45 30 de

4359 1466 207 34 l'industrie
4645 1472 94 32 Chez
4760 1481 52 22 un

4493 1508 181 34 sénateur.

4234 1589 226 34 L'agriculture
4494 1596 136 31 manque
4659 1591 40 28 de
4728 1592 72 30 bras
4814 1594 6 27 !
4851 1594 41 28 Ce
4924 1596 51 30 crf.

4200 1622 80 30 n'est
4311 1630 54 28 pas
4402 1623 178 31 seulement
4613 1626 124 34 proféré
4765 1635 39 21 en
4834 1630 141 31 France-.'

4200 1658 85 28 Dans
4300 1667 64 20 une
4377 1659 39 27 de
4431 1667 58 20 nos
4520 1661 139 31 colonies
4676 1662 182 35 françaises,
4874 1665 18 27 à
4907 1667 67 27 lïla

4200 1694 39 28 de
4252 1693 28 31 la
4292 1693 155 34 Réunion,
4465 1694 30 28 le
4507 1696 65 27 mot
4586 1697 50 26 est
4650 1696 325 32 malheureusement

4199 1729 72 35 plus
4284 1729 176 30 d'actualité
4472 1737 61 27 que
4556 1733 125 32 partout
4698 1733 128 30 ailleurs
4844 1736 30 26 et
4886 1735 89 28 cetteE

4200 1765 150 28 situation
4367 1766 65 28 met
4457 1772 39 21 en
4512 1765 79 37 péril
4615 1765 253 33 l'aveniremême
4884 1769 38 28 de
4937 1769 38 30 l<r

4199 1800 130 30 colonie.

4233 1837 69 27 Une
4313 1837 73 27 noie
4403 1837 57 28 des
4483 1837 163 34 journaux
4662 1838 39 30 de
4714 1838 30 28 la
4755 1838 146 30 Réunion
4917 1848 56 20 vi-v

4200 1873 71 26 sant
4300 1871 69 31 des.
4396 1871 202 43 pourparlers
4631 1873 139 35 engagés
4805 1876 87 26 entre
4924 1871 48 33 Mï

4200 1906 150 32 Drouhet,
4369 1913 58 21 son
4453 1909 159 32 sénateur,
4630 1909 112 28 ancien
4760 1909 213 35 gouverneur

4200 1941 39 28 de
4253 1941 204 34 Pondichéry,
4475 1943 32 26 et
4526 1941 67 30 lord
4607 1943 155 34 Dufferin,
4780 1944 86 28 vient
4880 1936 90 39 noué
4970 1936 2 41 5

4200 1978 141 26 montrer
4354 1984 61 28 que
4429 1976 28 28 la
4473 1977 150 28 situation
4637 1980 47 26 est
4702 1978 63 27 très
4779 1987 106 27 grave.

4234 2013 87 26 Cette
4332 2013 73 26 note
4416 2013 85 34 parle
4509 2013 39 27 de
4559 2013 234 35 l'immigration
4805 2014 162 30 indienne*

4200 2046 93 33 Quels
4310 2048 145 34 rapports
4480 2047 234 35 l'immigration
4737 2048 150 30 indienne
4910 2052 44 26 a-t-

4200 2081 59 28 -elle
4279 2088 76 22 avec
4381 2081 83 28 l'état
4488 2082 132 34 critique
4654 2083 40 27 de
4723 2085 90 27 notre
4840 2085 130 28 colonies

4200 2117 241 28 sud-africaine?
4455 2117 83 28 C'est
4550 2124 35 21 ce
4598 2125 61 27 que
4672 2118 41 30 M.
4728 2119 142 28 Drouhet

4199 2158 19 21 a
4232 2151 146 37 expliqué
4408 2151 206 37 longuement
4643 2153 79 30 dans
4749 2161 64 22 une
4834 2153 135 38 intérêt

4200 2189 90 26 santé
4305 2189 162 26 entrevue.
4957 2184 15 25 '•

4359 2251 193 30 Ancienne
4586 2252 219 39 prospérité.
4825 2271 8 7 •

4283 2307 74 30 L'ile
4374 2307 39 28 do
4427 2307 28 28 la
4467 2307 156 33 Réunion,
4642 2315 83 22 nous
4746 2309 45 28 dit
4811 2309 41 28 M.
4867 2310 99 28 Drou*

4200 2342 63 33 het,
4292 2350 35 20 se
4351 2343 112 26 trouve
4485 2342 79 27 dans
4586 2350 64 19 une
4667 2343 138 33 position
4818 2344 64 28 très
4898 2344 71 37 spéit

4200 2376 87 30 ciale.
4303 2376 67 30 Elle
4385 2379 48 27 est
4443 2383 61 28 peu
4518 2376 133 35 peuplée
4663 2385 57 30 par
4734 2381 128 34 rapport
4872 2380 19 28 à
4906 2387 61 22 soi*

4200 2412 144 34 étendue,
4372 2412 79 28 mais
4481 2412 47 27 les
4553 2411 176 31 immenses
4744 2413 154 28 étendues
4926 2415 43 28 da

4199 2447 135 27 terrains
4359 2447 79 28 dans
4463 2446 141 34 lesquels
4631 2454 41 20 on
4700 2447 118 28 cultive
4843 2456 77 21 avec
4935 2448 34 30 ler

4200 2481 72 37 plus
4287 2481 99 37 grand
4402 2480 112 30 succès
4538 2480 30 27 la
4593 2487 99 21 canne
4707 2480 19 30 à
4741 2489 103 28 sucre,
4872 2484 30 27 le
4918 2491 33 22 ca-

4201 2517 76 28 féier
4304 2519 31 26 et
4361 2517 28 28 la
4414 2516 115 28 vanille
4551 2516 272 37 principalement,
4839 2519 130 34 rapport

4199 2554 67 27 tent
4281 2552 38 28 de
4336 2552 201 27 fructueuses
4561 2551 135 28 récoltes
4723 2552 31 27 et
4780 2554 72 28 sont
4876 2555 31 26 la
4928 2554 41 35 rij(

4200 2588 112 28 chesse
4328 2587 44 30 du
4385 2594 85 28 pays.

4237 2623 78 28 Mais
4328 2623 28 27 le
4371 2622 47 28 sol
4435 2622 38 28 de
4493 2622 61 28 l'île
4578 2624 50 26 est
4642 2623 164 28 d'essence
4832 2624 120 30 volcani-

4199 2665 71 28 que.
4286 2657 24 27 Il
4324 2659 48 27 est
4387 2656 73 28 d'un
4478 2657 106 28 travail
4615 2657 64 28 très
4706 2657 125 37 pénible
4858 2661 31 27 et
4905 2660 63 31 très

4200 2693 135 28 difficile.
4352 2692 190 35 Impossible
4557 2693 39 28 de
4612 2693 174 35 l'exploiter
4801 2700 40 21 en
4853 2695 115 33 grand.

4200 2728 83 28 Pour
4303 2727 30 28 la
4344 2727 122 28 culture
4475 2727 63 28 'des
4553 2728 139 27 céréales
4707 2728 113 33 même,
4837 2728 31 27 la
4879 2728 71 28 char-

4201 2771 65 26 rue,
4283 2763 28 28 la
4325 2761 113 37 simple
4453 2763 133 28 charrue
4610 2763 19 28 à
4655 2763 131 30 traction
4801 2763 39 28 de
4856 2764 113 30 cheval!

4200 2806 40 20 ne
4256 2800 74 32 peut
4344 2805 57 27 pas
4417 2798 66 28 être
4499 2797 206 35 employêe.ll
4721 2799 67 27 faut
4794 2798 30 28 le
4832 2803 137 26 secours

4199 2832 39 28 de
4253 2837 30 24 la
4297 2832 122 35 pioche.
4948 2844 21 27 j

4235 2869 98 28 Vous,
4350 2875 188 28 comprenez
4565 2876 73 27 que,
4667 2869 79 28 dans
4779 2875 54 22 ces
4864 2863 105 35 condS

4201 2903 93 34 lions,
4309 2903 22 27 il
4348 2903 81 27 faille
4446 2910 63 20 une
4524 2904 239 27 main-d'œuvre
4788 2903 180 37 considéra?

4201 2939 50 28 Ble
4264 2941 40 30 et,
4319 2937 250 33 naturellement,
4583 2940 80 27 cette
4676 2937 241 30 main-d'œuvre
4928 2935 40 34 ni

4202 2975 78 33 peut,
4289 2981 54 27 pas
4358 2973 65 28 être
4437 2970 98 37 payée
4548 2974 74 27 bien
4635 2974 86 30 cher.

4237 3009 44 27 Le
4293 3008 102 27 créole
4423 3009 48 26 est
4496 3008 187 34 travailleur,
4709 3008 80 28 mais
4813 3008 21 27 il
4848 3009 48 27 est
4911 3008 58 39 inif

4201 3050 113 30 propre
4329 3043 19 30 à
4362 3050 53 21 ces
4430 3044 76 27 durs
4526 3045 135 27 travaux
4684 3043 58 30 des
4763 3044 131 35 champs
4910 3035 59 44 qui

4200 3074 194 32 demandent
4400 3085 44 21 un
4452 3078 255 35 tempérament»
4714 3079 87 27 toute
4811 3078 137 35 épreuve
4957 3087 12 25 ;

4202 3115 30 27 et
4247 3113 81 35 puis,
4345 3120 80 20 vous
4439 3113 72 33 ai-je
4524 3113 53 33 dit,
4596 3113 28 27 la
4639 3113 182 35 population
4843 3115 46 26 est
4905 3119 64 28 peu

4201 3149 201 28 nombreuse.
4428 3149 50 27 Du
4489 3148 76 35 jour
4579 3148 43 30 où
4636 3156 41 20 on
4689 3156 19 20 a
4723 3149 60 28 mis
4798 3156 39 20 en
4850 3148 102 35 exploi-

4200 3184 97 27 tation
4312 3183 28 28 la
4355 3183 141 28 richesse
4508 3183 41 28 du
4564 3183 58 33 sol,
4635 3183 20 28 il
4667 3191 19 19 a
4700 3183 76 28 fallu
4791 3183 178 34 s'adressec,

4201 3227 40 20 au
4257 3217 116 28 dehors
4388 3224 79 28 pour
4483 3217 30 28 la
4537 3217 85 28 main
4648 3217 150 31 d'œuvre.
4824 3217 143 35 Celle-cr*

4202 3254 76 28 c'est
4293 3253 131 28 l'lndien
4439 3253 52 34 qui
4505 3253 39 28 l'a
4558 3253 135 28 fournie.

4239 3288 120 40 Depuis
4371 3288 80 33 1861,
4479 3295 39 20 en
4545 3289 83 32 effet,
4654 3289 72 27 tous
4752 3289 46 27 les
4822 3289 146 27 ouvriers

4205 3322 174 30 travaillant
4390 3322 78 28 dans
4481 3322 50 31 les
4543 3324 143 34 champs,
4697 3324 78 28 dans
4791 3324 47 30 lès
4850 3324 103 41 planta-

4202 3359 81 28 tions
4300 3358 38 28 de
4354 3365 98 21 canne
4465 3357 19 30 à
4498 3365 92 22 sucre
4606 3366 41 20 ou
4658 3359 40 27 de
4714 3358 125 33 caféier,
4851 3358 118 30 étaient

4204 3394 57 27 des
4277 3393 117 28 coolies
4411 3393 139 28 recrutés
4576 3393 79 27 dans
4669 3393 47 28 les
4737 3393 93 28 Indes
4851 3393 102 34 anglai-

4205 3436 63 21 ses.

4239 3464 46 27 On
4297 3464 149 27 recrutait
4459 3463 46 28 les
4519 3463 142 28 naturels
4683 3471 56 27 par
4759 3463 131 28 milliers
4905 3464 18 27 à
4936 3459 34 32 Icé

4205 3498 70 33 fois,
4289 3500 32 26 et
4335 3497 39 28 ils
4387 3497 145 31 venaient
4551 3497 159 28 travailler
4734 3498 46 27 les
4800 3500 102 27 terres
4924 3498 53 28 du*

4205 3541 78 27 pays
4299 3540 76 21 avec
4388 3541 45 20 un
4448 3534 213 33 engagement
4682 3533 39 28 de
4746 3533 72 35 cinq
4832 3541 67 20 ans.
4918 3531 59 34 Àùf

4205 3569 77 26 bout
4297 3568 38 27 de
4352 3575 34 20 ce
4400 3569 104 33 temps
4525 3568 30 27 la
4573 3567 122 28 colonie
4723 3568 47 28 les
4796 3569 183 33 rapatriait;*

4204 3604 43 27 Ils
4259 3602 175 30 donnèrent
4446 3602 18 27 à
4478 3602 59 27 l'île
4553 3602 30 27 la
4596 3602 151 28 richesse.
4772 3604 118 27 Toutes
4918 3602 58 30 leiï

4205 3638 221 35 exploitations
4439 3637 154 35 agricoles
4612 3637 117 28 étaient

4204 3674 30 26 et
4245 3674 47 26 les
4307 3672 159 34 fabriques
4485 3672 39 28 de
4548 3679 93 21 sucre
4668 3673 94 33 qu'on
4788 3673 69 27 vînt
4884 3671 99 35 bâtiçj;.

4205 3706 78 27 dans
4306 3706 28 27 le
4361 3713 78 26 pays
4479 3706 213 34 employaient
4717 3706 178 35 également
4922 3709 59 26 uns?

4204 3742 169 34 personnel
4387 3741 187 28 nombreux.
4602 3741 41 28 Ce
4672 3743 72 26 sont
4755 3749 58 21 nos
4827 3743 87 33 ports
4928 3739 50 38 dqf

4201 3775 157 30 Marseille
4371 3777 31 26 et
4416 3776 38 27 de
4467 3776 118 27 Nantes
4605 3775 54 35 qui
4687 3776 146 35 voyaient
4848 3776 120 31 arrivée

4202 3811 47 26 les
4263 3810 124 27 navires
4401 3809 133 34 chargés
4563 3810 39 27 de
4626 3816 93 21 sucre
4747 3811 73 27 brut
4834 3817 61 28 que
4919 3811 53 27 les?
4972 3809 2 37 1

4202 3844 174 28 raffineries
4393 3843 170 33 françaises
4584 3843 129 30 allaient
4736 3843 119 31 bientôt
4866 3846 115 28 trans.-'

4201 3881 117 27 former
4331 3887 39 21 en
4396 3887 92 21 sncre
4504 3879 90 30 blanc
4617 3887 79 28 pour
4720 3881 31 27 la
4772 3888 202 27 consomma-,

4200 3915 76 27 tion.

4322 3963 207 32 Difficultés
4550 3963 295 39 diplomatiques.

4237 4026 87 28 Cette
4341 4025 175 35 prospérité
4528 4025 79 27 dura
4625 4025 152 35 jusqu'en
4791 4026 77 30 1882.
4887 4028 26 26 A
4928 4033 40 22 ce

4202 4063 150 31 moment,
4370 4061 237 34 brusquement,
4630 4061 30 26 le
4685 4059 125 31 vice-roi
4839 4062 57 28 des
4911 4063 37 27 In-

4202 4097 56 28 des
4274 4096 61 35 prit
4359 4103 43 21 un
4424 4094 100 30 arrêté
4552 4094 189 31 interdisant
4765 4093 209 35 absolument

4204 4130 206 37 l'émigration
4423 4130 159 26 indienne.

4382 4165 72 34 quel
4474 4165 92 27 motif
4576 4165 15 27 ?

4299 4202 44 27 Le
4372 4200 92 28 motif
4491 4199 111 30 officiel
4631 4200 74 28 était
4728 4201 46 28 les
4801 4204 168 31 soi-disant

4204 4237 142 28 mauvais
4355 4235 195 28 traitements
4563 4235 94 34 qu'on
4667 4235 151 35 infligeait
4824 4244 64 21 aux
4896 4245 78 31 000,-5

4202 4272 67 28 lies.
4283 4271 116 28 Inutile
4410 4270 39 28 de
4462 4277 81 21 vous
4558 4270 67 27 dire
4638 4277 61 28 que
4715 4271 31 27 la
4756 4271 145 30 Réunion
4916 4273 58 30 n'af

4200 4307 115 34 jamais
4333 4305 47 30 été
4396 4312 44 21 un
4453 4304 89 28 enfer
4557 4312 79 28 pour
4655 4312 168 28 personne,
4834 4307 73 27 bien
4923 4309 50 32 arf

4204 4341 164 30 contraire.

4239 4377 60 27 Les
4315 4375 128 30 Indiens
4455 4374 116 30 étaient
4584 4375 131 30 amenés
4735 4377 228 34 gratuitement

4205 4414 32 26 et
4247 4410 183 37 rapatriétés
4446 4410 39 28 de
4508 4410 104 28 même
4625 4419 76 20 avec
4716 4411 69 27 leur
4796 4411 117 28 femme
4928 4414 44 27 eC

4205 4447 85 28 leurs
4304 4446 124 28 enfants
4440 4453 7 25 ;
4465 4444 39 27 ils
4522 4444 115 27 étaient
4661 4446 144 34 défrayés
4818 4447 39 27 de
4884 4449 83 32 tout,

4205 4481 189 32 nourriture,
4434 4480 168 34 logement,
4650 4479 89 31 soins
4785 4481 180 30 médicaux.

4205 4517 44 27 Us
4263 4515 176 28 recevaient
4453 4522 44 20 un
4512 4514 112 30 salaire
4638 4517 30 27 et
4680 4515 40 28 ils
4735 4517 170 34 pouvaient
4918 4524 33 20 re-

4205 4551 96 37 partir
4311 4558 39 21 au
4363 4550 77 28 bout
4452 4550 39 27 de
4517 4550 71 34 cinq
4602 4557 59 21 ans
4683 4558 76 21 avec
4768 4551 60 28 des
4856 4551 93 28 écono-

4205 4587 90 27 mies.
4310 4586 44 28 Us
4367 4585 124 28 avaient
4501 4592 45 20 un
4559 4585 66 26 sort
4639 4585 73 35 plus
4739 4586 144 28 heureux
4898 4593 73 28 qu«y

4205 4622 72 27 bien
4290 4620 57 27 des
4362 4619 143 28 ouvriers
4520 4619 145 32 français.

4240 4656 45 28 On
4298 4654 169 37 employait
4478 4654 129 35 jusqu'à
4617 4654 169 37 cinquante
4814 4656 85 28 mille
4915 4657 34 27 In-

4204 4691 91 28 diens
4309 4691 18 28 à
4341 4690 28 28 la
4381 4689 156 28 Réunion.
4550 4689 84 28 Pour
4652 4690 47 27 les
4719 4690 174 35 remplacer
4907 4698 60 27 pat

4204 4727 137 28 d'autres
4354 4724 207 33 travailleurs,
4583 4730 37 22 ee
4635 4724 106 28 n'était
4752 4733 58 27 pas
4837 4734 61 21 une
4915 4734 35 27 pe-

4206 4761 53 28 tite
4273 4761 117 27 affaire.

4239 4796 46 27 On
4309 4795 156 28 s'adressa
4489 4794 126 30 d'abord
4646 4802 40 20 au
4720 4795 157 35 Portugal,
4910 4804 63 26 qu«

4202 4838 83 21 nous
4297 4830 96 28 laissa
4407 4831 139 26 recruter
4560 4830 79 28 dans
4668 4830 31 27 le

4201 4866 79 30 Mais
4296 4865 150 35 l'Afrique
4459 4865 47 27 fut
4519 4865 120 28 bientôt
4667 4865 86 34 tarie,
4781 4873 92 28 parce
4900 4872 73 30 que?

4202 4902 46 28 les
4260 4902 165 33 Portugais
4442 4902 30 26 et
4487 4899 46 28 les
4548 4900 130 35 Anglais
4706 4907 35 21 se
4769 4903 72 26 sont,
4867 4902 61 27 mis
4943 4902 31 31 à?:

4201 4938 141 26 recruter
4374 4935 177 35 également
4574 4942 80 28 pour
4684 4935 39 28 de
4755 4936 117 34 grands
4905 4938 67 27 ira-'

4202 4978 93 21 vaux.
4944 4983 9 26 ]

4237 5007 87 28 Nous
4339 5013 110 26 avons,
4465 5004 17 28 à
4496 5006 211 34 vingt-quatre
4731 5007 118 27 heures
4870 5007 39 26 de
4935 5006 40 27 la£

4201 5041 156 33 Réunion,
4374 5039 60 28 l'île
4449 5040 38 27 de
4513 5039 213 35 Madagascar,
4753 5040 53 35 qui
4837 5033 139 44 pouvait

4201 5083 81 21 nous
4296 5075 120 28 fournir
4431 5074 155 37 quelques
4600 5074 131 30 milliers
4746 5076 39 27 de
4807 5075 171 28 naturels.'!

4200 5111 81 28 Mais
4293 5118 35 20 ce
4350 5118 77 28 pays
4452 5111 48 26 est
4524 5117 60 28 peu
4615 5111 125 34 peuplé,
4755 5112 31 27 et
4799 5111 21 26 il
4834 5111 48 28 est
4898 5105 79 34 très!

4204 5145 125 30 difficile
4343 5145 70 27 d'en
4429 5144 76 28 faire
4534 5144 93 27 sortir
4655 5152 44 21 un
4720 5145 172 35 Malgache.
4920 5146 53 28 Lef>

4201 5181 253 35 gouvernement
4465 5178 148 37 indigène
4628 5180 47 34 s'y
4687 5187 118 28 oppose
4820 5180 38 28 de
4874 5181 28 27 la
4922 5181 53 27 fa-,

4204 5224 58 21 eon
4278 5216 28 28 la
4322 5216 71 35 plus
4421 5215 141 28 formelle
4589 5216 31 27 et
4643 5222 81 21 nous
4752 5223 39 20 ne
4818 5209 157 43 pouvons!

4204 5251 177 28 enfreindre
4395 5251 80 27 cette
4488 5249 202 41 répugnance
4713 5257 74 21 sans
4807 5251 89 27 avoir
4907 5251 45 28 de.
4954 5248 1 43 1
4955 5248 21 31 #

4202 5285 168 30 difficultés
4383 5285 253 34 diplomatiques.
4657 5285 97 27 Force
4769 5287 48 26 est
4832 5287 80 26 donc
4925 5285 51 28 der.

4204 5320 175 32 s'abstenir.
4395 5320 159 32 Pourtant,
4566 5319 137 37 j'espère
4716 5327 61 27 que
4793 5320 30 28 le
4838 5320 119 39 dernier-

4204 5359 66 26 mot
4283 5356 80 27 n'est
4375 5362 57 28 pas
4447 5354 44 28 dit
4518 5356 30 26 et
4574 5361 61 28 que
4668 5362 81 21 nous
4783 5354 193 37 arriverons?':

4204 5391 118 31 bientôt
4335 5391 19 30 à
4365 5398 60 20 une
4439 5391 136 27 entente.
4589 5391 43 26 Ce
4648 5391 96 26 serait
4760 5398 64 20 une
4850 5391 99 27 combi-

4204 5427 110 28 naison
4348 5425 182 32 excellente,
4564 5431 52 21 car
4648 5425 203 35 Madagascar
4884 5424 90 31 11'esCf

4202 5463 71 34 qu'à
4287 5461 213 34 vingt-quatre
4519 5460 119 27 heures
4652 5460 39 26 de
4706 5461 44 26 La
4763 5460 145 27 Réunion
4935 5463 39 26 et:

4202 5497 47 28 lés
4263 5496 182 34 Malgaches
4459 5494 142 27 feraient,
4617 5493 78 28 chez
4710 5502 92 26 nous,
4825 5496 128 28 connais-

4204 5538 93 22 sance
4313 5536 74 24 avec
4403 5529 30 30 la
4446 5528 188 30 civilisation
4657 5530 31 28 et
4707 5529 28 28 la
4750 5529 113 38 langue
4880 5531 74 38 fran-

4202 5567 93 34 çaise.
4941 5561 4 40 :
4959 5564 14 17 '-

4415 5600 162 31 Millions
4609 5600 148 39 perdus.

4238 5665 136 31 —Donc,
4383 5661 148 30 continue
4537 5661 28 28 le
4572 5659 148 31 sénateur
4727 5661 38 30 de
4774 5661 28 30 la

4201 5698 113 38 depuis
4338 5696 53 31 dix
4420 5704 58 21 ans
4505 5704 83 21 nous
4615 5704 178 27 manquons
4819 5698 40 27 de
4880 5698 91 30 bras.

4201 5737 87 26 Nous
4302 5740 99 22 avons
4414 5731 50 30 été
4473 5731 129 35 jusqu'à
4628 5731 144 27 soixante
4796 5731 85 28 mille
4896 5739 54 21 coo-

4201 5770 72 28 lies:
4285 5776 83 20 nous
4388 5767 71 27 n'en
4474 5772 99 21 avons
4589 5765 73 35 plus
4675 5766 116 35 qu'une
4806 5766 165 35 vingtaines

4201 5805 40 28 de
4254 5803 96 33 mille,
4365 5802 99 35 parmi
4481 5800 137 35 lesquels
4635 5802 54 28 des
4700 5802 191 37 Malgaches,
4909 5803 65 32 des.

4201 5839 120 33 Cafres,
4338 5838 56 28 dos
4408 5836 141 30 Chinois.
4968 5841 7 39 j

4238 5875 86 27 Cette
4341 5874 136 27 absenoe
4491 5872 40 27 de
4547 5870 237 30 main-d'œuvre
4800 5880 94 21 cause
4907 5872 18 28 à
4938 5870 35 37 là;

4204 5909 122 30 colonie
4341 5909 46 27 les
4404 5909 77 26 torts
4498 5907 46 28 les
4559 5907 72 35 plus
4646 5907 126 35 grands.
4789 5907 91 30 Alors
4896 5908 77 35 qu'ai

4204 5946 67 27 côté
4285 5946 38 27 de
4335 5950 81 21 nous
4433 5941 59 31 l'île
4505 5942 138 28 Maurice
4658 5944 124 26 recrute
4794 5950 64 20 aux
4870 5943 100 28 Indes

4201 5980 77 30 trois
4292 5981 71 27 cent
4380 5978 85 28 mille
4478 5978 118 27 coolies
4611 5978 32 26 el
4655 5978 175 34 développe
4843 5978 46 27 les
4902 5978 74 28 res-i

4204 6022 130 21 sources
4349 6014 38 27 de
4403 6020 58 20 son
4474 6012 59 33 sol,
4550 6012 30 27 la
4596 6011 182 35 production
4793 6013 39 28 de
4847 6012 60 30 l'île
4923 6013 51 28 dot
4974 6007 2 39 1
4976 6007 2 39 ,

4205 6052 28 26 la
4244 6048 145 30 Réunion
4401 6046 118 30 décroît
4550 6047 123 35 chaque
4684 6047 83 35 jour.
4785 6047 66 27 Elle
4866 6056 18 19 a
4902 6056 53 27 pro-

4205 6085 66 30 duit
4280 6083 129 38 jusqu'à
4433 6081 228 30 soixante-huit
4684 6083 138 27 millions
4840 6083 39 27 de
4891 6081 85 30 kilo-:

4202 6126 161 30 grammes
4380 6118 39 27 de
4433 6123 91 22 sucre
4534 6124 8 25 ;
4559 6116 58 28 elle
4641 6116 72 28 n'en
4734 6124 18 20 a
4765 6116 112 35 donné,
4896 6117 60 38 l'an-

4204 6155 59 30 née
4277 6152 154 34 dernière,
4447 6159 61 28 que
4524 6151 185 35 trente-cinq
4729 6152 148 34 millions,

4239 6191 61 28 Les
4316 6189 109 28 colons
4449 6188 72 28 sont
4554 6187 195 28 maintenant
4779 6187 123 34 obligés
4931 6187 44 34 do;

4204 6226 190 28 restreindre
4409 6224 31 26 la
4454 6222 187 35 production
4654 6222 40 28 de
4720 6223 86 27 leurs
4832 6222 124 37 proprié-

4205 6261 57 34 tés,
4279 6262 41 31 et,
4337 6256 120 35 malgré
4487 6256 76 32 cela,
4598 6256 39 27 ils
4668 6256 163 30 subissent
4857 6265 118 22 encora

4205 6296 57 28 des
4276 6295 116 34 pertes.
4409 6292 84 28 C'est
4504 6291 79 28 ainsi
4599 6291 198 37 que,l'année
4813 6291 162 34 dernière.,

4205 6339 41 21 on
4259 6338 17 20 a
4291 6330 43 28 dû
4349 6327 203 30 abandonner
4567 6326 56 30 des
4655 6326 132 28 récoltes
4802 6330 93 32 ayant
4907 6328 67 30 une!

4206 6366 109 28 valeur
4330 6364 38 30 de
4397 6363 76 28 trois
4505 6361 149 28 millions.
4693 6363 59 26 Les
4785 6363 72 28 bras
4884 6370 67 21 man-

4207 6402 128 35 quaient
4348 6406 78 28 pour
4439 6398 46 28 les
4498 6397 129 30 enlever
4641 6397 7 26 !
4678 6396 86 30 Cette
4778 6397 111 34 année,
4896 6397 79 35 j'as-*

4208 6444 73 22 sure
4297 6442 61 31 que
4374 6435 28 28 la
4417 6435 87 34 perte
4518 6438 70 24 sera
4622 6431 39 30 de
4688 6431 70 37 cinq
4778 6433 19 27 à
4825 6432 50 28 six

4205 6474 81 28 lions
4299 6472 8 27 !

4195 6503 1 39 i
4243 6507 89 35 Mais,
4348 6504 250 33 naturellement,
4632 6503 46 28 les
4707 6503 208 35 agriculteurs
4931 6508 43 24 na

4209 6546 72 28 sont
4296 6550 57 30 pas
4369 6540 89 31 seuls
4470 6539 137 28 atteints.
4623 6539 61 27 Les
4714 6539 195 33 industriels,

4207 6578 231 33 commerçants
4454 6574 164 30 subissent
4650 6574 28 30 le
4703 6575 202 32 contre-coup
4932 6573 41 40 du;

4207 6617 80 28 cette
4302 6613 90 30 crise.
4408 6612 58 30 Les
4479 6609 110 30 usines
4613 6611 32 26 et
4672 6607 47 30 lès
4747 6607 158 37 fabriques
4932 6607 38 30 da

4208 6657 92 24 sucre
4318 6646 174 31 travaillent
4507 6652 76 22 avec
4593 6644 28 30 la
4648 6643 109 31 moitié
4770 6644 39 30 de
4824 6644 65 30 leur
4903 6639 71 43 pesf

4206 6685 112 31 sonnel
4331 6684 39 30 de
4378 6683 94 37 jadis.

4400 6748 47 31 Le
4476 6744 149 34 dernier
4651 6744 135 39 espoir.
4971 6767 6 7 ,

4299 6809 133 30 N'a-t-on
4447 6808 71 37 plus
4537 6807 191 34 l'espérance
4741 6806 39 27 de
4793 6780 129 58 trouer
4929 6810 47 30 Uft,

4211 6846 129 28 remède
4351 6846 19 27 à
4384 6846 80 27 cette
4480 6842 224 28 malheureuse
4717 6840 148 30 situatiou
4877 6840 14 27 ?

4294 6881 24 28 Il
4331 6881 84 27 reste
4428 6885 115 22 encore
4557 6883 43 20 un
4613 6875 112 35 espoir,
4741 6875 28 28 le
4785 6875 80 28 voici
4883 6883 7 19 :

4247 6917 64 28 Des
4326 6913 201 38 pourparlers
4544 6912 176 28 nombreux
4734 6912 56 26 ont
4818 6909 50 27 été
4892 6911 81 35 entai

4212 6952 69 30 més
4296 6958 76 21 avec
4384 6948 67 28 lord
4466 6948 209 31 Lansdowne,
4695 6951 201 30 gouverneur
4922 6945 53 35 géi

4212 6987 86 28 néral
4312 6987 40 27 de
4365 6984 106 33 l'lnde,
4488 6990 56 30 par
4558 6983 40 30 M.
4612 6980 172 34 Jousselin,
4800 6983 90 26 notre
4903 6983 76 30 coni

4213 7023 50 31 sul
4278 7019 128 39 général
4422 7019 18 28 à
4452 7019 150 28 Calcutta.
4611 7017 26 30 Il
4648 7023 45 30 ya
4700 7024 44 21 un
4756 7023 48 27 an,
4814 7022 53 24 ces
4881 7022 107 28 poucv

4213 7058 120 37 parlers
4351 7056 126 31 allaient
4499 7054 135 30 aboutir.
4663 7048 314 39 Malheureusement

4212 7102 45 24 un
4270 7095 94 35 agçnt
4389 7091 122 35 anglais
4537 7088 120 37 envoyé
4672 7087 78 31 dans
4763 7087 47 28 les
4840 7084 139 38 Antilles

4213 7144 35 27 jr
4260 7130 43 35 où
4315 7130 31 32 la
4368 7127 150 38 situation
4531 7127 48 32 est
4593 7124 87 34 aussi
4700 7121 180 41 déplorable
4915 7126 60 35 quf
