2900 4200
278 88 71 35 Nr.
375 86 36 34 7.

2427 81 34 37 1.
2485 82 210 43 Jahrgang.

564 92 454 230 Der
1072 126 525 189 arme
1645 82 703 274 Teufel

195 273 300 38 Abonnements.Preise:

290 335 108 29 Znlaud:

195 380 173 30 Vierteljährlich
386 381 11 20 1
415 378 75 25 Matt.

281 439 131 31 Ausland:

165 487 154 30 Inlanbstaxe
336 483 46 25 und
399 483 125 28 Postporto.

2427 265 280 36 Anzeige-Gebühren:

2420 317 44 24 Die
2481 317 105 30 öfpaltige
2602 318 112 29 Peritzeite

2479 347 29 23 10
2524 347 123 24 Centimes.

2386 426 123 29 Anzeigen
2530 430 48 19 uno
2601 424 144 30 Zuschriften

2387 463 46 30 sind
2457 469 31 18 an
2511 463 34 24 die
2569 463 130 28 Expedition
2720 468 27 23 zu

2526 492 85 29 senden.

832 378 845 96 Sozialdemokratische
1736 378 359 101 Zeitung.

878 492 56 28 Der
955 489 134 37 Wahrheit
1110 497 43 28 zur
1175 489 61 35 Ehr,
1258 488 45 29 den
1324 489 95 29 Armen
1441 497 55 27 zum
1517 488 98 36 Schutz,
1635 488 46 29 den
1702 489 149 35 Mächtigen
1872 497 56 28 zum
1948 489 83 38 Trutz.

1203 549 188 43 Erscheint
1414 548 100 44 jeden
1538 547 187 45 Sonntag.

167 655 190 38 Redaktion:
372 654 80 37 Eine
463 653 131 43 Grupve
604 652 325 44 Sozialdemokraten.

1080 640 221 62 Sonntag,
1335 639 74 50 den
1440 644 60 44 17«
1538 639 181 61 Januar
1750 644 125 44 1904.

1987 647 201 44 Expeditton:
2206 651 17 31 J.
2236 650 209 38 Schaack-Winh,
2458 648 134 43 W-lch..
2603 646 47 43 zfih
2664 647 44 34 aJ.
2720 644 19 45 |

281 767 88 37 Soll
395 767 47 43 ich
468 776 80 34 zum
573 764 116 36 Volke
713 763 172 43 sprechen.

370 825 61 27 Soll
452 826 31 30 ich
502 831 53 26 zum
575 823 74 27 Volle
667 822 111 33 sprechen,

335 861 44 26 So
397 859 80 33 zittert
496 859 76 27 mein«
593 858 80 32 Seele,

335 895 44 27 Od
400 897 47 24 mir
466 902 28 24 zu
515 894 81 31 seinem
616 893 91 33 Herzen

334 930 54 26 Der
408 928 120 33 Schlüssel
548 929 54 29 auch
622 927 60 30 nicht
702 925 72 33 fihle;

334 964 43 26 Ob
397 964 47 24 mir
463 970 28 24 zu
512 963 82 29 feinem
615 961 80 33 Geiste

334 998 59 26 Da«
413 997 74 26 Wort
507 997 54 30 auch
582 996 72 30 bahnt
672 997 43 23 den
734 993 70 32 Weg,

333 1033 54 25 Und
407 1034 28 23 ob
455 1031 31 31 ich
506 1031 49 27 ihm
573 1030 109 30 erleuchte

335 1066 53 27 Der
407 1065 126 32 Wahrheit
553 1064 111 32 jchmalen
684 1063 74 31 Steg.

371 1108 63 27 Soll
452 1107 31 29 ich
502 1106 52 26 dem
574 1105 73 26 Volte
667 1103 122 34 schreiben,

336 1143 44 27 So
398 1141 98 36 zweifelt
516 1141 62 27 mein
597 1139 120 32 Gedanle,

336 1179 44 28 Ob
400 1178 74 27 meine
494 1176 96 33 Schrift
609 1177 56 30 auch
684 1175 76 31 breche

336 1215 55 27 Der
410 1212 117 35 Thorheit
547 1212 52 33 feste
619 1210 137 34 Schränke;

337 1251 43 28 Ob
400 1251 76 26 meine
495 1249 73 35 Feder
590 1247 66 36 iühre

338 1287 59 27 Da«
415 1286 64 27 Voll
498 1288 46 24 aus
564 1284 76 33 Nacht
658 1283 49 29 und
727 1281 60 32 Not,

338 1324 53 26 Unb
412 1322 48 34 ihm
480 1329 43 26 zur
541 1320 99 34 Labung
660 1321 84 31 bringe

337 1359 54 28 Der
411 1358 90 27 Sonne
520 1356 60 33 Licht
600 1357 48 25 und
667 1355 73 27 Vrot.

375 1400 60 28 Soll
456 1400 31 31 ich
507 1400 50 25 bem
577 1397 74 28 Volle
669 1397 87 32 singe«.

339 1436 42 27 So
402 1437 72 31 bangt
493 1439 25 22 es
539 1433 45 27 mir
604 1434 32 25 im
656 1432 91 32 Busen,

339 1470 43 27 Ob
402 1471 49 25 mir
470 1469 35 26 die
524 1471 88 28 rechten
633 1466 69 28 Töne

339 1505 138 28 Gewähren
498 1505 54 29 auch
572 1504 34 24 die
623 1501 106 37 Musen;

337 1539 43 27 Ob
400 1538 47 27 mir
467 1538 40 32 für
527 1538 58 31 feine
605 1536 90 31 Leiden,

340 1573 67 27 Sein
426 1571 92 33 Lieben,
539 1571 58 29 feine
618 1570 51 31 Lust

341 1607 49 27 Die
409 1605 116 34 innigsten
546 1605 103 27 Akkorde

338 1643 64 29 Auch
421 1642 85 32 steigen
525 1643 46 23 aus
589 1640 40 25 der
650 1637 84 34 Brust.

374 1682 38 28 E«
432 1682 59 27 trieb
511 1682 57 32 mich
587 1681 42 32 oft,
647 1680 53 27 dem
720 1678 74 28 Voll«

339 1718 41 36 Zu
400 1719 79 33 singen
494 1719 48 25 und
562 1724 28 27 zu
610 1717 78 33 lagen,

340 1755 66 32 Doch
425 1755 84 26 immer
528 1753 40 35 hat
588 1753 47 26 mir
654 1752 74 33 bange

340 1791 60 28 Da«
419 1792 63 34 Herz
501 1789 85 33 vorher
606 1788 136 35 geschlagen,

342 1827 63 28 Weil
426 1826 74 33 Nede,
520 1824 96 34 Schrift
635 1824 49 27 und
702 1822 80 29 Lieder

342 1864 110 33 Erstrebt
471 1865 42 24 den
532 1862 103 35 einzigen
656 1859 92 34 Nuhm,

342 1899 42 36 Zu
400 1899 96 27 läutern
516 1899 48 26 und
584 1905 28 25 zu
631 1897 69 31 heben

342 1936 60 27 Da«
421 1935 62 27 Voll
502 1941 52 26 zum
574 1933 190 32 Menschentum.
782 1944 35 5 —

757 1971 94 28 Robert
871 1968 96 28 Seidel.

314 2062 259 41 Klosterregen,
598 2057 266 43 Klostersturm.

211 2114 59 28 Seit
290 2113 91 33 einigen
396 2112 123 27 Monaten
539 2106 28 37 ist
587 2114 25 22 es
626 2110 152 33 hierzulande
791 2114 42 28 zur
848 2104 158 32 Gewohnheit

175 2155 130 33 geworben
319 2159 48 21 von
387 2153 43 25 den
450 2152 121 33 Klöstern,
591 2151 74 31 ihrem
678 2150 132 32 Reichtum,
828 2149 65 32 ihrer
905 2148 102 28 Armut,

175 2199 49 22 von
250 2194 67 32 ihren
345 2193 133 31 Tugenden
507 2193 49 23 unb
576 2191 155 31 Untugenden
758 2196 27 25 zu
812 2189 77 26 reden.
937 2188 68 25 Man

174 2236 72 33 klopft
274 2234 71 34 ihnen
374 2232 139 31 bekanntlich
541 2231 92 25 drüben
661 2230 24 25 in
705 2228 140 33 Frankreich
868 2231 75 23 etwas
964 2228 42 29 auf

175 2279 35 27 die
229 2277 90 36 Finger
350 2275 48 27 und
427 2274 24 32 so
470 2272 207 32 überschwemmen
696 2270 37 27 die
752 2269 114 34 Insassen
886 2269 121 31 derselben

175 2321 35 28 die
228 2317 198 36 Nachbarländer
445 2315 48 27 und
512 2313 90 31 drohen
621 2319 27 27 zu
668 2312 64 25 einer
751 2311 100 32 wahren
870 2309 136 33 Landplage

175 2372 30 26 zu
232 2362 101 32 werden,
359 2359 41 33 sür
427 2359 35 26 die
481 2372 34 4 —
533 2356 105 31 Pfarrer
666 2353 48 26 und
734 2352 119 34 Kapläne,
878 2351 38 26 bie
945 2349 59 33 nicht

177 2414 70 28 gerne
265 2406 50 25 eine
329 2402 151 30 Konkurrenz
501 2398 23 26 in
545 2397 66 32 ihren
626 2394 162 35 Iagzrünten
809 2392 101 33 erstehen
931 2391 75 33 fehen.

178 2444 196 33 Mertwürbiger
393 2441 77 32 Weife
498 2439 51 27 will
576 2445 55 19 man
652 2436 54 32 auch
725 2435 36 26 bie
781 2433 152 34 Proletarier
951 2437 55 27 zum

178 2489 100 31 Kampfe
297 2493 69 26 gegen
385 2485 34 24 die
434 2480 92 33 Klöster
545 2478 140 34 aufstacheln
700 2478 55 25 aber
768 2475 138 33 diejenigen,
926 2473 80 31 welche

178 2530 42 26 mit
251 2527 71 33 diefer
354 2524 152 34 gefährlichen
539 2522 74 26 Ware
644 2519 114 34 feilgehen
789 2517 52 35 sinb
873 2517 60 31 nicht
969 2514 37 28 bie

177 2569 133 29 Klerikalen
330 2567 100 32 sondern
449 2565 36 27 die
505 2568 46 23 au«
570 2563 52 28 dem
642 2563 97 33 Schlafe
760 2561 63 34 ihrer
836 2558 154 36 Gesinnung«-

177 2612 103 34 lostgkeit
300 2611 127 32 erwachten
445 2607 129 29 Liberalen.

213 2657 45 27 Als
286 2655 137 33 überzeugte
442 2651 116 36 Kämpfer
586 2651 41 28 ber
646 2649 105 36 Freiheit
779 2648 48 29 und
847 2648 42 27 des
910 2647 98 35 gleichen

178 2698 100 34 Rechtes
298 2697 38 32 für
355 2696 45 28 alle
418 2696 51 34 find
490 2696 45 27 wir
559 2694 36 28 die
623 2694 87 34 letzten,
739 2693 77 31 welche
844 2691 37 27 die
901 2690 107 33 Kloster»

179 2743 61 28 lerne
268 2741 24 27 in
313 2740 55 34 Ach»
394 2739 49 27 unb
462 2738 74 28 Bann
557 2741 43 22 tun
620 2736 86 27 wollen
727 2742 77 27 wegen
825 2734 63 33 ihrer
908 2733 87 34 gemein-

179 2784 79 32 samen
294 2782 185 35 Organüalion.
534 2778 128 28 Entweder
705 2778 74 32 haben
822 2777 111 29 dieselben
970 2775 39 26 als

179 2825 128 31 Menfchen
325 2825 37 25 bie
381 2820 288 34 Orgauifationsfreiheit
688 2819 49 26 und
756 2819 65 26 dann
842 2818 41 30 soll
905 2825 54 18 man
980 2817 29 33 sie

180 2867 42 33 frei
241 2865 126 35 gewähren
388 2863 81 33 lassen.
506 2861 86 34 Haben
611 2861 31 32 sie
661 2861 58 32 diese
738 2860 105 34 Freiheit
865 2860 64 30 nicht,
959 2866 50 20 nun

180 2914 41 30 gut
241 2910 105 31 weshalb
367 2909 73 33 haben
460 2908 46 26 wir
525 2906 35 27 die
578 2905 108 32 Wächter
705 2906 43 27 des
767 2904 114 34 Gesetzes,
909 2905 37 26 die
965 2905 44 25 den

180 2952 71 33 ersten
271 2951 71 31 besten
363 2950 123 31 Schlucker
506 2953 39 23 der
566 2948 40 34 sich
627 2949 34 27 im
672 2947 87 28 Walde
778 2947 49 27 eine
842 2947 67 35 Fesch
925 2947 83 31 bindet,

180 2995 56 27 ober
253 2994 47 27 bas
318 2993 55 31 erste
393 2991 58 34 beste
470 2992 46 27 al'.t
528 2990 150 29 Mütterlein
697 2990 46 27 da«
763 2990 50 27 eine
826 2989 83 32 Kujcht
924 2988 85 28 betteln

180 3038 61 35 geht,
269 3036 201 34 erbarmungslos
498 3034 37 28 die
554 3042 73 27 ganze
646 3033 77 36 Härte
742 3032 43 28 des
804 3032 105 35 Gesetzes
929 3032 80 34 fühlen

180 3078 93 36 lassen?
310 3077 65 28 Aber
401 3077 36 28 die
462 3080 72 31 guten
553 3077 90 33 Gesetze
663 3077 48 33 sind
731 3075 141 33 bekanntlich
891 3073 61 33 nicht
970 3072 40 33 sür

180 3123 45 27 den
243 3123 86 27 lleinen
350 3121 94 33 Mann,
462 3120 83 33 ebenso
565 3121 42 26 wie
626 3120 35 25 die
680 3121 72 32 guten
766 3116 91 35 lllöster
876 3116 75 33 nicht«
970 3115 40 33 sür

180 3166 36 27 die
234 3166 90 27 Armen
353 3164 60 34 sind.
451 3163 73 27 Denn
553 3161 99 35 obgleich
681 3168 57 19 man
766 3160 42 33 sich
837 3159 98 28 Bruder
962 3158 48 27 und

181 3207 134 33 Schwester
343 3206 102 31 anredet,
474 3205 27 32 ist
528 3204 43 27 der
590 3202 242 35 Klassenunterschied
860 3200 79 35 hinter
965 3199 44 27 den

180 3249 197 32 Klostermauern
406 3248 35 26 ein
471 3253 44 28 gar
540 3245 138 34 gewaltiger
698 3244 49 27 und
767 3248 25 22 e«
813 3242 61 35 giebt
892 3242 55 27 dort
966 3241 44 26 wie

180 3290 91 26 überall
297 3290 77 32 solche,
403 3289 81 31 welche
501 3288 39 33 sich
561 3286 87 34 mästen
669 3287 47 26 und
736 3286 69 31 solche
826 3285 78 29 welche
923 3283 41 32 sich
985 3283 25 26 in

180 3328 95 28 Demut
303 3331 49 25 und
381 3330 143 33 Entsagung
552 3336 43 27 zur
622 3327 189 31 vermeintlichen
836 3325 65 33 Ehre
921 3325 89 26 Volte«

180 3370 132 27 abrackern.

215 3411 49 25 Al«
291 3412 109 26 Arbeiter
429 3413 51 30 sind
508 3412 47 26 wir
587 3411 118 32 natürlich
737 3410 60 26 keine
824 3409 111 35 Freunde
968 3408 41 26 des

179 3451 81 34 faulen
273 3451 145 32 Nichtstuns
433 3456 54 23 oder
500 3453 41 27 der
554 3453 103 33 gierigen
670 3452 183 33 Gefchäftsfucht
868 3451 36 26 die
918 3448 91 36 gewisse

179 3493 86 28 Orden
278 3492 151 33 auszeichnet,
467 3495 63 24 »ber
543 3494 139 33 diejenigen,
697 3496 79 29 welche
791 3494 70 32 ihnen
874 3493 44 26 den
932 3492 77 27 Stein

180 3534 97 33 werfen,
304 3532 52 32 sind
383 3533 38 25 die
449 3534 111 30 vielleicht
581 3535 89 33 besser?
707 3535 49 27 Die
775 3537 135 32 protzenden
930 3534 77 28 Geld»

182 3574 144 36 sackbesitzer,
345 3574 37 25 die
400 3574 26 25 in
445 3574 67 32 ihren
526 3575 145 33 Industrien
683 3576 130 34 alljährlich
826 3577 124 34 Hunderte
963 3582 46 20 von

180 3618 128 28 Arbeitern
337 3614 71 32 durch
433 3614 50 32 ihre
502 3614 121 34 Goldgier
641 3624 29 25 zu
688 3617 127 33 Krüppeln
836 3619 103 33 schlagen
959 3618 50 26 und

180 3668 32 19 an
231 3660 67 26 deren
318 3658 87 26 tauben
424 3654 86 35 Ohren
529 3656 46 25 da«
595 3657 235 33 markerschütternde
849 3660 101 26 Weinen
969 3659 40 28 der

180 3701 126 34 Nagenden
333 3699 110 32 Mütter,
471 3698 40 26 der
538 3696 162 33 jammernden
730 3699 101 33 Kinber,
858 3701 81 32 welche
966 3701 42 27 den

180 3742 102 36 Verlust
308 3743 41 26 des
368 3740 99 32 Gatten,
495 3740 40 26 des
554 3738 93 26 Vater«
675 3740 128 28 betrauern
831 3742 50 26 und
911 3750 41 19 um
972 3744 36 25 >ln

181 3785 124 30 StUcklein
324 3784 65 28 Brot
414 3784 84 33 flehen,
525 3780 116 35 ungehöri
662 3781 108 33 verhallt,
798 3782 37 26 bie
854 3783 83 32 sollten
956 3786 52 31 doch

181 3829 80 33 hübsch
289 3828 71 34 ruhig
388 3827 46 32 sein
463 3826 47 26 und
538 3827 44 24 vor
610 3823 64 33 Ihrer
702 3823 94 31 eigenen
825 3823 67 28 Tür«
920 3826 89 31 lehren.

180 3871 113 36 Hundert
311 3878 72 28 gegen
402 3869 52 27 ein«
471 3867 29 34 ist
519 3874 27 26 zu
567 3867 91 29 wetten,
676 3864 52 33 läßt
741 3863 41 34 sich
796 3864 36 27 ein
847 3864 161 36 Geschäften

1045 752 108 34 zwischen
1183 752 74 26 einem
1283 751 114 27 liberalen
1416 748 181 36 Pfoffenfresser
1617 748 49 28 und
1686 748 64 28 einer
1769 748 107 33 Kloster»

1047 793 161 34 gemeinschaft
1228 793 147 33 abschätzen,
1396 793 64 27 dann
1479 793 76 33 liegen
1576 792 62 27 beide
1656 791 40 34 sich
1711 792 69 33 gleich
1794 791 25 26 in
1832 791 44 27 den

1046 837 93 27 Armen
1159 837 47 25 und
1228 836 88 26 trinken
1330 835 171 31 Bruderschaft
1520 842 41 20 um
1581 834 142 34 gemeinsam
1744 842 69 25 gegen
1833 835 44 25 den

1047 876 175 34 Sozialismus
1242 884 27 25 zu
1283 875 72 35 Felde
1373 883 29 26 zu
1419 876 76 33 ziehen
1542 876 89 27 Genau
1645 875 22 32 so
1679 875 44 28 wie
1738 882 56 20 man
1806 883 71 26 gegen

1045 918 45 26 den
1109 918 164 26 Branntwein
1292 918 101 33 predigt,
1413 920 49 23 und
1481 918 41 32 sich
1542 919 43 25 wie
1603 917 105 28 Gauner
1727 918 61 29 freut
1809 921 68 22 wenn

1046 960 44 25 da«
1101 959 43 25 mit
1156 958 211 33 Staatisubsidien
1388 958 141 32 hergestellte
1543 958 57 31 Gift
1620 966 41 25 zur
1681 958 90 33 großen
1784 958 93 33 Freude

1045 999 89 31 einiger
1153 997 221 34 Schnapsbrenner
1402 998 101 34 gesoffen
1530 999 70 26 wirb.
1637 998 50 27 Die
1707 999 170 33 Verelendung

1044 1040 40 24 der
1104 1039 99 32 Massen
1232 1040 48 25 und
1308 1039 41 25 ber
1376 1039 70 30 durch
1473 1040 44 25 den
1537 1039 190 27 Klerikaliömus
1748 1040 126 30 verseuchte

1044 1080 142 32 Unterricht,
1205 1081 46 24 das
1271 1079 51 31 sind
1341 1080 37 26 die
1396 1080 90 32 großen
1507 1080 182 33 Hiitf«truppen
1708 1080 41 27 des
1768 1080 107 31 Kloster»

1044 1120 126 34 Unwesens
1188 1122 48 24 unb
1266 1120 31 26 da
1325 1120 83 32 sollten
1436 1120 37 26 die
1502 1120 114 26 liberalen
1637 1119 102 31 Größe»
1767 1121 108 31 ansetzen.

1045 1164 65 26 Aber
1128 1163 60 34 dazu
1208 1168 79 22 waren
1308 1162 29 33 sie
1358 1161 55 34 stets
1432 1169 29 26 zu
1481 1162 51 31 faul
1546 1163 55 25 oder
1614 1168 27 28 zu
1656 1161 137 34 geldgierig.
1816 1161 57 27 Das

1046 1205 193 35 llassenbewnßte
1269 1203 155 36 Proletariat
1455 1203 74 34 jedoch
1561 1203 58 31 muß
1649 1203 134 33 heutzutage
1816 1202 59 32 sein«

1048 1248 87 32 Söhne
1153 1250 49 25 und
1220 1247 100 32 Töchter
1346 1253 43 20 vor
1418 1246 44 27 den
1491 1245 80 28 beiden
1590 1245 105 35 Feinden
1723 1252 29 27 zu
1780 1244 94 33 schützen

1047 1291 90 35 wissen.
1174 1290 73 28 Denn
1277 1290 40 33 für
1346 1290 35 27 die
1401 1289 174 34 «intwickelunz
1604 1292 40 24 der
1662 1286 148 36 Menschheit
1827 1287 50 33 sind

1048 1335 35 26 die
1102 1334 95 33 Küster
1225 1336 77 24 etwa«
1330 1333 155 33 hinderliches
1512 1332 49 27 unb
1587 1331 24 33 so
1631 1331 50 33 sehr
1700 1330 47 27 wir
1766 1330 55 30 auch
1840 1329 36 27 die

1048 1378 183 33 Ueberzeugung
1254 1376 40 26 des
1314 1374 128 33 Einzelnen
1462 1374 77 33 achten
1558 1373 50 27 »ind
1628 1373 41 32 für
1688 1372 35 28 die
1742 1372 135 34 Freiheiten

1048 1418 118 33 desselben
1195 1420 121 30 eintreten,
1345 1417 24 33 so
1402 1417 87 26 tonnen
1509 1416 46 27 wir
1573 1416 98 32 dennoch
1690 1415 111 27 dieiclben
1821 1414 56 32 nicht

1048 1461 87 26 anders
1155 1460 128 26 beurteilen
1303 1459 44 26 wie
1366 1459 41 26 der
1425 1459 73 33 große
1512 1459 85 26 Viktor
1611 1459 73 34 Hugo
1704 1459 39 25 der
1756 1459 25 25 in
1794 1457 83 33 seinem

1048 1502 80 26 Werke
1148 1500 71 32 „I.es
1239 1500 177 27 miserables"
1436 1501 58 26 über
1514 1500 35 27 die
1569 1500 92 32 Klöster
1681 1499 109 33 schreibt:

1086 1541 117 33 .Sobald
1231 1541 34 26 die
1286 1541 93 32 Klöster
1399 1541 35 26 bei
1453 1541 73 27 einem
1546 1541 75 27 Volte
1640 1541 120 33 überhand
1781 1540 96 34 nehmen

1049 1585 93 24 werden
1170 1582 29 33 sie
1226 1582 53 26 bem
1304 1580 187 33 Verlehrsleben
1519 1582 135 33 hinderlich.
1690 1582 38 27 E«
1757 1582 51 33 sind
1827 1581 51 26 An»

1049 1624 83 30 stalten
1151 1624 35 26 die
1203 1629 45 27 zur
1266 1623 143 34 Heimstätte
1428 1624 42 26 ber
1489 1623 70 32 Nuhe
1587 1624 102 33 »erben,
1717 1624 88 30 anstatt
1832 1623 47 32 baß

1048 1665 28 34 sie
1095 1664 94 34 Häuser
1216 1666 41 25 der
1285 1663 84 28 Arbeit
1398 1664 48 34 sein
1474 1664 82 34 sollen.
1602 1664 51 28 Die
1681 1663 197 35 Klostergemein«

1049 1706 98 34 schasten
1166 1706 49 34 sind
1235 1706 44 28 wie
1297 1706 46 28 da«
1357 1706 183 35 ,Gemi«pelt«"
1562 1707 43 33 auf
1623 1706 41 28 ber
1676 1706 69 33 Eiche
1764 1706 56 27 oder
1843 1705 37 27 die

1049 1750 104 34 Warzen
1181 1749 40 33 auf
1248 1748 51 28 bem
1326 1750 159 32 menschlichen
1506 1749 103 33 Körper.
1647 1747 57 29 Der
1720 1748 161 34 Aufschwung

1049 1791 118 32 derselben
1195 1792 48 26 und
1261 1790 38 32 ihr
1319 1789 142 35 Wohlstand
1480 1795 127 22 verarmen
1626 1790 36 27 die
1681 1797 71 27 ganze
1772 1789 109 34 Gegend.

1051 1833 59 28 Da«
1129 1833 135 34 klösterliche
1282 1833 73 28 Leben
1375 1839 54 28 mag
1449 1832 23 35 ja
1491 1833 33 26 im
1543 1833 101 33 Anfang
1662 1832 39 26 der
1721 1830 160 36 Zivilisation

1051 1879 42 30 gut
1121 1876 101 35 gewesen
1251 1875 54 34 sein,
1334 1882 43 19 um
1403 1874 36 27 die
1467 1873 73 35 rauhe
1560 1873 102 28 Gewalt
1680 1880 29 27 zu
1728 1873 153 33 besänftigen,

1052 1918 113 34 während
1184 1922 26 23 es
1229 1918 65 32 heute
1314 1918 40 30 auf
1374 1917 35 27 dte
1422 1916 151 32 Lebenskraft
1593 1916 65 27 eines
1673 1915 89 27 Volkes
1777 1915 105 32 schädlich

1053 1961 73 28 wirkt.
1164 1960 79 28 Wenn
1262 1960 103 27 daneben
1386 1960 35 27 die
1435 1959 95 33 Klöster
1543 1958 88 34 schlecht
1645 1957 103 34 »erden,
1768 1957 44 27 wie
1825 1964 57 20 man

1053 2002 175 33 fortwährende
1242 2001 116 35 Beifpiele
1375 2000 117 34 derselben
1513 2000 129 32 betrachten
1662 2000 67 32 kann,
1748 2000 64 26 dann
1832 1999 50 33 sind

1054 2046 28 33 sie
1108 2046 239 30 verdammenswert,
1375 2049 77 27 wegen
1482 2043 58 28 aller
1560 2042 114 34 Ursachen
1704 2043 35 26 bi«
1768 2042 40 31 sür
1833 2042 49 26 bie»

1054 2087 74 34 selben
1147 2087 107 34 sprachen
1274 2086 39 26 als
1333 2086 31 33 sie
1382 2086 41 34 sich
1444 2087 62 29 noch,
1518 2086 32 26 im
1570 2084 122 29 Stadium
1711 2084 41 27 der
1772 2083 110 32 Reinheit

1054 2129 124 30 befanden.
1215 2129 46 26 Als
1275 2128 157 34 Einrichtung
1446 2132 46 22 und
1507 2129 38 25 als
1558 2126 227 33 Unterrichtsmittel
1800 2131 82 22 waren

1054 2171 36 27 die
1104 2170 95 31 Klöster
1219 2170 34 27 im
1271 2170 94 33 zehnten
1379 2170 170 35 Jahrhundert
1569 2173 51 30 gut,
1640 2174 47 22 von
1706 2168 176 35 zweifelhaftem

1054 2211 80 26 Werte
1163 2211 33 26 im
1225 2210 150 33 fünfzehnten
1407 2209 166 35 Jahrhundert
1601 2213 48 24 und
1677 2210 145 34 verw'rsiich
1849 2217 33 19 im

1054 2252 169 34 neunzehnten.
1261 2251 55 27 Der
1336 2252 137 34 klösterliche
1491 2253 98 33 Aussatz
1609 2253 39 32 hat
1667 2253 56 33 zwei
1743 2253 40 26 der
1802 2253 80 33 präch«

1054 2293 81 33 tigften
1151 2292 124 27 Nationen
1289 2292 98 33 Italien
1406 2296 48 23 und
1468 2294 116 33 Spanien
1605 2296 39 25 bi«
1663 2296 42 29 auf
1724 2294 37 26 die
1774 2293 108 33 Knochen

1053 2335 145 33 angefressen
1225 2335 48 25 und
1303 2341 67 19 wenn
1399 2335 57 32 diese
1485 2336 80 25 beiden
1595 2336 127 26 bekannten
1741 2336 87 26 Völker
1855 2343 27 26 zu

1054 2376 95 31 genefen
1179 2375 124 33 beginnen,
1330 2375 24 33 so
1384 2375 28 33 ist
1440 2378 25 24 es
1494 2384 48 18 nur
1564 2376 89 32 infolge
1673 2378 40 24 de«
1732 2377 150 32 reinigenden

1054 2414 135 27 Gewitters
1209 2419 46 22 von
1268 2415 92 27 1789."

1118 2488 80 37 Der
1223 2490 257 44 Sozialismus
1506 2492 73 35 und
1602 2491 56 36 die
1681 2492 137 35 kleinen

1347 2543 252 45 Eigentümer.

1089 2595 37 28 Es
1146 2595 57 35 liegt
1222 2596 42 33 auf
1283 2595 42 28 der
1339 2596 82 36 Hand,
1441 2597 46 32 daß
1507 2603 68 22 wenn
1595 2598 89 28 einmal
1703 2597 35 28 die
1758 2597 128 36 öffentlich«

1055 2631 85 34 Macht
1159 2633 25 26 in
1204 2632 82 35 unser«
1305 2634 85 33 Hände
1409 2634 97 33 kommt,
1534 2635 46 27 wir
1609 2635 61 34 nicht
1698 2638 76 24 daran
1803 2635 84 27 denken

1055 2673 94 23 werden
1169 2669 34 27 die
1223 2669 86 28 kleinen
1325 2670 212 34 Landiigentümer
1556 2675 46 23 au«
1622 2672 76 33 ihrem
1711 2671 128 34 Besitztum
1859 2678 27 27 zu

1055 2706 131 33 enteignen,
1214 2705 31 34 sei
1273 2708 26 25 es
1327 2707 44 26 mit
1391 2707 55 27 oder
1466 2707 58 32 ohne
1545 2707 197 34 Entschädigung,
1771 2707 44 27 wie
1843 2707 44 27 wir

1057 2741 103 34 genötigt
1187 2743 45 29 sein
1261 2744 94 24 werden
1384 2746 24 23 es
1437 2743 44 26 mit
1509 2744 43 25 den
1572 2743 258 34 Großgrundbesitzern
1861 2750 27 27 zu

1056 2780 101 28 machen.
1193 2777 88 33 Unsere
1300 2778 125 33 Meinung
1454 2778 97 35 inbezug
1580 2778 43 33 auf
1643 2781 35 24 die
1698 2779 89 26 kleinen
1806 2778 77 27 Land»

1056 2813 144 32 eigentiimec
1221 2813 26 31 ist
1266 2813 43 31 die,
1328 2814 47 30 daß
1389 2813 113 32 di«f>lben
1517 2815 60 30 nicht
1589 2815 68 31 durch
1671 2814 98 27 Gewalt
1783 2814 101 30 fondern

1055 2848 70 29 durch
1154 2849 45 25 da«
1220 2855 45 19 ron
1286 2850 40 25 ber
1346 2849 145 33 öffentlichen
1511 2849 84 33 Macht
1615 2850 146 34 unterstützte
1782 2849 105 34 Beispiel

1055 2883 42 26 der
1115 2883 252 33 genossenschaftlichen
1381 2885 176 32 Kooperativen
1578 2886 42 26 mit
1634 2885 148 34 fortgerissen
1796 2889 92 23 werden

1056 2917 38 34 ihr
1107 2916 130 35 Eigentum
1259 2921 41 25 den
1314 2919 147 35 bestehenden
1475 2920 220 34 Gencssenfchafteu
1711 2921 177 33 anzugliedern.

1610 2956 121 34 Friedrich
1751 2956 101 32 Engels

1221 3023 74 37 Die
1319 3025 403 45 Christlich-Sozialen.

1091 3077 56 28 Wie
1166 3077 108 35 entstand
1293 3078 36 27 die
1349 3078 205 33 christlich>sozi«le
1574 3078 162 34 Bewegung?

1092 3121 50 28 Die
1168 3121 53 28 Not
1249 3122 41 26 ber
1318 3121 119 33 Arbeiter,
1467 3122 80 32 welche
1575 3125 72 23 unter
1673 3122 42 25 den
1744 3120 142 34 glänzenden

1056 3163 226 33 Unternehmungen
1298 3165 39 24 de«
1350 3163 115 26 liberalen
1481 3162 224 34 Industriali«mus
1720 3162 162 32 heranwuchs,

1057 3206 62 32 hatte
1147 3205 49 33 ihre
1224 3204 130 33 furchtbare
1375 3204 95 34 Gestalt
1497 3203 75 34 zuerst
1591 3204 26 26 in
1636 3204 42 27 der
1696 3203 128 33 Teuerung
1843 3203 42 26 de«

1056 3247 95 34 Jahres
1172 3246 66 27 1847
1259 3246 95 34 gezeigt.
1391 3244 38 27 Es
1448 3244 136 33 entstanden
1604 3246 25 25 in
1647 3244 75 33 dieser
1741 3243 55 35 Zeit
1816 3247 69 24 unter

1056 3289 39 26 der
1115 3288 96 33 Leitung
1230 3291 47 22 von
1298 3288 29 25 A.
1346 3287 69 29 Lette.
1435 3286 67 27 Rub:
1518 3286 84 32 Gueift
1621 3287 49 25 und
1690 3287 100 25 anderer
1808 3285 76 33 später

1057 3331 55 29 auch
1127 3327 224 35 Schulze»D«litzsch
1371 3329 25 25 in
1415 3327 43 27 den
1479 3327 92 32 meisten
1586 3327 107 27 Städten
1707 3326 177 33 Deutschlands

1056 3370 213 32 Arbeitervereine,
1283 3370 68 25 deren
1365 3369 185 34 Grundprinzip
1565 3368 149 33 Selbsthülfe
1728 3373 58 22 war.
1813 3367 71 33 Diese

1057 3412 102 26 Vereine
1178 3417 82 20 waren
1280 3410 169 32 ausschließlich
1470 3410 140 32 evangelisch
1625 3410 55 26 oder
1694 3417 45 25 gar
1751 3409 130 33 irreligiös.

1057 3453 58 27 Das
1143 3452 84 27 konnte
1252 3452 36 26 die
1308 3451 131 33 kalholifche
1459 3451 81 30 Kirche
1559 3453 59 29 nicht
1636 3451 58 26 über
1713 3451 41 31 sich
1775 3450 108 33 bringen,

1056 3494 46 34 daß
1129 3494 36 26 bi«
1184 3492 161 37 Irr«ligiösen
1369 3492 49 28 und
1437 3492 170 32 Protestanten
1626 3492 35 27 di«
1679 3491 204 34 Alleinherrschaft

1057 3536 119 33 behielten.
1222 3534 54 29 Der
1306 3533 57 34 erste
1394 3533 93 32 welcher
1517 3533 30 32 sie
1578 3534 145 31 durchbrach,
1757 3538 54 21 war
1840 3534 43 27 der

1056 3577 116 32 Mainzer
1192 3574 94 34 Bischof
1304 3579 47 22 von
1371 3574 109 27 «etleler.
1518 3573 57 27 Den
1593 3573 88 33 Anlaß,
1711 3573 41 33 sich
1772 3574 57 27 über
1849 3575 35 26 die

1056 3619 83 33 soziale
1158 3617 80 35 Frage
1256 3615 188 35 auszusprechen,
1464 3614 72 33 nahm
1555 3614 100 33 derselbe
1673 3614 25 27 in
1718 3614 15 26 6
1753 3614 130 35 Predigten

1056 3660 34 26 die
1118 3668 24 19 cr
1168 3666 26 26 zu
1213 3658 90 34 Mainz
1332 3658 33 27 im
1385 3656 81 28 Dome
1494 3657 62 29 hielt.
1595 3655 58 28 Da«
1673 3656 111 31 Resultat
1812 3657 71 33 dieser

1056 3702 129 34 Predigten
1205 3707 52 20 war
1270 3701 35 26 die
1319 3699 142 32 Gründung
1475 3701 65 24 eine«
1554 3698 136 32 christlichen
1702 3697 180 32 Volksvereins.

1056 3746 51 24 dem
1127 3744 54 26 bald
1194 3742 179 35 Zweigvereine
1387 3741 23 27 in
1425 3740 60 27 allen
1498 3739 83 28 Teilen
1595 3739 175 34 Deutschlands
1785 3740 98 34 folgten.

1056 3785 58 27 Das
1143 3783 186 35 Grundprinzip
1358 3782 71 34 dieser
1456 3780 102 28 Vereine
1586 3787 66 21 war:
1693 3785 20 24 l.
1741 3782 143 27 Liebevolle«

1055 3826 220 35 Zusammengchen
1293 3827 39 24 der
1352 3823 111 28 Arbeiter
1481 3824 46 26 und
1547 3823 163 33 Arbeitgeber,
1735 3831 28 26 zu
1779 3823 104 33 deutsch:

1056 3867 78 28 Maul
1152 3867 81 34 halten
1252 3867 49 28 und
1321 3867 39 34 sich
1379 3873 48 19 nur
1446 3866 82 32 tüchtig
1548 3866 72 27 über«
1635 3864 56 35 Ohr
1712 3866 74 32 hauen
1801 3867 81 34 lassen.

1922 757 23 27 2.
1976 756 138 36 Christlich«
2134 758 202 36 Barmherzigkeit
2365 759 110 28 ausüben
2503 765 70 28 gegen
2595 757 36 27 die
2651 757 99 30 Armen,

1922 800 22 27 d.
1963 799 21 35 h.
2014 801 75 27 einem
2115 801 147 28 knurrenden
2280 801 75 35 Hund
2375 801 66 27 einen
2461 800 108 34 Knochen
2589 799 58 33 ohne
2665 797 85 34 Fleisch

1922 841 139 35 hinwerfen.
2099 842 55 28 Wie
2177 843 59 33 diese
2255 843 138 34 christlichen
2414 842 111 33 Vereine,
2554 841 80 32 welche
2653 840 53 32 auch
2724 840 26 26 in

1923 884 90 27 andern
2032 884 107 27 Ländern
2159 885 127 33 gegründet
2307 885 106 31 wurden,
2432 884 163 32 mancherorts
2614 884 138 33 ausgeartet

1922 926 50 32 sind
1990 926 80 26 davon
2089 926 63 34 giebt
2170 927 37 25 die
2226 927 175 33 österreichische
2419 925 197 34 Lueger.Partei,
2645 930 45 20 von
2710 923 42 28 der

1923 967 65 31 selbst
2007 967 119 28 Kardinal
2146 967 135 33 Rampolla
2310 969 70 32 sagte,
2408 967 48 33 daß
2484 967 29 33 sie
2540 967 37 27 die
2596 966 156 30 verlottertst«

1923 1008 85 30 Partei
2036 1010 40 24 der
2105 1016 88 27 ganzen
2220 1009 64 27 Welt
2313 1009 73 32 wäre,
2414 1010 37 26 ein
2480 1008 142 35 glänzendes
2641 1006 113 33 Beispiel.

1923 1049 62 30 Auch
2005 1049 34 27 die
2060 1049 237 35 Christlich-sozialen
2316 1050 164 34 Frankreichs,
2501 1049 42 28 mit
2557 1049 129 28 Drümont
2705 1049 48 26 und

1922 1090 83 30 seinem
2025 1091 88 33 ekligen
2127 1092 75 32 Wifch
2221 1093 37 26 die
2279 1091 84 35 „Libre
2376 1092 108 34 Parole"
2501 1092 49 26 und
2565 1092 37 26 der
2616 1091 136 32 verruchten

1922 1131 108 30 „Sroir"
2052 1138 30 20 an
2102 1133 41 26 der
2162 1132 92 34 Spitze,
2273 1133 75 32 haben
2367 1134 47 26 wir
2434 1140 31 20 an
2484 1133 41 27 ber
2545 1132 85 27 Arbeit
2650 1132 105 34 gesehen.

1921 1171 127 34 Nunmehr
2076 1172 27 31 ist
2132 1172 35 27 bei
2195 1176 49 23 uns
2268 1174 116 31 ebenfalls
2404 1175 49 26 eine
2473 1174 69 32 solche
2562 1173 138 34 Bewegung
2720 1176 34 24 im

1922 1212 87 34 Gange
2028 1213 49 26 und
2099 1216 48 23 uns
2166 1215 54 30 auch
2240 1215 86 26 bereits
2346 1216 38 26 ein
2403 1215 223 33 christlich»soziales
2641 1215 111 28 Bruder»

1922 1261 75 27 »rgan
2016 1254 132 33 erstanden.
2187 1255 66 32 Doch
2273 1256 28 33 ist
2320 1258 44 25 da«
2383 1257 43 27 den
2441 1257 169 34 zielbewußten
2624 1257 129 27 Arbeitern

1922 1304 58 27 ganz
2009 1298 117 34 fchnuppe,
2165 1298 46 34 Im
2231 1297 127 34 Gegenteil
2383 1298 29 33 ist
2440 1303 49 23 un«
2518 1300 39 26 der
2576 1298 89 28 Verein
2689 1299 64 27 will»

1923 1341 110 33 lammen,
2061 1340 32 27 d»
2121 1348 25 20 er
2173 1342 49 25 un«
2251 1340 53 32 hilft
2332 1341 37 26 die
2387 1340 111 28 Arbeiter
2527 1343 46 24 aus
2602 1341 41 27 der
2665 1341 89 34 krassen

1923 1382 170 35 Unwissenheit
2121 1381 206 36 herauszuziehen,
2352 1383 79 27 worin
2463 1382 35 27 die
2527 1382 119 34 christliche
2675 1382 80 28 Welt»

1924 1427 112 32 ordnung
2063 1425 181 36 Jahrhunderte
2273 1425 57 33 lang
2361 1425 35 27 die
2424 1424 110 28 Arbeiter
2563 1425 109 33 gehalten
2705 1425 50 31 hat.

1924 1468 64 28 Eins
2008 1469 54 26 aber
2082 1467 89 34 müssen
2190 1467 39 34 sich
2248 1467 81 33 unser«
2347 1466 240 34 Christlich-sozialen
2607 1469 77 32 gesagt
2707 1467 48 31 sein

1925 1509 87 35 lassen:
2049 1509 100 28 Sobald
2178 1510 82 32 unsere
2280 1508 111 28 Arbeiter
2416 1508 118 36 anfangen
2554 1516 28 26 zu
2600 1508 85 27 denken
2705 1508 50 27 und

1924 1559 26 26 zu
1979 1552 112 33 urteilen,
2119 1552 93 27 werden
2239 1552 29 33 sie
2296 1552 34 27 die
2358 1551 76 34 grüne
2453 1552 82 33 Fahne
2558 1551 40 27 der
2618 1550 138 33 Christlich»

1926 1593 100 33 sozialen
2055 1593 85 34 fliehen
2165 1602 41 19 um
2226 1595 44 26 mit
2287 1594 44 27 den
2350 1594 166 35 zielbewußten
2536 1592 128 28 Arbeitern
2684 1596 72 24 unter

1925 1635 41 27 der
1983 1638 69 24 roten
2071 1635 84 34 Fahne
2175 1635 39 28 ber
2235 1636 95 32 wahren
2351 1635 195 28 revolutionären
2566 1635 190 34 Arbeiterpartei

1925 1677 41 26 den
1987 1676 178 35 Klassenkampf
2184 1685 28 27 zu
2232 1677 69 28 Ende
2319 1685 28 27 zu
2367 1678 95 34 führen.

2628 1712 38 28 G.
2685 1711 26 29 D.

2232 1790 223 36 Millerand.

1964 1841 137 29 Milleranb
2120 1842 29 34 ist
2169 1845 46 25 aus
2234 1842 41 28 der
2294 1842 165 35 französischen
2479 1841 175 36 sozialistischen
2672 1841 88 34 Partei

1929 1884 181 35 ausgeschlossen
2139 1887 107 26 worden.
2283 1885 36 28 Cr
2346 1890 53 23 war
2418 1885 64 27 einer
2500 1885 40 28 der
2560 1884 200 37 Intellektuellen,

1928 1927 81 32 welche
2026 1927 70 33 durch
2115 1927 38 33 ihr
2173 1927 140 35 glänzendes
2328 1927 174 28 Nednertalent
2521 1927 35 28 bie
2569 1927 88 34 großen
2672 1926 89 28 Volks«

1929 1968 89 35 müssen
2049 1977 32 19 an
2112 1970 41 32 sich
2184 1977 29 27 zu
2245 1969 80 35 sesseln
2357 1969 88 34 wissen.
2493 1969 37 28 Er
2561 1975 53 21 war
2643 1968 118 34 derjenige

1931 2011 243 34 Sozialistensührer,
2186 2012 95 31 welcher
2294 2018 56 21 vom
2364 2010 132 34 Deutschen
2510 2010 83 33 Kaiser
2606 2018 54 26 zum
2673 2010 88 28 Baron

1929 2054 101 32 erhoben
2059 2055 89 32 wurde,
2177 2055 95 30 welcher
2291 2054 44 27 mit
2354 2054 61 26 allen
2434 2053 128 33 möglichen
2582 2052 109 35 königlich
2711 2052 50 27 und

1929 2095 144 34 kaiserlichen
2092 2095 86 28 Orden
2198 2096 77 33 beehrt
2294 2096 91 32 wurde,
2405 2095 93 31 welcher
2518 2095 67 30 durch
2606 2095 75 30 feinen
2700 2094 61 27 Ein»

1931 2138 51 27 tritt
2003 2137 40 28 ins
2063 2137 169 33 Ministerium
2253 2137 107 27 Waldeck
2373 2137 124 33 Rousseau
2517 2138 42 26 den
2578 2136 133 35 Zwiespalt
2733 2137 26 26 in

1929 2180 42 27 ber
2001 2179 324 35 französtsch-sozialistischen
2357 2178 88 34 Partei
2476 2179 141 30 hervorrief.
2667 2178 35 28 Er
2731 2177 30 34 ist

1930 2221 63 27 einer
2012 2225 47 23 von
2079 2222 43 26 den
2142 2220 235 34 Staatsfozialiften,
2403 2220 34 26 die
2466 2227 49 20 nur
2543 2220 41 31 auf
2613 2220 52 28 bem
2683 2219 75 34 Wege

1931 2264 38 26 der
1988 2263 178 34 Kompromisse
2193 2262 187 32 voranschreiten
2408 2262 95 27 wollen.
2542 2260 67 33 Doch
2638 2264 45 24 da«
2703 2262 56 31 muß

1930 2312 57 19 man
2015 2305 48 32 ihm
2092 2304 81 34 lassen,
2201 2311 25 19 er
2254 2305 59 30 sucht
2341 2303 139 27 niemanden
2509 2304 96 32 inbeuig
2633 2305 42 29 aus
2703 2303 59 33 seine

1929 2346 79 32 Ideen
2036 2346 173 33 irrezuführen.
2247 2345 47 26 Als
2321 2345 147 34 überzeugter
2488 2344 135 28 Demokrat
2650 2345 54 28 tritt
2733 2353 28 20 er

1930 2386 116 33 öffentlich
2076 2395 70 24 gegen
2173 2387 36 26 die
2237 2386 227 35 Grundprinzipien
2493 2387 43 26 des
2563 2387 198 27 revolutionären

1929 2427 202 27 internationalen
2148 2427 172 33 Sozialismus
2335 2427 50 33 auf.
2414 2429 35 27 Er
2465 2429 113 34 bekämpft
2593 2429 43 27 den
2650 2429 111 34 Klassen»

1929 2468 86 34 kämpf,
2043 2468 36 28 die
2107 2469 180 27 revolutionäre
2315 2468 181 35 Organisation
2526 2472 40 26 des
2585 2471 176 34 Proletariat«,

1931 2510 44 27 ben
1994 2510 176 34 Generalstreik
2198 2518 24 20 u.
2242 2511 16 33 s.
2278 2517 30 22 w.
2357 2511 38 29 Er
2424 2513 25 31 ist
2477 2513 43 27 der
2547 2513 118 27 Gründer
2691 2513 73 33 dieser

1932 2560 75 20 neuen
2026 2552 127 36 Methode,
2181 2553 193 34 Resormtheorie
2402 2558 115 31 genannt,
2545 2557 45 26 mit
2615 2557 93 31 welcher
2726 2556 38 28 die

1932 2596 183 35 Intelelluellen
2133 2597 42 27 des
2197 2597 176 34 Sozialismus
2391 2601 44 24 ba«
2454 2598 179 28 revolutionäre
2652 2598 111 35 Klassen»

1933 2640 142 33 dewutztfein
2093 2640 42 28 der
2150 2640 153 33 Proletarier
2323 2640 101 33 ersticken
2443 2641 95 34 wollen,
2558 2648 40 20 nm
2618 2642 29 32 sie
2661 2642 44 26 mit
2718 2643 43 24 den

1934 2683 335 35 bürgerlich-demokratischen
2297 2682 116 35 Parteien
2441 2690 28 28 zu
2496 2684 172 34 verschmelzen.
2717 2682 44 29 Ob

1934 2726 37 27 die
2000 2725 165 36 sranzöstsche»
2187 2725 121 35 Genossen
2339 2734 48 19 nun
2417 2727 57 31 recht
2494 2726 57 27 oder
2570 2728 92 30 unrecht
2678 2726 88 33 hallen,

1936 2768 137 28 Millerand
2093 2768 198 35 auszuschließen,
2314 2769 105 26 darüber
2438 2769 52 27 will
2509 2769 31 33 ich
2561 2768 90 27 meines
2669 2768 95 27 Urteil«

1936 2811 124 31 enthalten.
2098 2810 68 31 Doch
2186 2814 46 24 aus
2253 2811 82 31 diesem
2355 2811 57 34 Fall
2431 2812 87 26 können
2539 2811 45 27 wir
2603 2811 44 27 den
2667 2810 97 33 Schluß

1936 2854 85 33 ziehen,
2049 2853 43 26 ber.
2120 2854 55 30 auch
2193 2853 37 27 die
2247 2852 176 35 Luxemburger
2441 2854 197 26 revolutionären
2657 2852 109 27 Arbeiter

1936 2895 58 32 nicht
2007 2895 74 32 außer
2096 2895 47 32 acht
2158 2895 71 34 lassen
2243 2895 90 32 sollen:
2346 2896 49 32 baß
2407 2895 101 32 nämlich
2523 2896 35 26 bie
2572 2894 193 36 Intellektuellen

1936 2938 48 27 eine
2014 2938 157 33 Mittelklasse
2198 2938 106 34 zwischen
2333 2938 169 33 Proletariern
2530 2939 49 26 und
2607 2937 158 32 Kapitalisten

1935 2979 87 34 bilden,
2043 2980 88 31 welche,
2151 2979 77 33 sofern
2248 2980 29 33 sie
2297 2980 44 28 mit
2360 2980 42 27 den
2416 2979 129 28 Arbeitern
2566 2980 199 33 sympathisieren,

1936 3029 47 21 nur
2015 3022 45 29 den
2092 3021 189 37 Klassenkampf
2316 3023 50 29 unb
2402 3022 41 30 die
2479 3022 94 36 soziale
2604 3021 159 31 Revolution

1936 3064 120 33 hemmen.

2639 3097 35 28 G.
2694 3098 26 27 D.

1934 3180 131 42 Unsere
2082 3180 165 33 moderne
2264 3180 337 45 Weltanschauung
2618 3182 72 34 und
2704 3182 58 34 ein

2101 3230 153 43 soziales
2279 3230 93 34 Bild
2397 3231 193 43 derselben.

2106 3280 58 27 Von
2182 3279 28 28 J.
2229 3280 35 27 H.
2285 3280 33 28 G.

2337 3284 124 26 marteau
2481 3283 35 27 de
2536 3284 49 27 fer.

1966 3322 46 28 Bei
2040 3322 76 31 diesen
2145 3322 109 34 heutigen
2273 3322 198 36 Hungerlöhnen,
2500 3330 49 22 wer
2575 3325 76 32 säckelt
2671 3325 27 27 da
2716 3325 46 27 den

1931 3363 106 28 Gewinn
2066 3364 58 27 «in?
2160 3362 42 35 Ist
2229 3367 26 23 es
2283 3365 60 31 nicht
2362 3365 59 33 diese
2439 3366 322 35 realtionär.kapitalistische

1931 3405 224 34 Weltanschauung,
2191 3406 36 26 die
2262 3413 48 19 nur
2340 3406 67 32 mehr
2437 3407 52 27 dem
2521 3408 74 28 Gotte
2627 3409 133 28 Mammon

1931 3447 99 34 huldigt,
2051 3447 112 32 während
2182 3448 70 30 unser
2272 3447 161 35 Vorkämpfer
2450 3449 88 33 lehrte:
2563 3450 128 27 Sammelt
2709 3450 51 32 euch

1931 3489 59 27 leine
2010 3490 97 33 Schätz«
2126 3488 39 33 für
2185 3488 56 33 diese
2261 3488 73 35 Welt,
2354 3490 101 33 sondern
2476 3491 106 33 sammelt
2601 3493 51 31 euch
2667 3492 94 34 Schätze

1931 3531 41 32 für
1992 3532 41 26 den
2052 3531 117 34 Himmel.
2205 3531 56 27 Und
2287 3532 43 27 wie
2350 3532 108 33 befolgen
2477 3532 67 34 heute
2563 3534 36 26 die
2617 3533 144 34 Nachfolger

1931 3572 72 31 diese«
2023 3572 88 34 großen
2131 3572 159 34 Sozialisten,
2312 3573 64 33 ihre«
2395 3574 124 34 göttlichen
2539 3574 127 35 Meister«,
2685 3575 74 34 dessen

1931 3614 119 33 Theorien
2070 3615 48 27 und
2138 3614 168 33 Prinzipien?
2325 3630 32 5 —
2380 3631 31 5 —

1969 3657 138 34 „Aequam
2125 3664 115 20 servare
2257 3659 119 26 mentem
2394 3659 90 27 testes
2503 3659 83 28 rebus
2604 3659 29 27 in
2645 3659 110 27 arduis"

1931 3696 102 34 («Halt«
2055 3697 45 27 ben
2119 3696 66 35 Kopf
2211 3697 52 33 hoch
2284 3703 68 22 wenn
2372 3702 26 23 es
2417 3701 55 30 auch
2493 3699 64 35 schief
2576 3701 81 34 geht")
2686 3701 74 26 lautet

1930 3738 36 26 bie
1986 3738 87 31 Devise
2092 3738 96 34 unserer
2207 3739 162 28 Reaktionäre
2388 3741 50 27 unb
2457 3741 46 27 wir
2522 3741 237 34 Sozialdemokraten

1931 3780 128 31 entgegnen
2078 3780 44 27 mit
2141 3780 53 26 dem
2212 3780 67 33 Ruf:
2301 3780 152 34 „Voluntas
2471 3783 92 34 popuii
2577 3791 126 26 suprema
2716 3785 44 25 lex

1931 3820 84 33 esto,"
2047 3819 71 35 „Des
2144 3820 88 27 Volkes
2253 3821 109 28 Stimme
2390 3824 43 31 soll
2459 3824 103 33 oberste«
2581 3824 77 34 Gesetz
2686 3825 73 32 sein".

1965 3861 61 28 Will
2044 3868 57 21 man
2121 3869 50 20 nun
2190 3865 56 30 auch
2265 3868 69 23 unter
2355 3867 50 24 dem
2426 3865 112 34 Ansche!«
2557 3867 64 27 einer
2639 3866 120 33 christlich»

417 3967 290 58 Genossen,
740 3967 378 59 Genossinnen
1148 3972 106 44 und
1286 3969 248 55 Freunde
1564 3967 314 60 unterstützt
1907 3971 100 47 den
2038 3983 216 45 „armen
2283 3971 239 59 Teufel".
