3251 4723
342 393 190 75 ~P$
571 393 114 75 [An
700 413 126 29 dieser
842 382 367 86 stell0^5-QfW
1241 382 61 86 *£

261 447 173 64 "Ä.^>,
605 447 13 55 l
686 465 77 29 *ass
783 465 77 29 *ter
961 447 262 67 W^V
1247 447 53 67 Ä!

286 460 174 220 ~l.~
686 465 251 78 Schmerz

206 680 105 53 JAWOHL
365 709 34 20 Ehe
412 709 34 20 sie
463 709 29 20 De
506 709 49 19 Witt
568 709 73 19 Pillen
657 693 80 36 nahm.

210 739 137 19 verursachte
374 739 31 18 ihr
430 739 33 18 die
490 741 106 22 geringste
623 737 104 20 häusliche
799 736 38 20 Die
860 736 30 20 De
911 736 51 19 Witt
977 736 77 19 Pillen
1076 736 93 19 besitzen
1192 740 40 13 nun
1255 734 33 19 die
1306 729 16 25 f

210 768 141 25 Verrichtung
368 768 157 25 unerträgliche
540 767 92 22 Qualen!
772 766 137 26 Eigenschaft,
927 767 33 18 die
977 766 79 18 Nieren
1075 771 39 13 von
1133 763 154 20 Unreinheiten
1306 756 13 33 §

239 798 55 19 Beim
316 798 91 20 Bücken,
430 798 80 24 Neigen
532 798 41 18 und
596 795 131 20 Wiederauf-
770 802 23 12 zu
819 795 102 20 befreien,
946 795 44 18 ihre
1016 794 130 19 Funktionen
1170 800 119 18 anzuregen
1306 787 15 25 E

212 828 81 19 richten
325 828 35 18 des
391 827 152 24 Oberkörpers
574 826 88 19 nahmen
695 826 33 18 die
772 825 40 19 und
829 827 29 16 sie
875 826 62 17 somit
955 825 18 16 in
991 823 57 19 ihrer
1065 823 93 25 Aufgabe
1175 828 23 13 zu
1217 828 71 14 unter-
1307 816 19 26 M

212 857 125 19 Schmerzen
355 862 24 13 an
399 856 115 24 Heftigkeit
532 861 32 13 zu.
584 855 144 19 Glücklicher-
770 855 94 18 stützen,
875 854 29 19 bis
912 855 29 17 sie
949 853 81 19 wieder
1038 853 40 18 voll
1087 852 135 25 arbeitsfähig
1231 852 54 19 sind.
1307 855 20 19 W

212 887 63 17 weise
294 887 47 23 ging
360 887 29 16 sie
422 886 37 19 der
480 885 92 19 Ursache
609 883 57 19 ihrer
687 884 37 19 Be-
799 882 22 24 In
833 882 45 24 fast
891 882 22 24 60
926 882 67 24 Jahren
1005 882 66 19 haben
1086 881 42 20 sich
1142 882 33 18 die
1189 881 30 19 De
1233 881 55 19 Witt
1307 875 16 27 R

210 915 125 20 schwerden
349 915 49 19 nach
418 916 41 19 und
478 915 119 21 entdeckte,
610 915 48 21 dass
681 915 44 19 ihre
773 911 70 24 Pillen
855 911 35 24 auf
902 911 35 24 der
949 911 82 24 soliden
1043 911 105 24 Grundlage
1161 911 128 24 unbestreit-

214 945 79 18 Nieren
324 944 93 19 schlecht
448 944 177 19 funktionierten.
659 943 70 18 Daher
773 942 60 19 barer
858 941 79 25 Erfolge
960 942 60 18 einen
1047 940 37 19 Ruf
1105 940 123 21 erworben,
1253 940 37 19 der

212 975 43 19 also
270 974 33 19 die
321 974 109 24 ständigen
452 973 153 19 Beschwerden
623 972 41 18 und
683 973 45 17 mit-
771 971 165 25 seinesgleichen
949 970 69 20 sucht.

213 1008 63 15 unter
299 1003 129 19 stechenden
454 1002 133 19 Schmerzen.
800 1000 83 25 Zögern
910 999 32 19 Sie
966 999 65 20 nicht.
1056 1004 61 13 wenn
1143 998 32 19 Sie
1200 999 89 18 Nieren-

248 1032 127 20 Bekanntlich
402 1032 83 19 besteht
512 1032 33 18 die
570 1030 159 25 Hauptaufgabe
772 1029 123 20 schmerzen
916 1029 75 19 haben.
1014 1028 97 19 Nehmen
1131 1027 32 20 Sie
1185 1027 29 19 De
1235 1027 55 18 Witt

213 1063 37 18 der
270 1062 78 19 Nieren
369 1063 19 16 in
407 1061 38 19 der
464 1060 159 24 Ausscheidung
642 1060 37 18 der
697 1060 32 18 für
773 1059 71 19 Pillen.
871 1059 59 19 Dann
946 1058 71 19 zählen
1033 1057 51 20 auch
1101 1057 31 19 Sie
1149 1057 44 19 bald
1209 1063 23 12 zu
1250 1057 39 18 den

213 1092 39 19 den
287 1092 82 23 Körper
404 1090 147 20 unbrauchbar
585 1089 144 26 gewordenen
773 1087 146 21 Glücklichen,
937 1088 33 18 die
987 1093 39 13 von
1043 1087 43 19 sich
1102 1092 61 20 sagen
1181 1086 82 19 können

213 1120 138 20 Abfallstoffe.
375 1120 104 25 Versagen
502 1121 29 17 sie
555 1120 18 16 in
597 1119 57 18 ihrer
679 1118 50 19 Leis-
773 1118 15 18 «
804 1118 30 18 An
844 1118 68 18 dieser
927 1116 62 20 Stelle
1001 1116 57 19 hatte
1069 1115 31 20 ich
1110 1115 74 20 einmal
1196 1115 94 20 Schmer-

212 1155 60 21 tung.
289 1150 52 19 dann
360 1150 82 19 bleiben
460 1149 33 19 die
509 1148 112 19 Schlacken
640 1149 25 16 im
684 1148 45 18 Blut
773 1153 37 14 zen
822 1153 25 14 ».

212 1180 77 20 zurück
307 1180 41 18 und
364 1184 72 14 setzen
452 1178 42 19 sich
510 1177 127 20 schliesslich
655 1179 17 16 in
690 1177 40 18 den

214 1208 89 21 Muskeln
317 1208 38 21 und
369 1208 38 21 vor
422 1208 64 21 allem
496 1209 18 16 in
529 1208 39 18 den
583 1206 108 20 Gelenken
705 1207 33 21 ab.

212 1238 24 19 wo
249 1238 36 19 sie
298 1238 36 19 die
347 1238 36 19 nur
397 1238 24 19 zu
430 1237 120 20 bekannten
563 1236 167 25 Verheerungen
1308 1231 22 24 ̃

212 1268 118 19 anrichten.
1304 1264 23 23 M

231 1347 14 9 &
280 1334 112 33 ̃rvi^m
491 1334 30 33 bL
552 1334 41 33 I^H
623 1334 56 33 flbi
710 1314 66 93 Bbh
798 1314 44 93 m^
864 1314 22 93 I
908 1314 131 93 D^V^VH
1265 1334 37 33 ^w

1241 1449 12 15 F
1270 1447 42 23 let

358 1833 366 33 j^jgS^§g§^S'5^yN/jj^
739 1833 44 33 Die
795 1840 93 18 erfahrene
900 1839 82 18 Hauslrau
995 1839 42 17 sieht
1049 1838 57 21 sofort,
1117 1838 34 22 dafj
1165 1840 15 16 in

358 1871 231 33 1^
645 1871 95 33 ^SSi
755 1871 41 33 dem
806 1876 158 23 Schuhputzkasten
977 1875 32 18 das
1019 1875 99 23 Wichtigste
1129 1874 51 19 fehlt*

751 1913 39 18 Eine
800 1912 69 19 wi'rklich
879 1916 42 20 gute
932 1911 113 19 altbewähde
1054 1910 126 19 Schuhcreme:

368 2286 41 50 ist
434 2285 57 50 100
548 2285 94 50 reine
668 2284 128 50 Balsam
821 2282 322 56 Terpentinöl-Ware

192 2503 107 20 MACHT
313 2502 47 19 AM
375 2501 150 23 HIERSCHT
540 2505 44 20 eng
599 2501 50 20 Kur
665 2501 49 18 mat

193 2555 281 70 naiurrenoem
489 2551 222 75 βppelmost

192 2649 48 15 vun
254 2642 96 20 ÄPPEL
365 2641 59 19 AUS
439 2640 65 19 DEM
519 2639 195 20 SAUERDALL
759 2634 5 60 I

314 2690 87 20 Fresch
418 2694 56 15 vum
491 2689 72 23 Kelter

234 2725 59 20 Klar
312 2724 110 20 filtre'ert
442 2723 56 19 oder
519 2722 154 20 onfiltre'ert!

259 2762 22 19 A
299 2760 114 22 Fleschen
432 2760 56 20 oder
509 2758 112 21 Gebinden

298 2801 37 22 Fr
353 2801 37 22 an
409 2801 37 22 co
465 2801 147 22 Liwerong-

634 2828 9 13 •
652 2828 9 13 i
671 2828 9 13 ̃

288 2847 330 22 ÄPPELMOSTKELTEREI

226 2882 186 41 Pierre
444 2882 31 41 W
507 2882 93 41 ENG
631 2882 93 41 LER

195 2953 79 35 (T61.
295 2951 51 34 13)
369 2949 187 28 ROSPORT
570 2948 80 33 (T61.
661 2948 52 33 13)

163 3007 103 22 nv»
292 3003 215 20 DEPOSITAIRES
529 3002 89 22 gesicht
645 3004 102 19 -JWS

290 3086 329 44 Versteigerung

320 3149 69 22 eines
409 3147 182 29 erstklassigen

252 3199 476 43 Ertragshauses

193 3268 30 16 zu
243 3248 479 35 LUXEMBURG-LIMPERTSBERG

188 3307 35 22 im
246 3305 62 23 Cafe
331 3304 153 27 FERRING,
506 3302 73 23 Allee
603 3302 124 22 Scheffer.

196 3380 49 22 Am
268 3379 112 26 Montag,
403 3379 49 22 den
474 3379 20 21 6.
517 3378 146 21 November
685 3376 66 26 1950,

166 3417 44 16 um
231 3411 13 21 3
265 3409 55 22 Uhr
340 3407 177 27 nachmittags,
539 3406 84 22 lassen
645 3406 41 22 die
706 3406 45 21 Er-

167 3441 49 21 ben
242 3440 44 22 der
310 3439 143 22 verlebten»
469 3438 80 21 Dame
574 3437 75 21 Anne
674 3436 77 22 GOE-

167 3469 93 26 DERT,
281 3468 91 22 Witwe
393 3468 100 22 Hubert
513 3466 173 23 LUDOVICY
708 3473 44 15 aus

167 3500 173 26 Luxemburg,
368 3497 136 22 öffentlich
529 3496 168 27 versteigern:

197 3544 48 22 Ein
268 3544 59 22 sehr
350 3542 106 23 schönes
480 3541 244 22 ERTRAGSHAUS

168 3588 51 16 von
252 3580 133 22 solidester
418 3578 196 27 Konstruktion,
648 3578 106 27 gelegen

169 3618 31 15 zu
219 3609 378 27 Luxemburg-Limpertsberg,
617 3614 46 16 rue
683 3608 22 22 J.
725 3607 28 22 B.

171 3641 89 22 Fresez
282 3641 33 26 15,
336 3639 63 27 groß
421 3639 12 22 5
454 3638 43 22 Ar.

261 3676 123 23 Dasselbe
404 3675 120 27 begreift:

201 3715 38 22 Im
265 3713 171 27 Erdgeschoß:
471 3711 66 27 Hall,
573 3710 182 23 Salle-ä-man-

171 3751 44 21 ger
245 3744 54 22 und
329 3743 84 27 Salon,
446 3741 203 26 Schlafzimmer,
679 3741 76 25 Büro,

171 3774 97 26 Küche,
293 3773 195 27 eingerichtetes
512 3771 184 25 Badezimmer,
720 3770 35 22 W.

173 3804 26 22 C.
220 3804 53 22 und
294 3804 127 22 Terrasse.

203 3840 53 22 Auf
273 3841 59 22 dem
350 3840 18 22 1.
387 3839 86 22 Stock:
491 3838 14 22 4
523 3837 118 26 Zimmer,
659 3837 97 25 Küche,

174 3870 195 27 eingerichtetes
395 3868 184 26 Badezimmer,
606 3866 66 22 W.C.
699 3865 58 22 Bal-

174 3901 58 22 kon.
699 3896 58 22 2919

204 3937 54 22 Auf
279 3937 58 22 dem
359 3936 29 22 n.
412 3935 86 23 Stock:
521 3933 119 23 Dieselbe
662 3932 95 22 Eintei-

176 3968 67 26 lung.

205 4004 53 22 Auf
286 4003 59 22 dem
372 4003 41 22 III.
442 4001 86 22 Stock:
558 4001 12 22 3
591 3999 167 23 Mansarden-

176 4034 111 25 zimmer,
309 4031 175 23 Waschküche
505 4030 55 22 und
580 4030 128 27 Speicher.

206 4071 103 22 Ferner:
330 4069 86 22 Große
435 4067 210 27 abgeschlossene
663 4065 96 26 Keller,

177 4102 12 20 2
213 4100 161 22 GARAGEN
397 4101 52 22 und
471 4098 104 22 Garten.

218 4137 215 25 Zentralheizung
452 4136 36 21 im
508 4141 97 21 ganzen
626 4134 123 22 Hause.

206 4176 69 26 ̃3V
302 4174 51 22 Das
381 4172 162 27 Erdgeschoß
571 4171 33 22 ist
630 4170 50 22 frei
708 4169 53 22 und

182 4212 66 15 .;ann
269 4204 81 22 sofort
369 4204 112 25 bezogen
502 4201 111 22 werden.

209 4240 182 27 Besichtigung
443 4240 136 27 gestattet:
632 4237 130 25 Samstags

182 4271 168 27 nachmittags
370 4276 51 16 von
442 4269 58 21 4-6
502 4268 82 22 Uhr.

211 4316 172 25 Luxemburg,
407 4313 49 22 den
480 4312 33 22 12.
538 4312 114 22 Oktober
677 4310 64 22 1950.

363 4358 112 26 Georges
497 4356 115 26 FABER,
637 4354 106 27 notaire,

364 4396 35 25 33,
424 4400 46 16 rue
493 4393 181 22 Notre-Dame.

176 4448 37 116 f
257 4445 424 96 ROLLENRESTE

176 4543 248 59 ABZUGEBEN
448 4564 38 22 IM
511 4560 226 24 "TAGEBLATT"

858 2705 92 69 ff
997 2705 92 69 cn
1136 2705 184 69 GROG

854 2788 81 60 |il|
993 2788 105 38 cums
1126 2788 53 38 du
1207 2788 132 38 litt.

850 2838 93 79 BsL
995 2840 66 57 cm
1096 2840 66 57 du
1197 2840 133 57 LAIT

830 2902 154 77 4v3|||jk
1008 2909 303 48 vcusemt&ra

806 2979 236 68 |||i|||E
1072 2979 148 68 RnUME
1250 2979 59 68 ET

1087 3046 125 72 GR.
1306 3047 36 52 E

809 3410 320 77 Ipureteetorigine
1147 3410 189 71 garanties

785 3525 101 56 Aoent
907 3525 161 56 oeneral:
1089 3525 141 56 waoener
1251 3525 121 56 scnuiz

992 3600 182 77 EUeldri^ch

927 3732 299 37 MITTEILUNG

817 3834 47 22 Die
877 3832 419 26 Herrenschneidermaßbetriebe,
1312 3832 60 22 wel-

789 3865 47 22 che
855 3865 65 22 trotz
939 3863 45 23 der
1005 3863 182 22 andauernden
1208 3862 165 22 Preishausse

789 3894 42 22 für
855 3892 160 23 Wollartikel
1040 3893 51 22 fast
1116 3892 176 22 ausnahmslos
1318 3892 55 22 ihre

790 3924 69 22 alten
895 3922 217 22 Warenbestände
1142 3922 38 22 bis
1209 3922 62 26 jetzt
1308 3922 66 22 ohne

789 3953 205 27 Preisaufschlag
1021 3952 180 27 verkauften,.
1217 3952 81 22 bitten
1333 3951 40 22 die

790 3986 79 19 werte
901 3982 163 22 Kundschaft
1096 3977 128 30 höflichst,
1256 3981 42 22 bei
1330 3981 44 22 der

790 4013 149 26 Bestellung
961 4012 56 22 eine
1038 4011 152 27 Anzahlung
1212 4018 30 15 zu
1264 4011 110 21 entrich-

791 4046 44 20 ten
852 4043 53 22 und
923 4042 41 22 bei
982 4042 45 22 der
1046 4041 169 26 Ablieferung
1234 4041 49 22 den
1303 4041 71 21 Rest-

791 4074 89 25 betrag
901 4079 31 15 zu
952 4071 156 27 begleichen,
1131 4071 80 22 damit
1231 4070 35 22 sie
1288 4070 25 21 in
1335 4070 40 22 die

791 4103 68 26 Lage
879 4103 110 21 versetzt
1010 4101 110 27 werden,
1143 4101 53 22 sich
1217 4100 88 22 soweit
1326 4100 49 22 wie

792 4132 110 27 möglich
922 4131 96 22 wieder
1038 4131 140 22 eindecken
1199 4130 52 22 und
1272 4129 104 27 solange

794 4162 36 22 als
860 4162 111 27 möglich
1001 4168 31 16 zu
1062 4160 84 22 einem
1184 4159 192 22 annehmbaren

794 4191 86 22 Preise
898 4191 143 22 verkaufen
1060 4197 31 15 zu
1109 4191 110 22 können.
1317 4189 59 22 2924

832 4235 152 22 Federation
1009 4236 44 22 des
1077 4234 292 22 Marchands-Tailleurs

856 4273 33 21 du
907 4271 187 23 Grand-Duche
1112 4272 31 21 de
1159 4271 187 24 Luxembourg.

899 4377 381 84 COSY

909 4494 65 30 ein
1004 4489 263 35 Kaffeelöffel

900 4549 104 33 nach
1031 4549 96 33 dem
1159 4549 119 32 Essen

1727 104 186 94 Plus
1940 104 259 93 douces

1735 257 138 97 que
1899 228 69 88 le
1994 231 343 86 velours.

2725 1225 42 40 &6
2788 1225 83 40 TL99

2419 1281 176 25 "SUPER
2622 1281 248 24 ARGENTA"

2210 1331 44 44 UNE
2270 1331 103 44 lumiere
2389 1331 148 44 infiniment
2552 1331 74 44 douce
2642 1331 59 44 pour
2716 1331 44 44 les
2777 1331 59 44 yeux
2851 1331 29 44 et

2228 1354 121 30 cependant
2363 1354 81 30 claire
2458 1354 67 30 comme
2540 1354 27 30 le
2580 1354 94 30 soleil,
2689 1354 40 30 tel
2743 1354 40 30 est
2797 1354 27 30 le
2838 1354 40 30 bi$

2236 1385 39 26 que
2290 1385 93 26 PHILIPS
2396 1385 66 26 s'est
2477 1385 79 26 impose
2570 1385 27 26 en
2611 1385 119 26 concevant
2744 1385 39 26 les
2797 1385 79 26 lampes

2224 1413 115 21 tubulaires
2357 1413 149 21 fluorescentes
2526 1414 18 20 «
2563 1414 37 20 TL
2600 1416 37 18 et
2656 1414 18 20 la
2694 1414 93 22 nouvelle
2806 1414 66 24 lampe

2224 1440 16 22 «
2256 1440 77 22 SUPER
2351 1440 150 22 AROENTA
2502 1441 29 20 »
2533 1441 112 25 ampoule
2664 1441 95 25 speciale.

2224 1474 26 20 Le
2278 1474 92 25 resultat
2382 1474 11 25 ?
2477 1474 80 25 Essayez
2581 1479 33 15 ces
2643 1479 108 25 nouveaux
2779 1474 93 26 produits

2229 1500 103 21 PHILIPS
2356 1502 19 18 et
2398 1506 52 16 vous
2473 1500 129 22 constaterez
2626 1501 93 21 combien
2746 1501 18 19 la
2788 1500 82 22 lumiere

2225 1527 63 21 emise
2303 1535 10 11 «
2323 1528 65 20 douce
2403 1533 78 15 comme
2497 1528 17 20 le
2529 1529 76 25 velours
2617 1529 22 25 »,
2650 1529 31 18 est
2696 1527 18 29 k:
2724 1528 18 20 la
2759 1528 39 20 fois
2814 1527 55 21 bien-

2225 1554 89 21 faisante
2330 1557 19 18 et
2367 1562 11 12 c
2387 1549 64 26 riche
2465 1549 38 26 »..

1738 1629 116 24 ^gj^^
1917 1617 88 25 Lampes
2035 1617 149 24 fluorescentes
2225 1586 54 52 a'cheter.
2286 1586 12 52 Ce
2305 1586 30 52 sont:
2350 1588 30 21 les
2403 1586 116 43 meilleures
2543 1588 78 26 lampes
2645 1594 38 20 que
2708 1592 51 16 vous
2782 1587 89 26 puissiez

1917 1617 88 51 Philips
2010 1617 11 47 «
2034 1617 23 47 TL
2070 1617 11 47 »
2093 1617 11 47 ä
2117 1617 11 47 c
2141 1617 46 47 lon-
2225 1614 645 24 acheter,

1713 1654 165 45 ^Hr^^S
1918 1676 39 20 gue
1986 1672 62 19 duree
2076 1672 24 19 de
2129 1671 56 24 vie*,
2316 1665 74 34 W&
2407 1665 28 34 1
2456 1665 29 34 1
2506 1665 29 34 I
2555 1665 28 34 I
2630 1665 27 34 B
2680 1660 82 39 Bttb
2784 1660 41 39 &&

1918 1644 20 73 et
1949 1644 20 73 la
1979 1644 91 73 noui,elle
2073 1645 36 70 e
2110 1645 75 74 SUPER
2282 1647 41 123 'p'
2401 1647 83 122 'H';
2506 1665 29 104 I
2555 1665 63 104 L
2630 1665 28 104 I
2680 1660 121 111 PS

1711 1681 68 77 ̃M
1815 1681 373 77 "^täv.super
2316 1681 513 77 PHILIPS

1919 1724 170 47 meilleitres
2316 1665 342 112 P,HILI
2680 1660 149 110 PS

1919 1751 115 20 m~ffffM
2408 1745 300 24 ))t))<ttNBtttiN

1729 1771 134 34 ^^jjgjjj^
1956 1783 38 20 que
2009 1778 29 20 les
2054 1773 116 29 meilüares
2233 1793 85 31 Mciüeure
2352 1793 106 31 lumiere,
2469 1793 85 31 meiüeare
2566 1793 95 31 vislon.
2672 1793 22 31 et
2705 1793 43 31 plus
2760 1793 106 31 Äconomlque

2465 1838 105 16 (Fabricallon
2584 1838 49 16 belf«)

1746 1957 84 17 :1t,
1904 1958 22 33 .1..
1930 1957 108 19 ~I:
2043 1960 33 16 f'
2192 1956 177 27 '1'f~&i:
2373 1956 104 30 :r~
2541 1956 34 27 -t:'
2622 1955 74 34 ,f~?;~
2703 1955 105 34 :¥~
2809 1953 165 38 .iJ.4"c-<

1400 2162 23 96 I
1481 2107 284 135 ClIME
1840 2106 119 132 U«
2020 2106 119 132 !•

1481 2256 31 28 LE
1528 2255 47 29 ROI
1591 2255 50 28 DES
1660 2248 113 34 CINEMAS
1818 2239 68 43 ESCH
1905 2239 119 43 ÄLZbTTE
2067 2240 60 39 TEL
2150 2249 69 31 2703

1481 2333 27 17 In
1527 2331 14 19 E
1556 2331 14 19 R
1584 2331 14 19 S
1613 2331 14 19 T
1667 2331 47 17 und
1733 2310 485 38 ALLElNAtIFFÜHRÜNG

1481 2362 59 20 FÜR
1562 2361 82 20 GANZ
1674 2358 245 21 LUXEMBURG
1949 2358 37 21 die
2007 2357 214 24 unvergleichliche

1483 2390 333 25 Spitzenleistung
1817 2389 13 23 g
1844 2389 170 23 italienischen
2026 2388 167 19 Filmschaffens

1494 2436 155 49 Uiitorio
1675 2435 44 49 de
1744 2434 84 50 Sica
1855 2433 71 49 und
1951 2432 34 49 R.
2004 2431 204 55 Rossellini

1792 2499 116 23 zeigen

1481 2537 49 20 ISA
1546 2535 71 20 POLA
1667 2534 106 21 EMILIO
1789 2532 98 21 GIGOLI
1935 2531 139 20 ADRIANO
2091 2530 130 20 RIMOLDI

1483 2571 46 19 und
1550 2570 44 19 den
1615 2565 94 23 kleinen
1730 2567 136 20 LUCIANO
1888 2567 38 19 DE
1948 2566 154 19 AMBROSIS
2123 2565 23 20 in
2168 2565 53 20 dem

1483 2606 43 19 tief
1540 2604 164 23 ergreifenden
1733 2599 486 22 SITTEN-GROSSFILM

1567 2657 208 34 Bambini
1802 2657 40 33 ei
1870 2655 245 45 guardano

1567 2749 69 32 Les
1670 2747 168 33 Enfants
1861 2752 107 26 nous
1992 2744 229 44 regardent

1567 2837 78 33 Die
1669 2835 151 33 Sünde
1848 2834 127 33 eines
2003 2833 172 33 Lebens

1485 2926 50 19 EIN
1568 2921 364 22 SITTENFILM,
1965 2921 59 20 DER
2044 2921 99 20 JEDEN
2164 2921 59 20 VON

1479 2953 59 19 UNS
1557 2950 130 22 ANGEHT,
1707 2949 39 19 OB
1772 2948 115 19 MANN
1915 2948 79 19 ODER
2020 2947 104 20 FRAU

1481 2986 79 20 Durch
1585 2985 37 20 die
1647 2984 172 19 wunderbaren
1844 2982 149 20 Aufnahmen
2025 2987 46 14 von
2096 2981 41 20 der
2162 2980 57 20 Cöte

1483 3014 85 19 d'Azur
1592 3012 93 19 flammt
1710 3010 36 20 die
1772 3009 165 20 Leidenschaft
1961 3009 40 19 der
2027 3008 102 19 schönen
2153 3007 66 22 Nina,

1482 3040 71 19 deren
1575 3037 80 21 heißes
1678 3032 55 24 Blut
1755 3036 102 23 zügellos
1879 3036 52 19 dem
1953 3036 135 18 Abenteuer
2109 3034 110 22 nachjagt

1483 3067 47 19 und
1549 3071 28 14 an
1596 3065 44 19 den
1659 3064 103 22 Klippen
1780 3069 45 14 von
1844 3062 87 20 Pflicht
1949 3062 47 19 und
2015 3061 70 20 Liebe
2104 3065 27 15 zn
2149 3060 71 19 Mann

1483 3093 47 19 und
1551 3092 63 19 Kind
1634 3090 132 20 zerschellt

1400 3112 22 27 ̃
1483 3120 53 19 Was
1557 3119 29 19 ist
1606 3117 88 20 Moral?
1717 3117 52 19 Was
1791 3117 29 19 ist
1842 3114 119 22 Schande?
1984 3114 32 20 Ist
2037 3114 51 19 eine
2110 3114 61 19 Frau
2193 3119 27 14 zu

1401 3149 21 16 ̃
1483 3147 158 21 verdammen,
1657 3144 36 19 die
1710 3149 41 14 aus
1766 3142 127 20 sinnlicher
1908 3141 165 21 Leidenschaft
2087 3140 72 20 Mann
2174 3139 47 20 und

1401 3163 21 30 I
1484 3173 62 20 Kind
1564 3170 104 22 verläßt?
1750 3169 44 20 Die
1812 3169 108 19 Antwort
1939 3168 93 19 hierauf
2052 3166 77 20 erteilt
2149 3166 71 19 Ihnen

1401 3190 22 29 1
1485 3200 76 20 dieser
1581 3186 325 33 Sexual-Großfilm.
2170 3193 51 18 2917

1486 3235 61 18 NUR
1563 3231 58 20 FÜR
1637 3231 204 19 ERWACHSENE
1871 3230 76 18 Vorst.
1964 3229 47 18 3.45
2051 3229 12 17 6
2105 3228 44 18 8.15
2167 3227 55 18 Uhr.

2688 2070 528 73 ~A

2490 2486 520 762 ?--

1501 3413 264 115 Eichen-
1806 3410 123 115 und
1971 3408 530 121 Buchenpametl
2594 3340 27 209 l~

1402 3449 11 168 1
1596 3583 108 33 Prima
1722 3583 32 32 in
1772 3581 141 40 Qualität
1966 3576 273 36 Konkurrenzlos
2258 3578 44 33 im
2320 3578 88 33 Preis

1458 3689 176 66 UIClOPF-
1667 3688 110 66 Slllll
1795 3688 37 66 ER
1860 3705 248 42 Parkettfabrik
2139 3705 209 51 ROODT-Syt
2374 3706 82 48 (Tel.
2482 3706 60 47 42)

1455 3834 96 22 VILLE
1579 3830 360 24 D'ESCH-SUR-ALZETTE.

1449 3907 104 51 Cours
1579 3908 40 49 de
1638 3906 118 53 langue
1774 3904 170 55 francaise

1472 3970 138 36 organises
1626 3970 46 36 par
1692 3979 25 22 la
1739 3976 184 28 Municipalite.

1436 4025 36 21 La
1502 4024 95 22 session
1628 4022 101 25 1950/51
1761 4028 174 16 commencera
1965 4021 23 22 le

1407 4054 89 26 mardi,
1516 4054 28 21 24
1563 4053 102 22 octobre
1688 4052 63 22 1950.

1438 4091 73 22 Deux
1533 4097 73 16 cours
1628 4091 56 21 sont
1706 4089 102 27 prevus:

1409 4129 23 24 1)
1452 4135 64 20 pour
1540 4127 136 22 debutants
1699 4129 77 23 ayant
1799 4125 123 27 quelques
1944 4131 44 16 no-

1452 4157 54 26 tions

1408 4195 25 25 2)
1452 4201 64 21 pour
1538 4193 115 23 avances.

1438 4232 48 22 Les
1507 4229 135 23 interesses
1662 4231 56 21 sont
1739 4229 67 27 pries
1827 4229 31 22 de
1878 4235 26 16 se
1924 4228 65 22 faire

1408 4262 107 22 inscrire
1534 4257 15 30 ä
1564 4257 88 30 partir
1668 4260 34 22 du
1723 4260 26 21 16
1770 4259 102 22 octobre
1892 4265 33 15 au
1943 4258 45 22 bu-

1408 4296 62 16 reau
1492 4291 32 21 de
1546 4290 25 22 la
1593 4289 162 22 commission
1778 4288 112 27 scolaire,
1914 4287 75 22 Hotel

1409 4321 31 22 de
1459 4320 74 22 Ville.
1932 4318 59 22 2904

1440 4356 21 22 Il
1483 4362 56 16 sera
1561 4362 78 21 pergu
1662 4362 50 16 une
1734 4356 59 20 taxe
1816 4355 174 27 d'inscription

1409 4387 31 22 de
1461 4387 27 21 50
1509 4386 44 22 frs.
1574 4385 44 27 qui
1639 4391 93 21 pourra
1753 4384 54 22 etre
1826 4384 165 23 remboursee

1409 4416 14 22 ä
1445 4416 24 22 la
1490 4416 38 23 fin
1549 4416 31 22 de
1601 4415 24 22 la
1646 4415 95 22 session
1766 4415 40 24 (20
1827 4421 68 15 mars
1919 4414 69 24 1951)

1410 4452 31 15 en
1462 4452 41 15 cas
1523 4446 32 22 de
1573 4445 192 27 fre^hentation
1785 4443 141 27 reguliere..

1440 4489 185 27 Esch-Alzette,
1645 4489 33 22 le
1691 4489 27 22 14
1738 4489 103 22 octobre
1863 4488 63 22 1950.

1540 4533 35 22 Le
1595 4532 103 27 College
1717 4532 141 22 echevinal:

1411 4578 33 22 M.
1463 4577 154 27 RASQUIN,
1639 4577 21 22 J.
1680 4576 132 27 JACOBS,
1833 4577 29 22 A.
1883 4576 107 24 KRIER.

2064 3832 99 33 Ville
2189 3833 52 33 de
2266 3833 294 44 Luxembourg

2155 3929 316 44 Enseignement

2050 3981 47 22 Les
2118 3981 80 22 Cours
2219 3981 176 27 postscolaires
2424 3981 31 22 de
2483 3981 25 22 la
2534 3981 67 22 Ville

2020 4014 205 20 commenceront
2240 4011 89 27 mardi,
2344 4011 23 22 le
2385 4011 26 22 17
2425 4013 44 20 crt.
2485 4011 13 22 ä
2514 4012 12 21 2
2541 4012 61 21 heu-

2015 4047 46 16 res
2080 4041 31 22 de
2129 4040 204 27 l'apres-midi.

2053 4078 48 22 Les
2121 4076 84 23 eleves
2234 4077 32 22 de
2292 4077 71 27 l'age
2384 4077 150 27 obligatoire
2562 4080 44 20 ont

2023 4107 40 22 ete
2086 4107 122 22 informes
2230 4113 45 20 par
2306 4107 25 22 la
2353 4107 168 22 Commission
2553 4113 52 16 sco-

2023 4136 71 23 laire.
2358 4138 9 27 r,

2053 4174 48 22 Les
2124 4173 84 22 eleves
2231 4173 44 27 qui
2297 4173 142 22 n'auraient
2469 4179 45 21 pas
2545 4179 61 21 regu

2023 4205 66 20 cette
2112 4202 215 22 communication
2351 4205 56 20 sont
2431 4202 67 27 pries
2523 4203 31 22 de
2579 4210 27 16 se

2022 4233 132 27 presenter
2173 4240 32 15 au
2223 4232 148 22 secretariat
2389 4233 31 22 de
2439 4232 24 22 la
2482 4232 123 22 Commis-

2024 4262 55 22 sion
2110 4262 112 27 scolaire,
2257 4262 34 26 20,
2316 4268 45 16 rue
2394 4262 34 22 du
2452 4262 35 22 St.
2512 4262 92 27 Esprit,

2023 4299 63 20 pour
2109 4291 54 22 etre
2185 4291 100 22 inscrits
2308 4298 33 16 au
2369 4297 73 16 cours
2473 4291 44 27 qui
2546 4297 58 16 con-

2021 4322 107 22 viendra
2148 4322 25 22 le
2194 4322 87 22 mieux
2302 4321 14 22 ä
2337 4321 56 22 leur
2415 4321 157 27 occupation.

2022 4351 59 22 2925
2351 4350 220 27 (Communique.)

2117 4460 187 33 Docteur
2333 4460 176 33 Kuborn

2087 4532 129 22 ABSENT
2238 4531 118 27 Jusqtfau
2380 4531 28 22 22
2431 4531 110 22 octobre.

2671 3339 132 23 Ministere
2823 3340 44 22 des
2886 3340 60 22 Arts
2965 3340 24 22 et
3009 3340 44 22 des
3073 3334 117 30 Sciences

2786 3384 291 22 ADMINISTRATION

2709 3421 60 22 DES
2796 3421 189 22 BATIMENTS
3013 3422 138 22 PUBLICS

2716 3502 86 36 AVIS
2829 3503 311 37 D'ADJUEJICATION

2670 3558 34 22 Le
2721 3559 104 26 srmedi,
2841 3560 28 21 28
2885 3561 103 21 octobre
3005 3561 65 26 1950,
3086 3560 13 22 ä
3119 3561 26 21 10
3160 3561 60 22 heu-

2639 3593 40 16 res
2700 3588 33 22 du
2753 3589 87 26 matin,
2861 3589 18 21 il
2899 3595 56 16 sera
2976 3589 108 27 procede
3106 3597 50 16 aux
3176 3591 44 22 bu-

2639 3622 80 16 reaux
2744 3617 32 22 de
2801 3617 163 22 l'Architecte
2990 3620 31 22 de
3047 3619 174 23 l'Etat-Direc-

2640 3648 62 24 teur,
2728 3647 33 26 10,
2784 3654 45 15 rue
2853 3643 33 27 du
2909 3649 35 21 St.
2968 3649 85 26 Esprit
3075 3649 14 22 ä
3112 3650 109 22 Luxem-

2639 3676 81 27 bourg
2736 3676 14 22 ä
2766 3676 156 22 l'ouverture
2941 3678 43 22 des
3002 3679 164 22 soumissions
3183 3686 37 16 re-

2639 3705 90 22 latives
2752 3705 14 22 ä
2788 3705 154 23 l'execution
2965 3707 44 22 des
3031 3710 111 22 travaux

2775 3743 32 21 de
2824 3743 204 28 CHARPENTE,

2775 3779 32 22 de
2823 3780 258 28 FERBLANTERIE,

2731 3817 25 20 et
2777 3816 31 21 de
2826 3816 220 24 COUVERTURE

2639 3851 62 23 dans
2726 3852 111 24 l'interet
2862 3854 31 22 de
2917 3854 24 22 la
2965 3855 202 22 reconstruction
3191 3857 28 22 de

2637 3881 26 22 la
2687 3881 178 27 B.ASILIQUE
2889 3883 14 22 ä
2928 3884 232 25 Echteraach.

2668 3918 48 22 Les
2738 3919 99 22 cahiers
2857 3920 44 22 des
2922 3920 105 27 charges
3049 3928 61 16 avec
3131 3923 88 22 borde-

2638 3954 80 16 reaux
2738 3948 31 22 de
2788 3949 152 24 soumission
2960 3953 56 20 sont
3036 3951 14 22 ä
3070 3952 25 22 la
3115 3952 104 27 disposi-

2638 3977 54 22 tion
2716 3978 44 22 des
2783 3981 128 21 amateurs
2936 3986 50 15 aux
3017 3981 49 22 dits
3097 3981 121 26 bureaux,

2639 4008 34 26 10,
2693 4014 46 15 rue
2757 4008 34 22 du
2810 4008 34 22 St.
2865 4009 84 27 Esprit
2967 4009 14 22 ä
3001 4010 187 27 Luxembourg.

2668 4044 47 22 Les
2739 4044 82 27 pieces
2845 4046 143 22 conformes
3011 4046 14 22 ä
3048 4047 64 22 l'art.
3136 4048 27 21 31
3187 4047 30 22 du

2639 4074 85 22 cahier
2742 4074 104 27 general
2864 4075 44 22 des
2926 4076 104 27 charges
3049 4076 34 22 du
3103 4077 32 22 1"
3152 4083 64 16 mars

2639 4104 57 22 1948
2720 4106 25 20 et
2767 4106 103 25 portant
2893 4105 176 27 l'inseription:
3093 4107 123 22 "Soumis-

2639 4133 55 22 sion
2718 4135 124 26 pour.
2868 4135 104 22 doivent
2998 4142 26 15 s«
3048 4138 105 20 trouver
3178 4142 38 16 en-

2638 4164 38 20 tre
2694 4163 36 22 les
2747 4163 82 22 mains
2848 4164 34 22 du
2898 4164 226 27 soussigne.avant
3141 4165 73 22 l'heu-

2638 4199 27 15 re
2683 4192 69 22 fixee
2771 4200 64 20 pour
2854 4193 162 23 l'ouverture.

2667 4237 188 27 Luxembourg,
2876 4238 24 22 le
2921 4239 26 21 13
2968 4240 102 22 octobre
3092 4240 64 21 1950.

2719 4281 175 23 L'Architecte
2917 4284 32 22 de
2973 4283 229 23 l'Etat-Direeteur:

2780 4318 100 22 Hubert
2901 4319 234 36 SCHUMACHER.

2638 4355 58 22 2918
2763 4355 183 23 L'Architecte:
2970 4357 33 21 M.
3025 4320 129 59 HEINTZ.

2727 4450 71 33 Dr.
2829 4450 136 33 Simon
2995 4450 132 33 Hertz

2846 4511 166 22 ABSENT

2722 4546 33 22 du
2777 4546 35 22 14.
2832 4547 34 22 10.
2887 4547 27 22 50
2936 4553 32 16 au
2987 4548 35 22 23.
3044 4548 34 22 SO.
3099 4548 36 22 50.
