3278 4668
106 119 146 28 MONTAG,
274 123 33 22 16.
326 125 111 24 Oktober
457 128 57 22 1950
562 131 42 21 Nr.
622 132 42 22 238

1488 137 249 23 TAGEBLATT

3027 132 94 22 Seite
3108 133 13 21 5

335 216 335 103 Hundert
714 223 233 99 Jahre
995 226 684 99 Handelskammer

386 385 17 21 I.

132 423 53 22 Den
206 426 108 23 Auftakt
332 434 55 16 zum
408 430 127 21 Jubiläum
554 430 44 21 der
617 430 68 23 Han-

104 452 169 25 delskammer
292 458 92 22 bildete
405 460 98 25 gestern
523 457 101 27 morgen
644 465 42 16 um

106 484 61 21 10.30
184 485 53 22 Uhr
254 486 44 21 der

301 534 188 21 FESTAKT

104 574 34 23 im
157 575 170 27 Sitzungssaal
347 578 43 22 des
408 578 168 22 Stadthauses.

132 603 66 22 Herr
218 605 134 23 Präsident
372 607 93 26 Aloyse
485 607 125 26 Meyer,
632 612 54 16 um-

104 635 79 25 geben
204 642 49 15 von
276 638 47 22 den
342 639 52 20 HH.
422 639 60 20 Max
510 638 12 24 L
535 638 12 24 a
561 638 12 24 m
586 638 12 24 b
612 638 12 24 e
637 638 12 24 r
662 638 25 24 t,

103 664 196 27 Vizepräsident,
318 669 106 23 Jacques
442 668 104 23 Krau,
574 667 111 22 Edmond

102 694 291 24 Müller-Wester
381 703 12 15 r
439 697 73 21 sowie
559 697 126 25 Syndikus

104 724 61 22 Paul
194 727 130 24 Weber,
358 727 119 25 begrüßte
504 726 39 21 die
578 727 106 21 zahlrei-

103 754 64 22 chen
185 756 160 26 Ehrengäste,
363 762 32 16 an
413 756 66 21 ihrer
497 756 82 25 Spitze
598 758 86 20 S.K.H.

103 784 49 22 den
184 786 148 22 Prinzen
364 792 63 15 von
452 787 232 25 Luxemburg,

103 815 82 21 Herrn
208 816 243 22 Oberhofmarschall
473 816 88 21 Alfred
583 817 100 24 Loesch,

100 843 84 22 Herrn
206 844 254 27 Kammerpräsident
480 844 80 22 Emile
583 844 101 28 Reuter,

104 874 38 21 die
167 876 53 21 HH.
242 876 114 20 Minister
378 876 91 24 Simon,
493 875 100 24 Schaus,
618 877 65 21 Osch

103 905 53 21 und
177 905 138 26 Schaffner,
339 905 50 21 S.E.
411 905 107 26 Saffroy,
542 905 48 22 den
613 905 70 22 fran-

103 934 126 22 zösischen
248 934 142 22 Gesandten
411 935 74 20 sowie
504 936 82 20 Herrn
605 936 78 20 Emile

104 964 155 26 Vanheeghe,
281 964 46 21 den
349 964 210 22 Handelsattache
579 966 39 20 bei
641 966 42 21 der

102 993 184 22 französischen
333 993 189 26 Gesandschaft,
572 995 111 21 Vicomte

103 1023 113 25 Berryer,
237 1024 48 21 den
307 1024 142 24 belgischen
471 1024 149 25 Gesandten,
643 1031 39 15 so-

101 1053 47 21 wie
164 1054 81 20 Herrn
262 1054 173 25 Legationsrat
452 1054 84 21 Pierre
554 1054 127 21 Vanheer-

100 1082 149 25 swynghels,
265 1083 49 21 den
334 1084 242 25 U.S.-Legationsrat
594 1084 88 21 Mister

103 1113 106 25 Swezey,
231 1113 48 21 den
303 1114 136 21 britischen
463 1113 95 26 Charge
582 1114 99 21 d'affai-

101 1148 40 16 res
155 1143 88 21 Mister
257 1143 116 25 Landale,
390 1144 82 20 Herrn
486 1143 114 22 Frederic
615 1143 66 22 Mül-

102 1172 44 24 ler,
163 1173 95 21 Konsul
277 1174 44 21 der
339 1173 248 26 Eidgenossenschaft
607 1174 74 20 sowie

102 1202 93 22 andere
218 1203 234 24 Persönlichkeiten,
483 1203 39 21 die
553 1203 46 21 den
631 1203 49 21 Sit-

103 1233 130 25 zungssaal
247 1233 37 22 bis
299 1239 55 16 zum
369 1233 91 21 letzten
474 1233 68 21 Platz
556 1233 96 21 füllten.

136 1262 44 21 Die
222 1262 113 22 festliche
377 1259 302 28 Begrüßungsansprache

103 1292 62 21 hielt
189 1292 65 20 Herr
279 1292 130 21 Präsident
435 1292 89 25 Aloyse
551 1292 130 25 Meyer,

103 1320 44 22 der
180 1322 81 20 seiner
287 1323 167 25 Genugtuung
481 1322 107 21 darüber
615 1322 66 21 Aus-

102 1350 77 22 druck
197 1352 54 25 gab,
268 1352 38 21 die
325 1352 197 21 administrative
541 1352 50 21 und
610 1352 70 21 wirt-

103 1380 145 22 schaftliche
263 1381 63 21 Elite
341 1381 42 21 des
398 1381 226 25 Großherzogtums
640 1388 39 15 so-

101 1411 46 20 wie
170 1410 44 22 des
235 1411 140 22 Auslandes
397 1412 169 21 willkommen
590 1412 88 21 heißen

102 1446 29 16 zu
149 1441 105 21 können.
275 1441 27 20 In
321 1441 78 21 erster
416 1441 69 20 Linie
505 1441 91 22 dankte
615 1441 66 22 Herr

101 1470 90 25 Aloyse
212 1471 86 24 Meyer
319 1471 85 21 S.K.H.
425 1471 56 21 dem
504 1471 104 21 Prinzen
630 1477 49 15 von

101 1500 165 25 Luxemburg.
280 1501 82 21 Durch
377 1501 71 22 Seine
463 1501 64 21 hohe
541 1501 137 20 Anwesen-

101 1529 52 21 heit
165 1529 63 21 habe
242 1530 86 21 S.K.H.
342 1530 132 21 bekunden
489 1529 96 26 wollen,
599 1530 80 21 welch

102 1560 63 21 hohe
178 1559 145 27 Bedeutung
337 1560 44 21 der
393 1560 50 21 Hof
456 1560 56 21 dem
524 1560 154 22 wirtschaft-

101 1590 81 21 lichen
206 1590 82 21 Leben
314 1590 42 21 des
383 1590 226 25 Großherzogtums
635 1596 42 15 zu-

102 1625 85 15 messe.

130 1650 27 20 In
172 1650 82 21 seinen
270 1650 117 22 weiteren
402 1650 196 25 Ausführungen
613 1650 65 25 legte

100 1678 44 21 der
158 1679 98 21 Redner
269 1679 51 26 dar,
336 1679 46 21 daß
398 1679 38 22 die
453 1678 225 22 Handelskammer

100 1709 131 24 eigentlich
251 1710 38 20 109
309 1710 75 21 Jahre
403 1710 75 25 zähle,
498 1709 30 22 da
547 1710 35 20 sie
600 1710 77 21 durch

99 1738 233 27 großherzoglichen
348 1739 121 21 Beschluß
488 1744 58 16 vom
563 1739 18 20 1.
599 1739 78 21 Okto-

99 1768 44 21 ber
167 1768 52 21 1841
244 1775 48 16 von
316 1769 113 21 Wilhelm
452 1769 30 21 II.
507 1769 43 22 der
572 1769 104 22 Nieder-

98 1798 74 21 lande
187 1799 137 25 gegründet
339 1799 100 22 worden
456 1800 40 20 sei.
513 1800 31 22 Es
560 1800 34 21 sei
609 1800 68 21 nicht

96 1828 131 26 angängig,
246 1828 40 22 die
307 1829 101 21 Gründe
427 1830 25 20 in
472 1829 156 25 Erinnerung
648 1835 29 16 zu

97 1857 74 22 rufen
191 1859 110 22 weshalb
321 1865 58 16 man
401 1860 33 20 im
454 1859 76 22 Jahre
552 1860 53 20 1941
629 1865 49 16 von

97 1887 44 21 der
165 1888 237 26 Hundertjahrfeier
434 1889 139 25 abgesehen
606 1889 71 21 habe.

96 1917 50 22 Das
163 1918 63 21 Jahr
244 1919 55 20 1950
318 1919 33 21 sei
371 1919 102 21 deshalb
493 1920 24 21 in
536 1920 140 25 Erwägung

95 1952 107 21 gezogen
226 1949 107 26 worden,
357 1949 56 21 weil
437 1954 25 16 es
487 1949 52 21 sich
563 1955 55 15 zum
643 1950 33 20 25.

95 1976 66 23 Male
179 1978 78 25 jähre,
275 1979 47 21 daß
340 1978 38 22 die
397 1979 223 21 Berufskammern
639 1979 38 21 ins

94 2008 82 22 Leben
195 2009 104 25 gerufen
317 2009 103 22 worden
438 2009 74 21 seien.

121 2037 108 22 Anhand
249 2038 205 25 geschichtlicher
473 2039 204 20 Reminiszenzen

93 2068 91 21 bewies
198 2068 44 21 der
257 2068 105 24 Redner,
375 2068 49 22 daß
438 2068 40 21 die
492 2068 183 22 Handelskam-

93 2103 54 16 mer
166 2099 45 21 vor
229 2098 110 22 hundert
357 2098 95 21 Jahren
473 2098 38 21 die
532 2098 65 21 erste
618 2098 59 21 offi-

93 2128 70 21 zielle
179 2128 181 25 Wortträgerin
375 2128 44 21 der
435 2128 164 21 öffentlichen
612 2128 63 21 Mei-

92 2163 69 21 nung
179 2159 52 21 und
248 2159 43 21 des
309 2159 143 21 nationalen
473 2159 102 21 Willens
594 2163 82 21 gewe-

93 2193 44 16 sen
160 2188 42 25 sei,
223 2188 30 21 da
276 2190 50 20 erst
348 2188 73 21 zwölf
443 2189 66 23 Tage
532 2188 83 25 später
636 2187 39 21 die

93 2218 154 27 Verfassung
261 2219 25 21 in
303 2219 75 21 Kraft
393 2219 112 24 getreten
520 2218 42 21 sei.

121 2248 49 20 Der
186 2247 72 21 Dank
275 2248 42 20 des
333 2248 111 21 Redners
460 2248 58 24 ging
533 2247 96 22 sodann
643 2252 32 15 an

91 2277 39 22 die
146 2278 108 21 Adresse
270 2278 44 21 der
330 2277 160 21 hierzulande
508 2276 166 22 akkreditier-

91 2308 43 23 ten
149 2308 205 26 diplomatischen
371 2307 231 21 Persönlichkeiten
616 2306 57 21 Bel-

91 2338 76 24 giens,
187 2337 171 24 Frankreichs,
379 2336 232 24 Großbritanniens,
631 2335 44 21 der

91 2363 70 30 USA,
181 2368 45 21 der
244 2367 173 26 Niederlande,
437 2367 104 20 Italiens
560 2365 51 22 und
631 2365 44 22 der

92 2398 116 21 Schweiz.
227 2398 71 21 Auch
317 2397 60 22 fand
397 2402 27 15 er
442 2396 180 21 Dankesworte
643 2401 32 16 an

92 2428 38 21 die
153 2428 108 21 Adresse
282 2427 44 22 der
347 2428 54 20 HH.
421 2427 99 24 Reuter,
541 2426 132 20 Kammer-

90 2457 136 26 präsident,
246 2457 76 21 sowie
343 2457 112 25 Dupong,
477 2455 197 25 Ministerpräsi-

90 2488 67 21 dent.
179 2488 127 21 Letzterer
329 2487 64 21 habe
417 2486 43 21 das
490 2485 114 21 Vorwort
634 2484 42 21 für

92 2517 48 22 den
160 2517 238 25 Erinnerungsband
420 2516 167 26 geschrieben,
612 2514 63 22 auch

93 2549 34 20 sei
150 2549 65 20 Herr
246 2548 104 25 Dupong
381 2546 44 22 der
455 2545 220 22 Berichterstatter

92 2578 44 21 der
149 2578 191 25 Gesetzvorlage
355 2583 58 15 vom
427 2577 33 20 24.
475 2576 71 25 April
563 2576 55 20 1924
631 2579 43 21 ge-

91 2614 90 18 wesen,
204 2608 77 21 durch
313 2608 38 21 die
381 2606 38 22 die
452 2606 223 22 Berufskammern

90 2639 55 21 ihre
164 2638 147 27 gesetzliche
329 2637 71 22 Basis
419 2636 114 22 erhalten
552 2636 93 20 hätten.

117 2667 74 22 Auch
208 2667 122 27 gedachte
345 2666 46 22 der
408 2665 100 22 Redner
524 2664 44 22 des
584 2670 19 15 z.
613 2663 25 22 Z.
649 2662 26 22 in

87 2697 49 22 den
154 2696 165 27 Vereinigten
338 2695 104 22 Staaten
461 2694 143 22 weilenden
622 2693 52 22 Au-

87 2726 188 26 βenministers,
292 2726 46 21 der
357 2724 96 22 sowohl
469 2723 44 22 für
531 2723 49 22 den
599 2728 75 16 uner-

87 2756 129 22 läßlichen
237 2756 97 26 Export
353 2754 60 22 wie'
429 2754 60 22 auch
507 2753 42 22 für
568 2753 49 22 den
638 2752 35 22 le-

88 2785 244 27 bensnotwendigen
355 2785 96 26 Import
473 2782 133 22 wertvolle
628 2782 46 22 Fä-

715 386 49 22 den
784 392 145 22 gesponnen
948 387 72 22 habe.
1040 388 71 22 Nach
1137 389 45 22 der
1202 389 95 27 Begrü-

715 414 69 27 βung
807 417 43 22 des
880 417 263 23 Oberhofmarschalls
1173 419 52 22 und
1253 419 44 22 des

714 444 130 24 Ministers
875 447 42 21 für
948 447 209 22 wirtschaftliche
1188 447 109 27 Angele-

714 474 136 25 genheiten
870 476 100 21 wandte
997 476 53 22 sich
1068 476 45 22 der
1139 477 100 22 Redner
1266 484 31 14 an

714 503 41 22 die
777 505 195 22 ausländischen
993 505 84 26 Gäste,
1099 506 26 21 in
1154 506 83 26 specie
1265 513 31 15 an

712 532 85 22 Herrn
813 534 116 26 Vasseur,
945 535 50 22 den
1011 535 226 22 Generalsekretär
1253 535 44 22 der

714 562 216 23 Internationalen
949 563 236 22 Handelskammer.
1203 565 93 21 Ferner

715 592 131 22 erwähnte
865 599 27 15 er
911 593 82 21 Herrn
1014 593 109 27 Jacques
1141 593 155 27 Fougerolle,

715 620 134 25 Präsident
868 622 44 22 der
940 622 100 22 Pariser
1069 623 229 22 Handelskammer

714 651 52 21 und
789 651 26 22 in
837 651 82 22 dieser
943 651 163 27 Eigenschaft
1127 652 65 21 auch
1214 652 82 22 Präsi-

714 679 61 22 dent
790 680 45 21 der
853 679 161 26 "Assemblee
1031 681 44 22 des
1091 680 146 23 Presidents
1253 682 44 22 des

714 708 140 23 Chambres
878 710 29 21 de
931 710 147 21 Commerce
1100 711 31 21 de
1154 711 95 21 France
1272 712 26 20 et

712 738 33 22 de
762 738 100 22 l'Union
882 739 155 27 Frangaise",
1055 739 83 22 Herrn
1156 739 140 22 Waenden-

713 767 75 27 dries,
818 768 50 22 den
900 767 166 22 Präsidenten
1097 768 45 22 der
1173 769 123 21 Handels-

712 795 116 23 kammer
850 804 49 15 von
929 797 205 26 Saint-Quentin,
1165 797 40 22 die
1235 798 61 21 Ver-

714 826 78 22 treter
811 827 45 21 der
877 827 248 22 Handelskammern
1144 833 50 15 von
1214 828 82 22 Stras-

712 855 89 27 bourg,
822 855 73 26 Metz,
916 855 160 26 Bar-le-Duc,
1105 855 83 22 Herrn
1216 855 79 22 Bour-

713 889 74 22 gaux,
808 885 132 22 Vertreter
959 885 45 22 der
1026 884 164 26 "Federation
1209 885 86 22 Natio-

712 913 58 22 nale
798 914 44 22 des
871 914 139 22 Chambres
1038 914 30 22 de
1096 914 147 22 Commerce
1271 916 25 20 et

712 942 153 23 d'Industrie
884 944 32 22 de
935 938 144 32 Belgique",
1098 944 49 22 den
1167 943 128 27 Delegier-

713 972 42 21 ten
776 972 44 22 der
839 972 132 22 Brüsseler
992 972 235 26 Handelskammer,
1247 972 49 22 den

712 1000 132 23 Vertreter
864 1002 45 22 der
929 1002 230 22 Handelskammer
1186 1001 42 22 für
1256 1001 54 25 die

712 1029 109 23 Provinz
840 1032 164 26 Luxemburg
1031 1030 77 22 sowie
1136 1031 83 21 Herrn
1247 1031 47 22 En-

712 1060 60 26 gels,
791 1060 49 22 den
860 1060 166 22 Präsidenten
1046 1060 45 22 der
1110 1060 185 27 Antwerpener
1284 1066 11 15 r

712 1088 237 22 Handelskammer.
969 1088 87 22 Außer
1077 1089 82 22 Herrn
1181 1095 49 15 van
1251 1089 44 22 der

712 1118 125 27 Mandele,
855 1119 134 22 Präsident
1004 1119 45 21 der
1067 1118 228 22 Handelskammer

712 1153 49 16 von
792 1148 165 26 Südholland,
988 1148 95 22 konnte
1114 1148 44 22 der
1195 1148 100 22 Redner

712 1176 125 22 ebenfalls
859 1177 49 22 den
928 1176 167 22 Präsidenten
1116 1176 45 22 der
1190 1176 104 22 Nieder-

712 1205 149 23 ländischen
879 1206 230 24 Handelskammer
1129 1205 42 22 für
1190 1205 105 27 Belgien

712 1236 52 22 und
787 1236 164 26 Luxemburg
975 1235 77 22 sowie
1083 1235 49 22 den
1164 1235 131 21 Vertreter

711 1262 45 24 der
784 1265 178 22 Maastrichter
997 1264 229 22 Handelskammer
1253 1264 42 22 be-

712 1294 105 27 grüßen.
841 1294 60 22 Sein
923 1293 75 25 Dank
1021 1293 60 27 ging
1104 1292 64 22 auch
1191 1299 32 15 an
1254 1292 40 22 die

1326 390 487 27 Deutsch-Belgisch-Luxemburgische
1838 391 67 22 Han-

1325 419 171 22 delskammer
1518 419 26 22 in
1564 419 74 25 Köln,
1667 419 129 22 vertreten
1826 419 80 22 durch

1325 448 84 21 Herrn
1424 449 132 26 Bauwens,
1573 455 32 15 an
1621 448 40 22 die
1677 448 151 22 Rheinische
1838 449 67 21 Han-

1325 477 177 26 delskammer,
1540 478 129 21 vertreten
1706 478 81 21 durch
1823 478 82 21 Herrn

1325 507 134 23 Präsident
1481 507 80 26 Greis,
1584 513 32 14 an
1638 506 41 22 die
1709 507 99 22 Trierer
1838 507 67 22 Han-

1325 535 177 27 delskammer,
1537 536 129 21 vertreten
1702 536 79 21 durch
1823 536 82 22 Herrn

1325 564 170 27 Zettelmeyer
1512 565 52 22 und
1579 572 33 14 an
1628 564 82 22 Herrn
1728 565 63 22 Paul
1807 565 99 27 Siegen,

1325 594 133 22 Präsident
1481 595 45 22 der
1557 594 251 26 Luxemburgischen
1838 595 67 21 Han-

1325 623 171 22 delskammer
1514 623 26 22 in
1559 623 161 22 Frankreich.

1356 651 50 22 Der
1424 653 100 21 Redner
1544 652 66 26 legte
1628 652 96 22 sodann
1743 652 40 22 die
1803 652 104 22 Gründe

1325 681 53 26 dar,
1392 682 111 22 weshalb
1518 682 45 21 der
1579 681 171 26 Sitzungssaal
1764 682 44 22 des
1822 682 84 22 Stadt-

1325 710 90 22 hauses
1446 711 43 22 für
1518 711 40 22 die
1591 710 315 27 Erinnerungszeremonie

1326 739 157 27 ausgewählt
1496 739 104 22 worden
1616 739 42 22 sei.
1675 739 99 22 Gerade
1789 746 49 15 von
1855 739 52 22 die-

1325 775 54 15 sem
1399 768 166 22 historischen
1586 769 55 21 Bau
1660 774 45 16 aus
1725 769 36 21 sei
1781 769 41 22 die
1843 769 63 21 Bitt-

1325 798 91 22 schrift
1432 805 32 14 an
1481 798 119 22 Wilhelm
1617 798 22 21 II
1658 803 183 21 ausgegangen,
1867 798 39 22 die

1325 827 228 22 Handelskammer
1572 827 38 22 ins
1628 827 85 22 Leben
1731 833 31 15 zu
1779 828 82 21 rufen.
1878 828 28 21 In

1328 855 94 22 diesem
1448 855 220 26 Zusammenhang
1693 855 124 27 begrüßte
1842 856 66 21 Herr

1325 884 93 26 Aloyse
1457 885 88 26 Meyer
1583 885 49 21 den
1672 884 236 27 hauptstädtischen

1324 914 134 22 Schöffen-
1479 915 51 21 und
1559 914 187 22 Gemeinderat.
1775 914 132 22 Anschlie-

1325 943 66 22 βend
1413 944 126 26 würdigte
1569 944 45 22 der
1644 944 100 21 Redner
1775 944 39 22 die
1845 944 61 21 Ver-

1325 971 97 22 dienste
1446 972 45 22 der
1516 972 257 26 Verwaltungschefs,
1797 972 41 22 die
1863 972 44 22 der

1325 1001 229 22 Handelskammer
1590 1002 132 22 wertvolle
1756 1002 151 22 Statistiken

1325 1030 99 22 liefern.
1441 1032 27 20 In
1485 1031 88 22 seinen
1590 1031 74 21 Dank
1681 1031 88 22 schloß
1785 1031 45 22 der
1847 1031 60 22 Prä-

1324 1059 84 22 sident
1427 1060 124 22 ebenfalls
1571 1060 39 22 die
1629 1060 95 26 Presse,
1744 1060 41 22 die
1805 1060 102 21 Vertre-

1325 1089 38 21 ter
1381 1088 44 22 der
1444 1089 282 26 Handwerkskammer,
1744 1090 45 21 der
1808 1089 99 22 Privät-

1325 1118 242 25 beamtenkammer,
1595 1118 44 22 der
1663 1118 243 26 Arbeiterkammer,

1324 1147 44 22 der
1388 1147 103 22 Central
1510 1147 139 26 Paysanne,
1668 1147 49 22 den
1736 1148 171 22 Handwerks-

1323 1176 226 27 meisterverband,
1590 1176 49 22 den
1678 1176 229 22 kaufmännischen

1326 1204 127 27 Verband,
1494 1205 49 22 den
1584 1205 321 27 Industriellen-Verband,

1325 1233 48 22 den
1403 1234 276 26 Großisten-Verband,
1711 1235 44 22 das
1793 1235 113 27 Groupe-

1323 1264 71 21 ment
1412 1264 44 22 des
1475 1264 139 22 Industries
1634 1263 201 28 Siderurgiques,
1863 1264 44 22 das

1323 1292 81 26 Sacol,
1427 1292 49 22 den
1499 1292 230 22 Hotelierverband
1760 1293 77 22 sowie
1866 1293 40 22 die

1932 224 134 22 Verbände
2083 224 45 22 der
2146 224 124 22 Bankiers
2286 224 52 22 und
2354 223 159 24 Assekuran-

1932 261 52 15 zen.
2008 254 205 26 Ausgenommen
2236 253 41 22 die
2299 252 215 22 Landwirtschaft

1932 285 52 22 und
2005 284 44 22 das
2068 282 149 22 Handwerk
2236 282 106 22 würden
2369 281 41 22 die
2438 287 76 21 ange-

1933 311 139 29 gliederten
2101 312 134 22 Verbände
2264 312 26 21 in
2318 311 44 22 der
2390 310 123 22 Handels-

1932 343 115 21 kammer
2071 342 39 22 die
2133 341 187 27 Verteidigerin
2343 341 68 21 ihrer
2434 341 81 21 Inter-

1934 379 71 15 essen
2035 372 83 22 sehen.
2147 371 93 21 Hierzu
2261 370 87 22 führte
2375 370 46 21 der
2450 369 65 22 Red-

1933 408 45 16 ner
1998 401 116 22 wörtlich
2133 406 37 16 aus
2216 400 66 22 C'est
2301 406 32 15 en
2352 399 51 22 ceci
2423 405 49 20 que
2490 398 24 21 la

1935 430 125 22 Chambre
2079 427 31 24 de
2129 430 147 22 Commerce
2294 436 26 15 se
2339 428 127 26 distingue
2484 428 31 21 de

1933 467 39 15 ses
1987 460 225 22 Chambres-soeurs
2256 458 36 22 les
2305 457 105 22 interets
2424 457 92 27 qu'elle

1933 488 154 27 represente,
2109 495 31 15 ne
2170 489 56 21 sont
2256 494 45 20 pas
2330 485 184 27 automatique-

1935 519 69 21 ment
2026 519 24 20 et
2070 518 115 26 toujours
2206 517 131 22 solidaires
2358 523 33 15 ou
2413 522 103 16 conver-

1935 548 78 26 gents.
2028 547 48 22 Les
2092 546 215 27 representations
2321 546 44 22 des
2382 543 134 28 Employes

1935 576 87 22 Prives
2043 583 32 15 ou
2095 576 33 22 du
2149 575 104 22 salariat
2274 576 63 24 sont,
2357 574 68 25 elles,
2454 574 62 21 dans

1932 607 70 21 leurs
2038 606 107 26 grandes
2181 605 87 27 lignes,
2304 603 213 22 necessairement

1934 635 138 22 solidaires.
2096 635 83 22 Meme
2202 635 62 22 dans
2287 634 37 22 les
2346 632 110 27 metiers,
2480 633 36 21 les

1935 663 143 27 problemes
2093 664 103 22 sociaux
2211 669 130 16 communs
2357 662 161 27 l'emportent

1936 701 42 15 sur
1999 694 36 22 les
2056 693 171 27 divergences.
2256 693 67 21 Pour
2345 692 24 21 la
2390 691 127 22 Chambre

1934 723 32 21 de
1980 723 154 25 Commerce,
2147 723 43 27 qui
2202 722 38 22 dit
2252 721 129 22 economie
2396 721 71 25 libre,
2480 719 38 22 dit

1936 750 175 27 concurrence,
2131 751 63 22 lutte
2216 757 63 20 pour
2300 750 152 25 l'existence,
2474 756 42 15 an-

1937 781 152 27 tagonismes
2107 780 132 27 frequents
2258 781 55 21 tant
2335 780 70 21 entre
2425 778 36 22 les
2480 778 37 21 in-

1935 811 100 22 dividus
2054 810 114 27 qu'entre
2185 811 36 21 les
2238 815 108 21 groupes
2364 807 153 27 profession-

1936 840 60 22 nels.
2011 840 31 21 Es
2056 839 44 26 sei,
2114 846 26 15 so
2155 839 60 21 fuhr
2231 839 44 21 der
2289 839 100 22 Redner
2403 838 59 25 fort,
2477 837 40 22 die

1936 869 94 22 Pflicht
2053 869 44 21 der
2120 868 236 24 Handelskammer,
2379 866 53 22 sich
2456 866 62 21 über

1937 898 68 22 diese
2038 897 263 27 partikularistischen
2342 896 176 25 Erwägungen

1936 927 219 26 hinwegzusetzen
2178 927 53 21 und
2253 933 59 15 man
2335 926 84 21 könne
2443 924 75 26 ruhig

1936 956 151 27 behaupten,
2109 955 49 22 daß
2180 955 35 22 sie
2236 955 82 21 dieser
2338 954 105 22 Mission
2472 954 47 22 seit

1937 985 82 22 einem
2048 985 175 22 Jahrhundert
2251 983 103 27 gerecht
2383 982 135 27 geworden

1936 1015 42 22 sei.
2009 1015 72 21 Auch
2113 1015 102 26 glaubte
2254 1013 133 22 Präsident
2424 1012 94 26 Aloyse

1936 1044 88 26 Meyer
2043 1043 82 22 seiner
2145 1043 121 26 Meinung
2286 1043 77 22 dahin
2384 1041 135 22 Ausdruck

1937 1080 30 16 zu
1987 1074 88 28 geben,
2097 1073 49 22 daß
2176 1079 26 16 es
2231 1071 125 22 zwischen
2387 1071 131 22 landwirt-

1935 1103 164 22 schaftlicher
2121 1103 51 21 und
2202 1101 174 22 industrieller
2404 1099 114 22 Produk-

1937 1131 59 26 tion,
2014 1131 124 22 zwischen
2154 1131 104 27 Kapital
2277 1131 51 22 und
2345 1130 97 25 Arbeit,
2460 1128 58 22 zwi-

1936 1162 76 22 schen
2032 1161 57 22 dem
2107 1160 81 22 Groß-
2208 1160 51 22 und
2277 1160 58 22 dem
2354 1159 164 22 Kleinunter-

1937 1191 110 22 nehmen
2087 1190 92 22 keinen
2219 1187 301 24 Fundamentalkonflikt

1937 1220 69 26 gebe,
2025 1226 74 16 wenn
2120 1220 64 22 auch
2201 1220 52 21 mal
2272 1218 176 26 Detailfragen
2467 1216 51 22 An-

1937 1249 42 22 laß
1997 1255 30 16 zu
2046 1248 149 27 Reibungen
2214 1248 88 26 gäben.

2214 1292 177 26 (Fortsetzung
2409 1290 77 27 folgt)

2686 323 106 22 (Schluß
2810 328 49 16 von
2876 322 67 22 Seite
2961 322 25 23 2)

2544 367 159 22 Konklusion
2724 367 84 30 gelten
2831 368 50 21 erst
2903 366 67 22 dann
2992 366 37 22 als
3050 365 74 29 abge-

2544 396 134 26 schlossen,
2699 403 74 15 wenn
2793 396 44 22 der
2858 395 155 27 Delinquent
3032 395 93 21 entlas-

2544 422 43 24 sen
2601 422 71 24 wird.

2574 461 56 22 Viel
2644 462 70 21 Wert
2730 462 62 22 wird
2807 462 44 21 auf
2865 461 41 22 die
2921 461 139 26 Begabung
3075 460 52 22 und

2545 491 165 27 Fähigkeiten
2741 491 44 21 der
2815 491 188 26 Delinquenten
3033 490 93 27 gelegt;

2545 526 52 15 was
2611 519 35 22 sie
2659 521 52 24 tun,
2727 520 47 21 wie
2787 520 37 22 sie
2838 519 137 22 ehrenhaft
2987 519 39 22 ihr
3042 518 86 23 Leben

2545 549 138 21 verdienen
2705 549 51 22 und
2776 549 46 22 mit
2842 549 49 22 den
2912 548 151 22 Problemen
3083 548 44 22 des

2545 578 98 22 Lebens
2658 579 77 26 fertig
2751 579 102 21 werden
2870 579 110 21 können.

2575 614 50 21 Der
2643 614 74 25 letzte
2734 615 91 21 Zweck
2842 615 44 21 des
2904 614 118 25 "Institut
3037 606 31 30 de
3085 612 44 23 de-

2545 644 71 21 fense
2637 643 115 22 sociäle":
2772 644 229 22 wissenschaftlich
3020 644 40 22 die
3081 644 48 21 Ur-

2545 673 92 22 sachen
2673 673 44 21 der
2746 673 176 22 Kriminalität
2957 673 171 22 untersuchen

2545 701 52 22 und
2615 701 41 22 die
2675 701 83 22 Mittel
2785 702 137 25 studieren,
2948 702 49 21 wie
3024 702 36 21 sie
3086 701 43 22 be-

2545 730 101 27 kämpft
2663 731 102 21 werden
2782 731 76 22 kann.

2577 767 31 21 Es
2626 767 88 21 wurde
2733 767 59 22 kein
2810 774 77 15 neues
2906 767 121 22 Personal
3045 767 84 27 einge-

2546 796 76 22 stellt.
2645 796 49 22 Das
2717 796 163 22 vorhandene
2902 793 121 26 Personal
3045 797 85 22 stellte

2546 825 53 22 sich
2618 825 82 22 Herrn
2720 825 105 27 Mergen
2844 832 44 15 zur
2908 826 150 27 Verfügung
3078 823 53 25 und

2547 854 83 22 leistet
2650 855 79 26 willig
2750 855 55 21 eine
2825 854 106 27 gewisse
2950 855 165 22 Mehrarbeit.

2577 890 52 21 Wir
2650 890 56 22 sind
2727 891 44 21 der
2791 891 114 26 Ansicht,
2926 898 75 15 wenn
3021 892 41 22 die
3082 892 49 21 Re-

2546 920 66 21 form
2631 920 44 22 des
2695 920 168 22 Strafwesens
2882 921 136 26 gesetzlich
3036 921 94 27 festge-

2546 949 52 26 legt
2618 949 71 27 wird,
2709 949 74 21 dürfe
2802 955 46 16 vor
2867 949 142 27 unbedingt
3027 950 103 26 nötigen

2546 977 204 27 Mehrausgaben
2776 979 64 21 auch
2863 979 66 21 noch
2952 979 75 22 keine
3049 979 82 27 Angst

2548 1007 171 22 aufkommen.
2742 1008 74 22 Diese
2838 1008 204 27 Mehrausgaben
3064 1009 68 22 wür-

2546 1036 50 22 den
2614 1037 104 22 sowieso
2737 1043 48 15 nur
2803 1038 74 21 einen
2895 1038 121 26 geringen
3035 1038 97 22 Bruch-

2547 1065 44 21 teil
2611 1065 45 22 der
2676 1060 209 28 Riesensummen
2905 1067 44 22 des
2969 1067 163 22 Militärbud-

2546 1095 56 26 gets
2616 1095 144 22 darstellen.
2775 1096 47 21 Die
2836 1096 144 22 Sicherheit
2993 1097 53 21 und
3059 1096 73 23 Ruhe

2546 1124 46 22 der
2610 1124 104 27 Bürger,
2731 1125 46 22 der
2794 1125 97 27 Kampf
2907 1132 43 15 um
2967 1126 41 22 die
3025 1126 106 22 Ausrot-

2548 1154 62 26 tung
2628 1154 44 22 des
2691 1154 228 22 Verbrechertums
2937 1155 81 21 durch
3036 1155 95 21 Erken-

2547 1189 49 15 nen
2619 1183 52 22 und
2693 1183 144 27 Beseitigen
2858 1184 45 22 der
2925 1184 130 22 Ursachen
3077 1185 55 21 des-

2548 1212 87 22 selben
2657 1212 57 22 sind
2736 1213 60 21 aber
2818 1213 149 22 schließlich
2989 1214 65 21 auch
3075 1214 57 21 eine

2548 1241 118 27 wichtige
2683 1241 88 22 Sache.

2578 1270 55 22 Daß
2668 1270 55 22 eine
2757 1270 191 27 grundlegende
2981 1272 152 27 gesetzliche

2547 1299 104 22 Reform
2680 1306 88 16 unsers
2796 1301 170 22 Strafwesens
2994 1302 70 27 nötig
3093 1302 39 26 ist,

2550 1329 81 21 daran
2654 1329 102 22 besteht
2780 1330 68 21 wohl
2873 1330 60 21 kein
2958 1330 175 27 prinzipieller

2548 1358 106 22 Zweifel
2672 1358 79 26 mehr,
2770 1359 156 27 nirgendwo.
2945 1360 74 22 Diese
3037 1361 95 26 gesetz-

2548 1386 66 22 liche
2630 1387 104 22 Reform
2750 1388 59 22 darf
2825 1389 64 22 auch
2904 1389 71 22 nicht
2990 1390 143 27 allzulange

2547 1416 73 21 mehr
2634 1416 211 28 hinausgezögert
2860 1419 110 22 werden.
2985 1419 51 22 Das
3051 1419 82 22 Wich-

2549 1445 75 27 tigste
2640 1446 60 21 aber
2719 1446 63 22 wird
2799 1447 62 26 sein;
2879 1448 50 21 daß
2946 1448 69 22 diese
3031 1448 103 22 Gesetz-

2548 1474 97 22 reform
2661 1475 118 22 wirklich
2794 1477 197 22 fortschrittlich
3007 1478 44 26 sei;
3069 1478 66 22 nach

2550 1504 171 26 ausgereiften
2750 1506 77 22 Ideen
2855 1507 132 27 vollzogen
3018 1507 52 22 und
3099 1507 35 22 im

2551 1533 85 22 Geiste
2667 1534 44 22 der
2740 1535 221 23 demokratischen
2984 1536 150 22 Humanität

2550 1562 52 21 und
2621 1562 193 27 Gerechtigkeit
2832 1565 127 22 realisiert
2978 1566 92 22 werde.

839 1388 296 111 Aus
1220 1386 245 110 der
1534 1385 870 128 Hauptstadt

740 1544 277 25 Wiederbevölkerung
1050 1546 104 17 unserer
1187 1540 105 29 Jagden.

708 1577 29 21 In
759 1573 159 24 Anbetracht
939 1571 44 23 der
1006 1571 136 22 trostlosen
1165 1569 127 22 Zustände

708 1606 104 22 unserer
834 1603 105 27 Jagden,
961 1602 44 21 hat
1027 1606 77 16 unser
1125 1600 35 22 St.
1181 1599 110 22 Hubert-

708 1634 65 22 Club
789 1634 161 22 beschlossen
967 1630 120 22 lebendes
1104 1629 66 22 Wild
1187 1635 45 15 aus
1247 1628 44 21 der

706 1662 252 25 Tschechoslowakei
988 1662 44 26 per
1062 1660 127 26 Flugzeug
1227 1657 66 22 nach

706 1694 56 22 hier
784 1692 175 22 einzuführen.
982 1689 143 27 Allgemein
1156 1688 65 22 wird
1249 1687 42 22 be-

706 1723 99 25 dauert,
824 1722 50 22 daß
895 1722 124 25 entgegen
1040 1719 58 22 dem
1118 1724 52 16 was
1189 1717 43 22 für
1251 1716 41 22 die

707 1752 127 22 Fischerei
860 1750 136 28 gesetzlich
1028 1748 136 27 festgelegt
1197 1746 95 26 wurde,

706 1782 76 22 keine
800 1779 195 30 obligatorische
1015 1777 277 25 Wiederbevölkerung

705 1817 108 16 unserer
831 1811 98 26 Jagden
947 1807 156 28 vorgesehen
1122 1805 32 23 ist
1172 1806 52 21 und
1242 1805 50 22 daß

706 1842 88 21 letztes
810 1840 63 24 Jahr
888 1839 42 22 bei
944 1839 45 22 der
1003 1837 138 26 Erhöhung
1154 1836 45 22 der
1214 1834 77 27 Jagd-

707 1870 220 27 scheingebühren
947 1867 83 22 nichts
1052 1867 25 21 in
1098 1866 95 22 diesem
1213 1864 78 22 Sinne

706 1905 199 21 vorgenommen
930 1898 94 22 wurde.
1049 1896 49 22 Um
1121 1894 88 23 seinen
1231 1893 60 22 Mit-

706 1930 115 27 gliedern
843 1929 49 21 den
913 1926 105 23 Ankauf
1038 1932 50 15 von
1110 1923 181 23 Feldhühnern

705 1966 33 15 zu
760 1958 160 25 erleichtern,
949 1956 44 22 hat
1022 1955 44 22 der
1096 1953 195 27 Haupeschclub

706 1988 168 25 beschlossen,
893 1987 86 22 seinen
996 1984 164 27 Mitgliedern
1177 1983 41 22 ein
1236 1982 55 27 grö-

706 2018 73 22 βeres
799 2016 93 22 Subsid
912 2022 31 16 zu
963 2015 145 27 gewähren:
1126 2012 61 22 Eine
1208 2012 83 25 Geste,

706 2048 40 22 die
762 2054 50 15 von
830 2046 68 22 allen
916 2045 94 27 Jägern
1025 2043 48 22 mit
1089 2043 104 27 großem
1210 2043 81 21 Inter-

707 2083 53 16 esse
782 2076 110 27 begrüßt
912 2075 94 22 wurde.
1028 2073 54 22 Wie
1103 2072 47 22 wir
1171 2071 120 22 erfahren

707 2105 102 23 besteht
832 2104 94 27 .große
937 2103 144 26 Nachfrage
1106 2101 66 22 nach
1196 2100 96 22 diesem

706 2142 27 16 so
755 2135 137 26 beliebten,
916 2133 79 22 leider
1017 2132 51 22 fast
1090 2130 115 27 gänzlich
1235 2136 56 16 ver-

706 2164 197 25 schwundenen,
926 2161 151 23 Federwild.

766 2194 129 24 "Semaine
909 2194 30 20 de
955 2192 97 22 Sante".
1065 2192 45 20 Die
1125 2197 48 15 von
1189 2190 104 25 "Alpar"

708 2225 162 25 organisierte
896 2220 254 23 Gesundheitswoche
1174 2219 40 20 für
1239 2219 55 21 eine

706 2253 131 21 rationelle
877 2252 149 23 Ernährung
1066 2249 86 21 wurde
1194 2248 99 25 gestern

706 2283 154 24 nachmittag
874 2287 42 15 um
929 2281 11 20 3
954 2280 54 20 Uhr
1021 2279 78 21 durch
1112 2279 55 20 eine
1181 2279 111 23 Anspra-

706 2313 44 21 che
767 2312 43 21 des
825 2312 82 20 Herrn
923 2308 163 22 Präsidenten
1101 2308 42 20 Dr.
1159 2307 52 21 Eloi
1228 2307 64 20 Wel-

706 2342 44 23 ter,
766 2338 115 23 eröffnet.
897 2339 96 22 Darauf
1009 2338 46 25 gab
1071 2337 44 21 der
1129 2336 165 22 Küchenchef

707 2371 42 21 des
769 2369 171 22 Sanatoriums
960 2374 49 15 von
1030 2367 153 23 Cademario,
1203 2365 88 21 Direk-

706 2401 39 20 tor
762 2399 100 25 Willi,
864 2397 158 27 praktische
1038 2396 194 24 Vorführungen
1248 2395 45 21 mit

707 2427 198 26 Erläuterungen
922 2428 70 21 über:
1006 2426 127 22 Salzarme
1148 2424 88 21 Küche
1253 2424 40 25 "Iß

706 2459 56 21 dich
779 2457 116 26 gesund".
912 2456 101 22 Abends
1030 2455 62 22 hielt
1107 2456 41 20 Dr.
1165 2453 128 25 Keller,

707 2488 117 21 Chefarzt
841 2486 44 22 des
901 2486 164 22 Sanatoriums
1081 2484 45 23 von
1142 2484 152 23 Cademario,

708 2518 54 20 eine
797 2516 164 22 interessante
989 2514 131 21 Plauderei
1154 2513 60 21 über
1249 2512 44 21 das

708 2547 93 20 Thema
824 2545 95 25 "Meine
940 2545 161 24 Magenkur",
1123 2543 45 22 mit
1197 2542 96 26 prakti-

708 2576 74 22 schen
796 2574 242 26 Demonstrationen.
1054 2573 49 20 Wir
1117 2573 100 23 werden
1232 2572 61 21 über

708 2606 66 21 diese
795 2604 228 25 Manifestationen,
1046 2603 38 21 die
1107 2602 56 21 sehr
1186 2602 43 25 gut
1249 2601 44 21 be-

707 2635 71 21 sucht
805 2640 91 19 waren,
923 2633 154 22 ausführlich
1104 2632 135 21 berichten.-

707 2665 80 21 Heute
802 2664 154 24 nachmittag
971 2669 42 15 um
1028 2663 11 20 3
1054 2662 54 21 Uhr
1121 2661 63 21 wird
1198 2661 95 21 Doktor

707 2694 66 20 Willi
790 2694 123 25 plaudern
933 2693 61 21 über
1013 2691 157 25 "Frischkost
1187 2691 37 21 als
1243 2691 49 20 Ge-

707 2723 208 23 sundheitskost",
945 2722 73 21 heute
1049 2721 80 22 abend
1159 2720 62 21 wird
1251 2720 41 20 Dr.

706 2753 86 21 Keller
814 2753 61 21 über
898 2752 44 21 das
964 2751 93 21 Thema
1079 2750 63 25 "Der
1164 2749 51 21 Tod
1237 2749 55 20 sitzt

707 2783 34 20 im
757 2782 90 20 Darm"
865 2781 82 22 reden.

1352 1541 250 25 Rekordproduktion
1623 1544 104 18 unserer
1747 1541 160 21 Hüttenwer-

1324 1571 38 20 ke.
1374 1571 48 21 Mit
1436 1572 40 20 226
1486 1568 40 23 926
1540 1571 11 20 t
1563 1571 72 20 Eisen
1649 1570 51 21 und
1715 1571 40 20 224
1764 1571 40 20 421
1818 1571 11 20 t
1837 1570 71 21 Stahl

1324 1600 121 21 erreichte
1463 1600 38 21 die
1519 1600 298 25 Septemberproduktion
1833 1605 74 15 unse-

1324 1634 40 15 rer
1389 1628 180 21 Hüttenwerke
1594 1629 55 20 eine
1674 1628 171 21 Rekordhöhe.
1871 1629 37 20 Im

1323 1658 274 21 Monatsdurchschnitt
1613 1659 54 20 1948
1683 1658 69 21 hatte
1767 1659 34 20 sie
1817 1659 39 20 218
1871 1659 39 20 682

1324 1687 75 21 bezw.
1415 1688 41 20 204
1465 1688 40 20 404
1522 1688 11 20 t
1547 1688 126 24 betragen,
1689 1694 42 15 um
1747 1688 33 21 im
1795 1685 112 23 Monats-

1325 1716 172 22 durchschnitt
1512 1717 53 20 1949
1580 1717 44 21 auf
1639 1717 38 21 197
1689 1715 39 22 673
1743 1717 60 20 bzw.
1818 1717 38 20 189
1871 1717 38 20 321

1323 1745 11 20 t
1352 1745 204 25 zurückzugehen
1575 1745 51 21 und
1647 1746 33 20 im
1700 1746 110 21 Februar
1829 1746 79 21 dieses

1324 1774 88 21 Jahres
1436 1776 44 20 auf
1504 1775 38 21 171
1557 1775 38 21 365
1617 1775 75 21 bezw.
1718 1776 38 21 168
1771 1776 38 21 956
1830 1776 11 20 t
1864 1776 44 21 ab-

1323 1804 127 21 zusinken.
1466 1805 98 20 Seither
1580 1805 75 20 setzte
1672 1805 88 20 erneut
1774 1805 55 20 eine
1844 1805 63 21 Auf-

1323 1833 215 26 wärtsbewegung
1568 1833 46 25 ein,
1651 1833 39 21 die
1720 1834 97 21 vorerst
1845 1834 63 21 noch

1324 1862 98 24 einigen
1477 1862 208 25 Schwankungen
1738 1864 171 20 unterworfen

1324 1891 72 25 blieb,
1419 1892 46 21 seit
1485 1892 43 21 der
1549 1892 161 21 Jahresmitte
1731 1893 89 24 jedoch
1840 1893 69 21 nicht

1324 1920 71 21 mehr
1413 1921 184 22 unterbrochen
1615 1921 86 22 wurde
1720 1921 49 21 und
1789 1921 38 21 die
1848 1919 60 23 Pro-

1323 1949 104 21 duktion
1441 1955 104 15 unserer
1559 1950 181 21 Hüttenwerke
1755 1957 49 15 von
1818 1952 40 20 204
1869 1952 38 20 131

1324 1978 75 21 bezw.
1417 1979 38 21 199
1466 1980 38 19 531
1521 1980 11 20 t
1546 1980 33 20 im
1594 1980 59 21 Juni
1668 1980 44 21 auf
1727 1981 39 20 213
1778 1981 39 20 077
1833 1981 75 21 bezw.

1324 2008 40 20 215
1375 2008 39 21 199
1432 2008 11 21 t
1458 2008 34 21 im
1510 2013 175 21 vergangenen
1700 2009 98 25 August
1816 2009 93 21 anstei-

1324 2042 46 20 gen
1391 2037 55 21 ließ.
1468 2038 245 25 Dementsprechend
1733 2038 103 21 erhöhte
1858 2039 50 21 sich

1324 2066 63 21 auch
1402 2066 39 21 die
1457 2067 60 20 Zahl
1533 2067 44 21 der
1591 2067 72 21 unter
1679 2068 78 20 Feuer
1772 2068 136 21 stehenden

1324 2095 138 26 Hochöfen;
1489 2097 33 20 sie
1547 2097 61 24 stieg
1633 2103 49 14 von
1706 2098 26 20 20
1756 2098 33 24 im
1813 2098 96 20 Januar

1325 2125 44 21 auf
1382 2125 27 20 22
1424 2125 34 20 im
1473 2125 98 24 August
1586 2125 50 21 und
1653 2126 44 21 auf
1711 2127 27 19 25
1753 2126 33 21 im
1802 2131 106 20 vergan-

1324 2158 78 21 genen
1434 2155 146 24 September
1611 2161 38 14 an.
1681 2154 228 26 Verhältnismäßig

1324 2183 115 24 geringer
1452 2189 54 15 war
1522 2184 39 20 die
1577 2185 127 20 Zunahme
1721 2185 44 21 der
1780 2186 128 20 Arbeiter-

1324 2212 103 25 bestände
1472 2212 62 21 doch
1552 2214 190 21 verzeichneten
1760 2214 64 20 auch
1843 2211 66 23 diese

1324 2240 91 21 letzten
1436 2241 80 20 Endes
1546 2242 54 20 eine
1630 2242 115 21 fühlbare
1768 2243 140 24 Erhöhung,

1324 2269 83 20 indem
1428 2270 33 20 sie
1481 2276 48 14 von
1551 2271 25 20 17
1590 2271 38 20 464
1645 2272 33 20 im
1699 2271 50 22 Juli
1771 2273 42 19 auf
1833 2272 24 21 18
1871 2272 36 21 051

1323 2298 33 20 im
1374 2298 147 25 September
1537 2300 157 20 anwuchsen.

1352 2327 214 22 Verkehrsunfall.
1636 2330 151 24 Vorgestern
1808 2334 101 21 morgen

1325 2357 92 21 stürzte
1434 2357 43 20 der
1494 2363 48 15 von
1558 2358 155 20 Pfaffenthal
1731 2358 63 20 nach
1812 2359 97 20 Causen

1323 2385 121 21 fahrende
1463 2387 148 24 Lastwagen
1630 2387 42 21 des
1690 2387 218 22 Kohlenlieferan-

1323 2414 42 21 ten
1380 2415 30 24 S.,
1424 2415 25 21 in
1463 2416 121 20 welchem
1597 2416 53 21 drei
1663 2417 113 20 ziemlich
1791 2417 117 25 angehei-

1323 2444 64 20 terte
1412 2445 115 20 Gesellen
1551 2446 69 20 Platz
1645 2450 147 20 genommen
1816 2446 93 24 hatten,

1324 2473 33 20 im
1389 2473 198 25 Clausenerweg,
1626 2473 38 22 bei
1703 2474 44 21 der
1778 2475 131 21 Gärtnerei

1324 2499 102 27 Backes',
1440 2503 25 20 in
1480 2503 38 20 die
1533 2503 104 21 Alzette.
1652 2504 124 21 Während
1792 2505 59 20 zwei
1866 2505 44 21 der

1324 2532 115 20 Insassen
1454 2532 44 21 mit
1513 2532 55 21 dem
1584 2533 108 21 Schreck
1706 2534 50 20 und
1772 2534 67 21 einer
1854 2534 55 20 kal-

1323 2561 43 21 ten
1387 2562 98 20 Dusche
1508 2562 180 25 davonkamen,
1711 2567 44 20 zog
1785 2563 51 20 sich
1865 2563 44 21 der

1324 2589 75 22 dritte
1415 2590 113 24 ziemlich
1553 2591 82 21 ernste
1653 2592 182 25 Verletzungen
1858 2593 51 21 und

1324 2619 207 22 Schnittwunden
1548 2626 31 15 an
1596 2620 47 21 den
1660 2621 196 26 Handgelenken
1873 2616 31 35 zu.
1916 2616 11 35 j

1324 2649 60 21 Avis
1403 2655 50 15 aux
1474 2650 132 21 amateurs.

1352 2678 25 21 ld
1397 2678 76 20 Ponts
1491 2678 24 20 et
1535 2678 143 22 Chaussees.
1706 2680 83 21 Durch
1817 2680 90 21 Großh.

1323 2707 124 21 Beschluß
1464 2713 57 16 vom
1539 2709 33 20 25.
1590 2708 145 25 September
1753 2710 53 20 1950
1823 2710 86 21 wurde

1324 2736 65 21 Herr
1404 2737 97 25 August
1518 2737 99 26 Wirion,
1634 2738 233 25 Bezirksingenieur
1884 2739 25 20 in

1324 2766 167 25 Luxemburg,
1526 2772 55 15 zum
1619 2766 210 26 Chef-Ingenieur
1866 2768 44 21 der

1324 2795 162 25 Verwaltung
1507 2795 44 21 der
1571 2797 75 20 Ponts
1667 2797 24 20 et
1711 2796 137 22 Chaussees
1870 2804 38 15 er-

1324 2825 85 20 nannt.
1463 2825 84 21 Durch
1562 2825 90 21 Großh.
1667 2826 123 22 Beschluß
1804 2832 57 15 vom
1875 2827 33 20 28.

1324 2854 147 27 September
1491 2854 53 20 1950
1572 2854 86 22 wurde
1684 2855 63 21 Herr
1768 2856 141 21 Ferdinand

1323 2882 107 26 Kinnen,
1452 2882 132 26 Ingenieur
1606 2883 42 21 des
1670 2884 75 21 Ponts
1766 2885 25 21 et
1813 2886 95 20 Chaus-

1324 2911 60 26 sees,
1402 2918 55 15 zum
1464 2913 234 25 Bezirksingenieur
1715 2915 26 20 in
1748 2915 161 25 Luxemburg

1324 2943 113 20 ernannt.
1500 2943 82 21 Durch
1601 2943 91 21 Großh.
1711 2943 123 22 Beschluß
1852 2950 57 15 vom

1325 2970 84 21 selben
1430 2971 50 25 Tag
1508 2971 86 21 wurde
1623 2972 64 20 Herr
1714 2973 67 21 Rene
1803 2974 105 20 Heiner-

1325 3000 90 24 scheid,
1435 3000 149 22 Konduktor
1614 3002 38 20 bei
1682 3001 44 21 der
1748 3003 160 25 Verwaltung

1324 3029 44 21 der
1386 3030 75 20 Ponts
1480 3031 25 20 et
1524 3030 143 25 Chaussees,
1695 3036 55 15 zum
1778 3031 132 25 Ingenieur

1324 3058 43 21 des
1390 3059 76 20 Ponts
1490 3059 24 20 et
1539 3059 137 21 Chaussees
1700 3060 25 20 in
1748 3061 160 25 Luxemburg

1324 3088 113 20 ernannt.

1352 3117 26 21 ld
1391 3117 100 21 Steuer-
1505 3124 22 14 u.
1540 3117 272 26 Akzisenverwaltung.
1825 3119 83 21 Durch

1325 3146 91 21 Großh.
1432 3143 123 24 Beschluß
1571 3152 56 15 vom
1644 3147 33 20 25.
1691 3148 147 24 September
1855 3150 54 20 1950

1323 3175 85 21 wurde
1423 3176 65 20 Herr
1502 3176 115 25 Frangois
1633 3177 88 25 Kneip,
1736 3177 171 22 Commis-Re-

1324 3204 106 22 dakteur
1443 3205 44 21 der
1501 3206 246 26 Steuerverwaltung
1761 3207 25 21 in
1799 3208 109 20 Luxem-

1324 3234 62 25 burg
1408 3235 42 24 III,
1480 3241 55 15 zum
1557 3235 153 21 Verifikator
1739 3235 33 21 im
1794 3237 113 21 Zentral-

1324 3263 82 21 dienst
1421 3263 41 21 für
1479 3263 38 22 die
1533 3264 130 21 Kontrolle
1679 3264 44 21 der
1739 3265 168 22 Gesellschaf-

1324 3293 42 20 ten
1384 3293 25 20 in
1426 3294 160 25 Luxemburg
1603 3294 113 20 ernannt.

1352 3322 26 20 ld
1399 3322 154 21 Assisenhof.
1576 3323 49 20 Für
1646 3322 44 21 das
1711 3324 39 20 IV.
1774 3324 134 21 Trimester

1307 3296 72 85 1950
1398 3351 104 21 wurden
1529 3351 41 21 für
1597 3351 38 21 die
1656 3352 252 27 Zusammensetzung

1324 3379 42 21 des
1375 3380 159 21 Assisenhofs
1535 3381 152 21 bestimmt:
1698 3382 133 22 Wirkliche
1848 3384 60 20 Mit-

1325 3408 79 25 gileder
1458 3410 71 21 Alzin
1562 3411 231 27 (Obergerichtsrat,
1825 3413 82 20 Präsi-

1324 3438 75 25 dent),
1418 3440 100 21 Hansen
1538 3440 241 26 (Obergerichtsrat),
1798 3442 110 22 Helden-

1326 3470 63 20 stein
1409 3470 243 26 (Obergerichtsrat);
1673 3472 138 26 Reckinger
1830 3475 80 23 (Vize-

1938 1540 131 22 Präsident
2100 1540 42 22 des
2173 1533 242 32 Bezirksgeirichtes),
2452 1540 70 21 Maul

1940 1569 109 25 (Richter
2071 1575 40 15 am
2133 1569 92 24 Bzkg.),
2254 1569 65 24 Foog
2351 1567 109 26 (Richter
2483 1574 39 16 am

1938 1599 84 25 Bzkg).
2032 1599 43 21 Als
2090 1597 237 26 Ersatzmitglieder:
2337 1598 81 26 Capus
2435 1598 88 24 (Ober-

1939 1628 163 25 gerichtsrat),
2133 1628 123 21 Benduhn
2281 1628 241 25 (Obergerichtsrat),

1939 1658 104 20 Calteux
2068 1657 240 25 (Obergerichtsrat),
2338 1657 65 20 Huss
2435 1657 88 23 (Ober-

1939 1687 164 25 gerichtsrat),
2131 1687 117 20 Hammes
2279 1686 242 25 (Obergerichtsrat);

1940 1717 109 21 Goerens
2076 1716 110 24 (Richter
2209 1722 40 15 am
2274 1716 198 25 Bezirksgericht
2498 1716 25 20 in

1938 1745 153 24 Luxembg.),
2109 1744 123 21 Eichhorn
2252 1745 109 23 (Richter
2381 1751 39 15 am
2439 1744 83 25 Bzkg),

1939 1775 95 20 Zeimes
2053 1774 109 24 (Richter
2180 1780 39 15 am
2236 1774 91 25 Bzkg.),
2346 1774 76 21 Wolff
2440 1774 96 31 (Rich-

1938 1805 38 20 ter
1995 1810 40 15 am
2053 1804 91 25 Bzkg.),
2164 1805 63 20 Weis
2247 1804 110 24 (Richter
2374 1810 40 15 am
2431 1804 91 24 Bzkg.),

1938 1834 90 20 Biever
2043 1833 108 24 (Richter
2166 1839 39 15 am
2219 1834 91 25 Bzkg.),
2325 1834 75 20 Evert
2414 1833 110 24 (Richter

1940 1869 39 14 am
2000 1863 91 25 Bzkg.),
2106 1863 105 26 Bauler
2234 1863 109 24 (Richter
2369 1869 40 14 am
2432 1862 91 25 Bzkg.),

1939 1893 133 25 Delaporte
2094 1893 109 23 (Richter
2232 1899 39 15 am
2291 1893 92 24 Bzkg.),
2413 1892 111 21 Schaack

1940 1922 110 23 (Richter
2063 1927 40 16 am
2117 1922 83 24 Bzkg.)
2215 1921 50 21 und
2280 1921 145 21 Schommer
2440 1921 82 23 (Rich-

1939 1952 38 19 ter
1995 1957 39 15 am
2052 1951 92 24 Bzkg.).

1967 2002 26 21 ld
2012 2002 265 21 Handwerkerschule.
2313 2002 83 21 Durch
2432 2002 91 21 Großh.

1939 2031 122 21 Beschluß
2079 2037 57 15 vom
2153 2032 33 19 22.
2204 2032 145 25 September
2368 2032 54 20 1950
2437 2030 86 22 wurde

1940 2060 64 20 Herr
2035 2059 127 27 Alphonse
2193 2060 66 25 Nies,
2290 2059 233 27 Stagiarprofessor,

1939 2095 55 15 zum
2012 2089 128 21 Professor
2158 2095 30 16 an
2206 2089 43 22 der
2265 2089 258 21 Handwerkerschule

1940 2119 455 24 ernannt.

1969 2168 55 22 Une
2048 2168 119 22 nouvelle
2192 2168 136 27 technique
2352 2167 121 23 ameliore
2498 2169 25 21 la

1939 2197 84 25 lampe
2048 2197 204 22 incandescence.
2332 2197 115 27 Quoique
2473 2197 50 22 l'on

1937 2226 49 22 soit
2007 2225 191 27 generalement
2219 2226 86 26 d'avis,
2326 2227 63 22 dans
2411 2227 36 22 les
2477 2227 45 22 mi-

1938 2255 70 22 lieux
2027 2254 152 27 specialises,
2201 2262 49 20 que
2271 2255 106 22 l'avenir
2407 2257 37 21 est
2473 2259 50 18 aux

1937 2285 73 22 tubes
2026 2285 175 26 fluorescents,
2217 2286 26 20 et
2258 2291 49 22 que
2321 2286 37 22 les
2373 2286 149 22 recherches

1936 2313 64 22 dans
2020 2313 22 22 le
2061 2314 118 22 domaine
2197 2314 32 22 de
2248 2314 25 22 la
2291 2315 84 27 lampe
2396 2314 13 22 ä
2436 2315 85 22 incan-

1937 2343 121 21 descence
2079 2345 112 24 peuvent
2211 2343 54 22 etre
2286 2343 159 23 considerees
2465 2351 57 20 pra-

1938 2372 142 27 tiquement
2113 2379 96 16 comme
2241 2373 130 27 achevees,
2403 2374 119 27 d'impor-

1938 2401 67 22 tants
2026 2401 166 22 laboratoires
2221 2402 122 22 viennent
2372 2403 31 22 de
2430 2402 91 22 decou-

1937 2430 54 22 vrir
2009 2437 49 15 une
2078 2430 125 27 methode,
2222 2432 44 27 qui
2284 2431 97 22 s'avere
2401 2433 121 27 suscepti-

1936 2460 43 22 ble
1995 2460 33 22 de
2045 2461 190 27 perfectionner
2255 2468 89 16 encore
2363 2462 24 21 la
2406 2462 84 26 lampe
2509 2462 14 22 ä

1938 2490 204 22 incandescence.
2164 2490 72 22 Cette
2257 2491 119 22 nouvelle
2404 2490 118 23 methode

1938 2519 106 22 consiste
2062 2518 14 22 ä
2092 2520 101 21 couvrir
2209 2520 24 22 la
2249 2521 71 26 paroi
2337 2520 138 22 interieure
2491 2522 31 21 de

1938 2548 135 27 l'ampoule
2090 2548 75 22 d'une
2184 2549 106 22 matiere
2310 2549 14 22 ä
2341 2551 60 22 base
2420 2551 31 22 de
2470 2551 51 22 sili-

1940 2579 60 26 cate,
2022 2579 131 26 appliquee
2175 2586 42 15 sur
2237 2581 132 25 l'ampoule
2390 2587 45 20 par
2457 2587 66 15 com-

1936 2607 110 22 bustion.
2062 2608 21 21 Il
2097 2607 105 23 s'ensuit
2217 2615 49 21 que
2281 2610 25 21 la
2321 2609 107 22 lumiere
2444 2609 77 23 emise

1937 2643 46 20 par
2004 2637 23 22 le
2046 2637 119 22 filament
2186 2639 37 21 est
2241 2638 111 22 diffusee
2381 2638 14 22 ä
2424 2640 98 22 travers

1941 2665 136 27 l'ampoule
2103 2667 104 22 revetue
2240 2668 32 22 de
2304 2669 66 21 cette
2402 2669 120 22 nouvelle

1937 2694 114 27 matiere,
2076 2696 75 22 d'une
2175 2696 113 22 maniere
2311 2698 132 22 tellement
2467 2699 55 22 uni-

1936 2725 91 27 forme,
2052 2732 49 21 que
2125 2726 101 27 lorsque
2250 2727 23 22 le
2297 2727 92 26 regard
2413 2734 26 15 se
2462 2734 60 20 pose

1936 2754 170 23 directement
2126 2762 44 15 sur
2192 2755 23 22 la
2237 2756 84 27 lampe
2352 2756 116 27 allumee,
2499 2757 23 22 la

1937 2783 125 22 brillance
2085 2784 31 22 de
2140 2784 136 27 l'ampoule
2308 2787 37 21 est
2376 2785 71 27 egale
2480 2794 42 15 sur

1938 2814 71 22 toute
2027 2814 25 22 la
2070 2814 100 22 surface
2190 2816 26 21 et
2235 2815 49 22 l'on
2302 2821 32 16 ne
2353 2819 61 23 peut
2433 2816 89 22 distin-

1937 2848 62 22 guer
2028 2843 31 22 de
2088 2843 73 22 tache
2183 2843 171 24 eblouissante
2375 2845 44 27 qui
2444 2846 79 22 trahit

1937 2871 204 27 l'emplacement
2169 2873 33 22 du
2231 2873 124 22 filament.
2385 2874 137 27 PHILIPS,

1937 2901 44 27 qui
2002 2902 71 22 vient
2093 2903 32 21 de
2147 2902 86 22 lancer
2256 2904 65 21 cette
2349 2904 85 27 lampe
2463 2911 58 16 sous

1937 2931 174 27 l'appellation
2142 2932 119 26 “SUPER
2290 2932 172 22 ARGENTA"
2496 2933 26 25 (ä

1937 2966 31 15 ne
2003 2967 44 20 pas
2084 2961 138 22 confondre
2257 2968 61 16 avec
2352 2963 25 22 la
2413 2964 108 27 "Super-

1940 2991 110 25 Arlita"),
2073 2997 21 20 a,
2115 2998 44 20 par
2181 2992 23 20 la
2226 2992 81 21 meme
2328 2994 120 24 occasion,
2469 3000 54 15 mo-

1937 3018 99 23 dernise
2056 3020 25 22 la
2098 3020 82 22 forme
2198 3020 32 22 de
2248 3020 143 27 l'ampoule.
2410 3023 36 21 La
2463 3029 57 21 par-

1936 3048 34 22 tie
1987 3048 138 23 inferieure
2142 3050 31 21 de
2189 3050 99 22 celle-ci
2302 3052 81 26 prend
2399 3052 25 22 la
2439 3053 82 22 forme

1938 3077 58 22 d'un
2020 3078 168 27 champignon
2213 3080 127 27 renverse,
2364 3087 27 15 ce
2414 3081 44 27 qui
2483 3088 38 16 as-

1935 3114 59 16 sure
2015 3114 49 16 une
2085 3108 132 22 meilleure
2239 3108 119 23 emission
2378 3111 143 22 lumineuse

1936 3136 63 23 dans
2021 3137 83 22 toutes
2127 3138 144 22 directions.
2303 3140 82 27 Enfin,
2416 3141 37 22 les
2484 3141 37 22 di-

1935 3166 128 22 mensions
2081 3168 44 21 ont
2142 3166 40 23 ete
2200 3167 119 28 reduites,
2337 3169 32 22 de
2386 3171 67 21 sorte
2471 3177 49 20 que

1936 3195 49 22 l'on
2005 3197 61 25 peut
2087 3197 105 27 utiliser,
2214 3204 64 20 pour
2305 3205 34 16 un
2368 3199 82 22 meme
2478 3207 43 15 en-

1937 3226 180 26 comforement,
2135 3233 50 16 une
2205 3227 83 27 lampe
2308 3228 57 27 plus
2383 3230 137 26 puissante.

1965 3255 36 22 La
2024 3256 118 22 nouvelle
2165 3257 83 27 lampe
2279 3257 14 22 ä
2323 3257 198 24 incandescence

1937 3285 66 22 aussi
2022 3285 60 22 bien
2109 3291 49 21 que
2187 3286 36 22 les
2251 3287 73 22 tubes
2352 3288 169 23 fluorescents

1936 3314 97 27 restent
2049 3314 36 22 les
2104 3321 100 16 sources
2223 3316 154 23 lumineuses
2396 3318 30 21 de
2445 3318 75 22 l'ave-

1935 3343 40 21 nir
1990 3350 46 20 par
2053 3344 55 22 leur
2124 3344 128 27 propriete
2268 3346 133 23 d'emettre
2418 3354 49 16 une
2482 3348 38 22 lu-

1937 3371 81 22 miere
2058 3373 150 27 abondante,
2248 3382 50 15 non
2340 3375 179 28 eblouissante,

1935 3401 80 22 douce
2033 3403 24 20 et
2075 3402 117 22 veloutee
2210 3410 96 16 comme
2324 3406 23 21 le
2364 3406 109 22 velours.

1965 3445 139 22 Tourisme.
2125 3446 113 22 L'Office
2260 3448 119 23 National
2401 3451 34 21 du
2456 3451 63 22 Tou-

1935 3474 77 22 risme
2029 3481 14 15 a
2059 3476 68 25 tenu,
2146 3476 22 22 le
2188 3477 26 21 12
2232 3478 109 25 octobre,
2359 3485 49 16 une
2425 3486 93 16 assem-

2550 1685 57 22 blee
2628 1686 118 27 generale
2766 1689 208 26 extraordinaire,
2996 1689 14 23 ä
3028 1690 24 22 la
3072 1690 61 22 mai-

2550 1716 38 22 rie
2617 1716 266 29 d'Esch-sur-Alzette,
2914 1726 58 16 sous
3001 1720 25 22 la
3056 1719 78 28 presi-

2550 1745 79 22 dence
2650 1746 32 22 de
2703 1747 33 22 M.
2758 1744 117 25 Fernand
2904 1749 103 27 Loesch,
3036 1749 100 27 Depute

2551 1776 25 20 et
2595 1775 140 22 Conseiller
2754 1777 140 27 Municipal
2913 1778 30 22 de
2962 1779 24 21 la
3012 1779 66 22 Ville
3104 1780 32 21 de

2551 1804 187 28 Luxembourg,
2760 1813 30 15 en
2810 1806 121 27 presence
2952 1808 31 22 de
3003 1809 33 22 M.
3058 1809 77 22 Fran-

2551 1833 50 26 gois
2622 1833 95 27 Simon,
2738 1835 117 23 Ministre
2876 1837 44 22 des
2940 1838 115 22 Affaires
3075 1835 60 25 Eco-

2550 1864 133 33 nomiques
2702 1866 26 20 et
2744 1866 35 22 du
2797 1866 132 22 Tourisme
2948 1868 25 21 et
2991 1867 32 22 de
3042 1868 33 21 M.
3094 1867 42 22 Je-

2551 1892 71 22 rome
2642 1893 107 27 Anders,
2772 1894 141 22 Conseiller
2935 1897 31 22 de
2988 1897 148 22 Gouverne-

2550 1923 71 21 ment
2638 1924 24 20 et
2678 1922 107 27 delegue
2801 1927 152 23 permanent
2970 1927 33 22 du
3020 1927 118 22 Ministre

2549 1951 36 22 du
2604 1951 138 23 Tourisme.
2762 1954 72 22 Cette
2855 1954 139 22 assemblee
3014 1962 15 15 a
3047 1956 91 22 revetu

2551 1987 49 16 une
2624 1982 158 27 importance
2807 1984 70 22 toute
2900 1982 171 29 particulie-re,
3103 1986 35 22 du

2550 2010 49 21 fait
2616 2010 92 27 qu'elle
2727 2019 13 15 a
2755 2012 88 22 decide
2860 2014 210 27 d'entreprendre
3087 2022 49 15 une

2551 2038 154 27 importante
2722 2048 139 21 campagne
2878 2043 31 21 de
2926 2045 164 25 propagande
3105 2051 33 16 en

2551 2075 49 16 vue
2619 2070 30 22 de
2668 2070 23 21 la
2711 2070 83 22 saison
2813 2072 153 27 touristique
2985 2074 31 21 de
3036 2075 55 21 1951
3112 2076 26 20 et

2550 2098 107 26 ensuite,
2679 2106 76 20 parce
2777 2108 49 20 que
2848 2102 33 22 M.
2904 2103 23 21 le
2957 2103 118 22 Ministre
3103 2103 34 22 du

2551 2127 131 23 Tourisme
2701 2136 15 15 a
2734 2130 58 22 bien
2812 2131 78 21 voulu
2909 2133 116 26 accepter
3043 2133 36 22 les
3098 2140 39 15 re-

2551 2154 176 26 vendications
2748 2159 128 26 majeures
2897 2161 31 22 de
2949 2161 95 22 l'Office
3090 2163 48 22 Or-

2551 2186 143 26 ganisation
2725 2188 75 22 d'une
2832 2190 145 27 statistique
3015 2192 123 22 officielle

2551 2214 35 22 du
2602 2216 138 27 Tourisme,
2758 2217 160 27 legalisation
2935 2220 34 22 du
2986 2220 86 22 Statut
3087 2220 41 27 Ho-

2551 2245 81 26 telier,
2652 2245 212 27 reglementation
2883 2249 128 22 uniforme
3031 2251 33 22 du
3083 2252 55 21 tou-

2552 2274 77 22 risme
2647 2281 31 15 en
2696 2276 69 26 plein
2782 2277 44 26 air,
2844 2280 160 21 notamment
3021 2280 33 22 du
3071 2286 66 16 cam-

2551 2302 61 27 ping
2632 2305 25 20 et
2675 2305 123 22 maintien
2816 2307 33 22 de
2866 2308 24 21 la
2909 2308 179 27 participation
3107 2310 32 22 de

2552 2332 102 22 1'Office
2671 2333 14 22 ä
2702 2334 121 23 Pactivite
2839 2336 44 22 des
2899 2338 185 26 organisations
3101 2339 37 22 in-

2552 2362 188 28 ternationales,
2766 2363 149 28 auxquelles
2939 2367 17 22 il
2981 2368 38 21 est
3048 2368 89 23 affilie.

2541 2390 187 23 »L'Assemblee
2760 2400 13 15 a
2803 2394 143 27 egalement
2982 2396 88 22 decide
3107 2399 32 21 de

2553 2419 70 22 creer
2653 2422 32 22 de
2716 2424 132 22 nouvelles
2879 2432 143 16 ressources
3053 2427 84 22 finan-

2552 2449 85 27 cieres,
2661 2452 159 22 notamment
2843 2460 31 16 en
2906 2457 165 24 augmentant
3101 2457 37 22 les

2552 2479 145 23 cotisations
2719 2482 31 21 de
2772 2489 38 16 ses
2832 2484 133 26 membres,
2988 2483 63 28 pour
3072 2487 66 22 faire

2551 2508 56 22 face
2627 2516 50 15 aux
2696 2510 123 27 depenses
2838 2512 31 22 de
2889 2513 24 22 la
2941 2521 138 21 campagne
3106 2517 32 21 de

2551 2540 170 26 propagande.
2741 2540 48 22 Par
2807 2548 33 15 un
2858 2549 117 16 nouveau
2993 2545 85 25 statut,
3097 2551 41 16 ae-

2553 2567 71 27 cepte
2641 2567 13 22 ä
2671 2569 165 27 l'unanimite,
2854 2572 100 25 1'Office
2967 2572 63 25 s'est
3045 2575 92 22 consti-

2552 2596 64 35 tue
2623 2604 32 16 en
2685 2600 149 22 association
2865 2608 57 16 sans
2952 2603 46 21 but
3026 2603 110 22 lucratif.

2551 2622 82 30 Apres
2662 2628 154 23 l'admission
2847 2631 31 21 de
2906 2631 231 24 l'Administration

2552 2655 167 23 Communale
2739 2659 32 21 de
2792 2659 114 27 Kopstal,
2927 2661 102 22 l'Office
3050 2662 87 22 Natio-

2537 2674 56 63 nal
2612 2686 34 22 du
2665 2686 131 23 Tourisme
2816 2691 99 25 compte
2932 2691 160 27 maintenant
3108 2693 28 21 37

2551 2716 135 27 membres,
2705 2716 62 23 dont
2785 2718 28 21 48
2832 2719 218 24 administrations
3070 2727 66 16 com-

2551 2745 116 22 munales
2688 2747 26 20 et
2735 2747 11 21 9
2769 2748 156 26 organismes
2954 2751 25 20 et
3008 2751 128 26 organisa-

2551 2773 66 22 tions
2639 2776 146 26 nationaux,
2803 2777 138 24 'interesses
2961 2778 14 22 ä
2995 2779 142 23 l'industrie

2551 2804 159 27 touristique.
2735 2805 73 22 Cette
2832 2807 140 23 assemblee
2995 2816 14 15 a
3040 2809 97 27 prouve

2551 2838 50 16 une
2618 2833 49 22 fois
2684 2834 31 22 de
2733 2835 57 27 plus
2807 2836 23 22 la
2848 2837 132 22 solidarite
2996 2838 44 22 des
3058 2843 79 18 mem-

2551 2862 59 22 bres
2631 2865 24 20 et
2677 2864 55 22 leur
2753 2865 82 22 ferme
2854 2865 111 23 decision
2987 2868 31 22 de
3040 2869 97 22 donner

2551 2890 14 22 ä
2585 2893 72 21 notre
2677 2893 132 23 Tourisme
2828 2895 188 27 l'organisation
3037 2899 25 20 et
3081 2898 55 22 l'es-

2551 2927 40 15 sor
2610 2921 139 25 desirables
2767 2931 64 19 pour
2849 2932 101 16 assurer
2967 2926 55 22 leur
3040 2933 97 17 revenu

2551 2957 50 15 aux
2622 2952 143 22 nombreux
2784 2954 130 23 habitants
2934 2955 43 27 qui
2998 2963 31 15 en
3048 2957 89 22 vivent

2550 2980 169 25 directement
2737 2983 25 20 et
2780 2982 201 24 indirectement.

2581 3027 26 21 ld
2626 3028 207 22 Urheberschutz.
2860 3030 59 21 Eine
2946 3031 193 22 internationale

2551 3057 382 25 Sachverständigenkonferenz
2952 3060 41 21 für
3012 3061 126 21 Urheber-

2553 3086 86 21 schutz
2661 3086 55 20 tritt
2737 3087 73 20 unter
2832 3087 44 21 der
2898 3089 240 22 Schirmherrschaft

2553 3114 44 21 der
2609 3115 127 21 UNESCO
2750 3121 39 16 am
2805 3117 33 20 23.
2848 3118 110 21 Oktober
2973 3119 24 20 in
3007 3119 131 26 Washing-

2552 3144 43 20 ton
2615 3148 150 17 zusammen.
2788 3147 39 20 Sie
2849 3147 44 19 soll
2915 3147 40 21 die
2976 3147 162 26 Möglichkeit

2553 3174 76 21 einer
2644 3174 76 21 neuen
2736 3175 159 21 Konvention
2914 3182 54 15 zum
2985 3178 92 21 Schutz
3095 3179 43 22 des

2552 3202 211 22 Urheberrechtes
2787 3204 90 25 prüfen
2902 3206 49 21 und
2976 3208 94 24 Fragen
3095 3208 43 21 des

2553 3232 298 25 Uebersetzungsrechtes
2876 3235 119 21 erörtern.
3030 3236 53 22 Von
3110 3238 27 20 37

2552 3262 110 24 Staaten,
2684 3262 38 21 die
2745 3263 38 21 die
2805 3263 126 22 UNESCO
2954 3265 119 25 befragte,
3094 3267 44 21 hat

2552 3290 51 21 sich
2621 3291 39 20 die
2677 3291 190 25 überwiegende
2883 3294 126 21 Mehrheit
3025 3295 40 21 für
3083 3296 54 21 eine

2552 3325 63 15 neue
2654 3321 192 22 internationale
2883 3323 160 22 Konvention
3081 3331 55 15 zum

2555 3349 91 21 Schutz
2655 3350 43 20 des
2706 3351 212 22 Urheberrechtes
2929 3354 205 24 ausgesprochen.

2581 3393 271 25 Coca-Cola-Analyse.
2885 3396 49 20 Der
2966 3397 171 26 Bundestags-

2551 3423 123 21 ausschuß
2695 3423 41 21 für
2758 3424 251 22 Gesundheitswesen
3030 3427 43 21 hat
3093 3427 44 22 be-

2551 3451 132 25 schlossen,
2706 3453 55 20 eine
2776 3454 246 22 .wissenschaftliche
3044 3456 92 21 Unter-

2551 3480 111 26 suchung
2689 3487 48 15 von
2763 3483 138 21 Coca-Cola
2929 3485 152 22 vornehmen
3107 3492 29 15 zu

2551 3510 88 24 lassen,
2655 3516 41 15 um
2713 3511 50 20 sich
2780 3512 38 20 ein
2835 3512 78 21 Urteil
2930 3513 108 22 darüber
3053 3515 83 22 bilden

2551 3544 27 16 zu
2604 3539 105 25 können,
2741 3540 30 21 ob
2796 3540 134 22 Cola-Cola
2961 3544 175 24 gesundheits-

2551 3568 151 25 schädigend
2717 3570 32 20 ist
2764 3576 23 14 u.
2804 3571 96 25 süchtig
2915 3572 104 22 machen
3036 3574 100 21 könnte.

2579 3613 49 24 jew
2644 3614 198 20 Wetterbericht.
2860 3615 80 22 Unser
2965 3616 88 22 Gebiet
3076 3617 60 26 liegt

2551 3643 122 20 zwischen
2711 3644 81 20 einem
2832 3644 233 26 Hochdruckgebiet
3103 3648 33 21 im

2549 3671 149 21 Südwesten
2728 3672 49 21 und
2807 3674 81 20 einem
2918 3675 218 26 Tiefdruckgebiet

2551 3701 61 21 über
2627 3701 89 21 Island.
2731 3702 44 20 Die
2790 3703 129 21 Kaltfront
2932 3704 43 21 des
2989 3706 146 21 erwähnten

2534 3730 261 38 Tiefdruckgebietes
2821 3732 31 20 ist
2877 3738 39 15 am
2943 3734 193 26 Samstagnach-

2551 3760 88 25 mittag
2667 3761 33 22 (es
2719 3760 76 21 fielen
2815 3761 80 25 einige
2915 3763 108 25 Tropfen
3042 3765 92 25 Regen)

2551 3789 50 20 und
2630 3790 24 19 in
2683 3789 44 21 der
2755 3790 67 20 Nach
2852 3797 54 15 zum
2935 3793 111 25 Sonntag
3075 3794 61 21 über

2551 3824 90 15 unsern
2658 3820 79 20 Raum
2753 3815 215 30 hinweggezogen.
2984 3822 150 22 Allmählich

2550 3847 104 25 dringen
2673 3848 100 20 weitere
2801 3848 149 22 atlantische
2976 3852 159 22 Luftmassen

2550 3877 25 19 in
2592 3877 160 25 Westeuropa
2769 3878 46 23 ein,
2832 3878 39 21 die
2887 3879 44 21 das
2948 3881 93 21 Wetter
3057 3882 77 21 etwas

2550 3905 165 25 unbeständig
2737 3907 54 22 (mit
2811 3907 127 22 kleineren
2959 3909 174 22 Niederschlä-

2550 3936 55 23 gen)
2634 3935 121 24 gestalten
2782 3936 107 22 können.
2918 3938 59 21 Eine
3005 3940 128 22 Schlecht-

2550 3964 189 24 wetterperiode
2764 3965 95 21 scheint
2882 3967 68 21 nicht
2975 3968 159 22 bevorzuste-

2551 3992 54 24 hen,
2627 3992 30 21 da
2686 3993 50 21 sich
2766 3993 44 21 das
2831 3996 160 22 Azorenhoch
3012 3998 37 20 bis
3070 3999 63 25 nach

2534 4018 178 53 Südgrönland
2730 4018 162 53 aufgewölbt
2904 4025 49 21 hat.

2677 4122 145 65 Stadt
2875 4124 130 64 Esch

2577 4212 138 24 20jährige«
2734 4213 231 24 Arbeitsjubiläum.
2985 4217 44 20 Die
3049 4217 80 22 Firma

2548 4240 68 21 Ferd.
2635 4241 91 25 Cahen,
2743 4243 138 25 Esch-Alz.,
2897 4246 33 23 24,
2948 4249 96 17 avenue
3060 4246 30 21 de
3107 4247 22 20 la

2548 4268 71 26 Gäre,
2650 4270 87 22 feierte
2766 4277 38 16 am
2834 4273 90 22 letzten
2953 4274 115 27 Samstag
3097 4277 33 21 im

2547 4298 87 22 Kreise
2651 4300 66 21 ihres
2733 4301 130 21 Personals
2881 4302 43 21 das
2941 4304 125 25 20jährige
3081 4306 49 20 Ar-

2547 4328 186 24 beitsjubiläum
2749 4330 66 21 ihrer
2830 4332 171 24 Angestellten
3014 4334 115 22 Madame

2546 4356 32 21 M.
2606 4357 278 24 Schwarmes-Hansen.
2912 4362 33 21 Zu
2973 4362 81 22 dieser
3081 4364 49 21 Ge-

2546 4385 129 22 denkfeier
2699 4388 155 22 überreichte
2876 4390 38 21 ihr
2937 4390 38 22 ihr
2998 4393 130 26 Arbeitge-

2546 4414 44 22 ber
2611 4416 38 21 ein
2673 4417 103 22 schönes
2799 4418 129 22 Geschenk
2952 4421 23 20 in
2998 4422 131 22 Anerken-

2545 4450 67 20 nung
2628 4445 67 21 ihrer
2710 4447 87 21 treuen
2812 4448 107 22 Dienste.

2574 4488 88 22 Succes
2682 4490 137 21 d'examen.
2837 4492 66 21 Nous
2922 4499 139 20 apprenons
3081 4501 47 20 que

2545 4516 75 22 Melle
2641 4519 105 21 Lefeber
2769 4519 80 22 Cecile
2871 4521 256 26 d'Esch-sur-Alze-tte

2545 4551 14 14 a
2573 4546 55 21 subi
2643 4553 60 16 avec
2716 4548 83 22 succes
2815 4549 121 22 l'examen
2951 4552 176 23 d'infirmiere-

2545 4574 174 26 puericultrice
2740 4577 13 21 ä
2775 4577 23 21 la
2821 4578 113 27 Clinique
2957 4582 117 22 Infantile
3096 4583 30 22 de

2544 4604 24 20 la
2585 4605 100 22 Faculte
2702 4605 29 22 de
2748 4606 128 23 Medecine
2893 4609 30 22 de
2939 4610 156 28 Strasbourg.

1327 3566 137 81 AUS
1525 3566 164 79 DEM
1744 3557 790 118 GROSSHERZOGTUM

1350 3684 42 21 km
1407 3684 182 24 Differdingen.
1605 3683 106 21 Gestern
1727 3683 87 25 abend,
1829 3689 77 21 gegen

1324 3715 24 20 10
1372 3714 59 24 Uhr,
1456 3714 125 25 ereignete
1605 3713 51 20 sich
1678 3713 124 21 zwischen
1827 3714 79 20 Ober-

1320 3743 63 20 korn
1404 3743 50 21 und
1474 3743 72 21 Beles
1565 3743 40 20 ein
1625 3742 123 21 schwerer
1767 3743 138 21 Verkehrs-

1321 3772 88 25 unfall,
1424 3772 44 21 der
1483 3772 78 21 leider
1575 3772 40 20 ein
1630 3771 209 25 Menschenopfer
1854 3772 51 20 for-

1322 3802 76 21 derte.
1431 3803 79 20 Unter
1535 3802 83 20 bisher
1643 3800 176 22 unbekannten
1844 3802 60 20 Um-

1321 3832 105 20 ständen
1442 3832 78 24 geriet
1535 3832 44 20 der
1594 3830 115 21 Arbeiter
1724 3830 51 21 Nic.
1792 3831 115 25 Biringer

1320 3866 45 15 aus
1385 3860 181 25 Differdingen,
1587 3860 72 20 unter
1679 3859 38 21 die
1738 3859 24 20 in
1782 3859 124 26 Richtung

1321 3890 175 25 Differdingen
1537 3887 209 22 vorbeifahrende
1784 3889 121 25 Straßen-

1320 3919 74 21 bahn.
1419 3920 115 24 Biringer
1564 3918 67 22 erlitt
1663 3917 71 21 dabei
1766 3919 138 21 ernsthafte

1320 3948 217 25 Verwundungen,
1559 3953 31 15 an
1611 3947 75 21 deren
1706 3947 91 25 Folgen
1817 3953 27 15 er
1864 3954 41 15 um

1323 3978 24 20 11
1369 3977 60 24 Uhr,
1452 3978 61 20 kurz
1540 3976 63 21 nach
1633 3976 81 20 seiner
1736 3976 169 25 Einlieferung

1319 4006 38 21 ins
1374 4006 91 21 Escher
1479 4006 86 26 Spital,
1581 4005 145 22 verstorben
1742 4006 38 20 ist.

1349 4034 115 22 Mertert.
1484 4034 46 22 Die
1550 4033 123 22 Arbeiten
1694 4039 41 15 am
1762 4034 141 22 Schulneu-

1316 4063 53 22 'bau
1389 4069 87 16 waren
1496 4064 81 22 durch
1597 4063 40 22 die
1666 4062 128 23 schlechte
1815 4064 88 22 Witte-

1317 4098 66 21 rung
1407 4094 78 21 etwas
1507 4093 39 22 ins
1570 4092 110 22 Stocken
1703 4094 111 26 geraten,
1838 4094 65 22 doch

1318 4128 54 15 nun
1385 4122 82 22 haben
1480 4122 120 22 Arbeiter
1612 4121 46 22 der
1670 4121 85 22 Firma
1768 4122 134 22 Neumann

1317 4157 47 16 aus
1381 4152 164 27 Luxemburg
1562 4152 47 22 mit
1626 4151 59 22 dem
1701 4151 55 22 Bau
1773 4152 45 22 der
1836 4152 66 22 sani-

1318 4179 73 22 tären
1413 4180 116 27 Anlagen
1552 4181 139 26 begonnen.
1715 4180 74 22 Diese
1812 4181 90 22 Arbei-

1318 4210 44 21 ten
1375 4210 76 22 allein
1464 4211 104 22 werden
1580 4210 53 22 sich
1647 4209 44 22 auf
1704 4209 82 27 einige
1799 4211 104 22 Monate

1317 4238 46 22 hin
1386 4240 152 22 erstrecken.
1562 4240 58 22 Nun
1650 4239 84 22 merkt
1763 4246 67 20 man,
1852 4240 50 22 daß

1317 4268 42 22 die
1382 4274 64 16 neue
1469 4269 93 22 Schule
1584 4268 46 22 mit
1660 4268 49 21 den
1739 4270 163 22 modernsten

1316 4296 183 27 hygienischen
1518 4298 198 26 Einrichtungen
1737 4301 165 24 ausgestattet

1318 4326 55 22 sein
1392 4327 71 27 wird,
1485 4328 138 22 erwähnen
1642 4327 47 22 wir
1709 4334 49 15 nur
1776 4329 49 21 den
1845 4334 56 22 gro-

1318 4355 49 22 βen
1390 4356 96 22 Dusch-
1507 4357 52 22 und
1581 4356 143 22 Baderaum
1745 4356 36 22 im
1802 4357 99 22 Keller-

1318 4385 117 26 geschoß.

1349 4416 165 22 Niederwiltz.
1570 4417 99 23 Ehrung
1684 4416 43 21 des
1741 4417 161 21 Feuerwehr-

1319 4445 234 22 kommandanten.
1612 4446 47 19 Am
1683 4450 220 21 vorvergangenen

1320 4474 110 25 Sonntag
1472 4475 85 21 wurde
1597 4475 33 20 im
1672 4475 231 22 Feuerwehrlokale

1321 4504 115 24 “Goetzt"
1453 4505 55 20 eine
1524 4503 198 22 eindrucksvolle
1739 4505 70 21 Feier
1825 4505 77 21 durch

1320 4530 186 27 Überreichung
1525 4533 43 21 des
1587 4533 110 25 Diploms
1717 4533 51 21 und
1785 4533 117 22 Medaille

1319 4561 60 22 d'Or
1398 4568 62 19 pour
1479 4563 112 20 Services
1610 4561 92 22 rendus
1722 4568 49 16 aux
1791 4564 111 21 Oeuvres

1320 4590 102 22 sociales
1446 4592 25 21 et
1494 4591 179 22 humanitaires
1697 4597 33 15 an
1753 4592 48 22 den
1823 4594 78 21 Kom-

1937 3686 159 26 mandanten,
2114 3688 82 22 Herrn
2214 3690 91 25 Aloyse
2325 3692 100 26 Godart,
2446 3694 75 26 abge-

1936 3715 92 21 halten.
2047 3716 83 25 Gegen
2148 3719 48 20 9.30
2213 3719 52 21 Uhr
2281 3722 114 23 morgens
2412 3723 108 21 erschie-

1936 3749 49 16 nen
2015 3751 39 15 am
2085 3743 185 29 Übungsplatze
2299 3755 45 15 vor
2374 3732 163 41 sämtlichen

1936 3774 190 22 uniformierten
2166 3777 270 24 Feuerwehrmännern
2476 3788 44 14 aus

1937 3803 55 21 dem
2012 3804 88 21 Hohen
2120 3806 204 24 Feuerwehrrate
2345 3809 38 21 die
2404 3810 51 21 HH.
2476 3806 44 26 Jo-

1936 3838 51 19 nas,
2006 3834 242 26 capitaine-delegue
2268 3837 49 20 und
2337 3838 90 26 Morth,
2446 3841 73 20 Lieu-

1936 3862 205 26 tenant-delegue
2159 3865 29 21 de
2206 3865 24 20 la
2248 3865 147 23 Federation
2413 3869 43 21 des
2474 3870 45 20 Sa-

1936 3892 216 25 peurs-Pompiers
2168 3895 123 24 Frangais,
2308 3896 71 22 beide
2394 3903 44 15 aus
2453 3899 66 20 Bon-

1936 3925 92 20 neweg.
2046 3922 65 20 Herr
2128 3923 76 20 Jonas
2223 3924 119 25 begrüßte
2359 3926 39 21 die
2416 3928 104 22 stramm

1936 3947 136 24 stehenden
2092 3952 185 22 Wehrmänner.
2298 3954 31 20 Er
2348 3956 34 20 sei
2403 3962 47 15 von
2471 3959 48 20 sei-

1935 3985 57 15 nem
2009 3980 121 25 Kollegen
2146 3986 48 15 von
2212 3982 44 21 der
2272 3984 132 22 Academie
2421 3986 32 22 du
2470 3986 49 21 De-

1935 4010 133 20 vouement
2092 4008 115 22 National
2235 4013 116 24 Frangais
2377 4014 143 27 beauftragt

1934 4038 109 25 worden,
2067 4039 55 21 dem
2147 4040 211 22 verdienstvollen
2381 4044 137 22 Komman-

1936 4067 92 21 danten
2070 4068 41 21 für
2153 4069 143 25 Eingreifen
2338 4072 45 21 mit
2425 4075 93 21 seinem

1936 4097 77 25 Corps
2033 4097 38 21 bei
2092 4098 192 22 Löscharbeiten
2313 4101 49 21 und
2392 4102 41 20 für
2462 4109 56 19 per-

1935 4126 121 21 sönliches
2082 4127 114 21 Handeln
2224 4129 38 20 bei
2289 4130 25 21 21
2342 4131 115 22 Bränden
2485 4134 33 20 im

1934 4156 76 20 Jahre
2031 4157 53 20 1947
2103 4157 66 21 diese
2187 4157 191 27 Auszeichnung
2396 4167 28 15 zu
2444 4162 74 21 über-

1934 4185 106 21 reichen.
2056 4185 78 20 Unter
2149 4185 78 22 voller
2242 4185 192 31 Überraschung
2449 4191 69 24 aller,

1934 4213 93 21 heftete
2043 4220 27 15 er
2086 4220 31 15 an
2133 4215 38 21 die
2187 4216 75 21 Brust
2278 4217 43 21 des
2337 4218 125 22 Geehrten
2479 4220 39 22 die

1933 4245 124 23 genannte
2074 4244 124 22 Medaille.
2216 4246 55 21 Tief
2288 4247 102 24 gerührt
2407 4249 42 21 bat
2467 4256 49 16 nun

1932 4272 82 21 dieser
2033 4273 39 21 die
2092 4273 88 21 beiden
2201 4274 157 25 Delegierten
2379 4278 49 21 und
2450 4279 66 21 seine

1934 4301 179 22 Wehrmänner
2130 4303 23 20 in
2172 4303 47 22 den
2236 4305 57 20 Saal
2313 4312 28 15 zu
2359 4307 88 24 treten,
2465 4313 67 19 wo-

1934 4330 38 21 bei
1993 4337 27 15 er
2041 4332 84 21 seinen
2146 4333 71 21 Dank
2240 4334 49 21 und
2310 4334 47 21 den
2379 4336 44 21 der
2444 4337 72 22 Wehr

1933 4362 142 24 aussprach.
2094 4362 77 20 Einen
2190 4362 93 22 schnell
2303 4364 212 26 herbeigeschaff-

1932 4390 42 20 ten
2005 4390 192 26 Frühschoppen
2228 4392 132 22 erheiterte
2390 4395 57 21 bald
2477 4396 39 21 die

1932 4420 63 20 noch
2015 4421 88 20 immer
2121 4414 190 29 Überraschten.
2332 4423 92 26 Innige,
2445 4424 71 22 herz-

1932 4449 64 20 liche
2014 4450 81 20 Worte
2110 4450 104 21 wurden
2230 4452 155 24 gewechselt.
2402 4454 36 21 Im
2455 4455 60 21 Cafe

1932 4478 43 21 des
1989 4478 225 26 Kommandanten,
2230 4481 78 21 wobei
2322 4482 49 21 alle
2386 4479 49 25 zum
2452 4479 65 25 Mit-

1932 4507 115 21 kommen
2079 4509 146 24 eingeladen
2255 4516 92 20 waren,
2385 4511 60 22 fand
2476 4513 70 24 die

1932 4537 132 22 Nachfeier
2080 4538 71 20 statt.
2164 4538 24 20 Es
2202 4539 103 21 wurden
2320 4541 101 22 weitere
2431 4534 115 30 Reden

1932 4566 115 24 gehalten
2072 4567 52 21 und
2148 4568 176 23 verschiedene
2349 4571 82 22 Hochs
2456 4577 58 16 aus-

1932 4595 110 24 gerufen.
2523 4590 7 38 j

90 2888 228 68 Journee
352 2889 62 63 de
448 2883 222 67 comme-

95 2987 252 65 moration
387 2982 260 65 nationale

92 3088 40 21 An
160 3086 48 21 den
237 3083 161 22 Zeremonien
426 3081 44 21 der
499 3077 121 27 "Journee
648 3075 46 23 de
690 3075 5 18 1

92 3119 220 23 commemoration
337 3114 138 22 nationale"
502 3113 108 21 nahmen
634 3110 44 21 teil

93 3154 39 21 die
152 3148 296 29 Regierungsmitglieder
469 3147 45 25 (bis
534 3146 44 21 auf
596 3146 82 20 Herrn

93 3185 204 23 Außenminister
318 3182 73 24 Bech,
414 3181 44 21 der
479 3177 198 27 augenblicklich

93 3221 25 19 in
140 3219 120 22 Amerika
282 3216 84 24 weilt),
390 3215 64 20 Herr
475 3211 202 26 Kammerpräsi-

94 3252 60 21 dent
173 3252 25 20 E.
218 3251 93 22 Reuter
330 3248 51 22 und
402 3248 55 20 eine
477 3245 96 22 Anzahl
594 3246 83 24 Depu-

93 3285 81 24 tierte,
188 3285 38 20 die
240 3283 127 21 Komitees
382 3280 44 22 der
440 3279 95 26 "Union
548 3279 43 21 des
604 3278 73 21 Mou-

93 3318 113 21 vements
223 3317 30 20 de
269 3315 143 21 Resistance
429 3310 249 26 Luxembourgeois",

96 3351 43 20 der
159 3350 88 23 LPPD,
276 3349 44 20 der
342 3347 121 26 "Anciens
491 3344 187 22 Combattants"

95 3379 51 21 und
160 3379 44 20 der
219 3377 192 26 "Maquisards",
426 3376 73 20 sowie
514 3375 54 20 eine
583 3373 94 21 Anzahl

96 3413 49 15 von
170 3406 160 25 Mitgliedern
357 3406 80 20 dieser
464 3404 214 25 Organisationen.

98 3437 28 20 In
142 3435 43 21 der
198 3434 153 21 Kathedrale
367 3434 86 21 wurde
468 3440 42 14 um
526 3434 11 19 9
553 3433 53 21 Uhr
621 3438 57 15 vor-

98 3465 100 24 mittags
218 3464 39 20 ein
277 3462 188 21 Pontifikalamt
485 3462 136 23 zelebriert,
640 3462 38 20 bei

97 3493 108 22 welcher
227 3492 161 25 Gelegenheit
409 3491 175 24 Monseigneur
606 3491 73 19 Lom-

99 3522 55 24 mel,
191 3520 263 24 Bischof-Koadjutor,
491 3520 54 20 eine
580 3519 100 24 Predigt

97 3552 69 21 hielt.
226 3551 44 20 Die
287 3549 144 22 Zeremonie
447 3555 39 14 am
502 3549 179 20 Hinzertkreuz

98 3582 44 21 auf
161 3581 56 21 dem
238 3578 262 23 Liebfrauenfriedhof
521 3578 85 21 wurde
628 3578 53 20 ein-

98 3611 100 26 geleitet
211 3609 79 22 durch
303 3609 55 21 eine
374 3607 132 26 "Sonnerie
520 3612 49 15 aux
583 3606 99 24 morts",

708 2877 104 26 gespielt
826 2882 48 16 von
889 2876 44 21 der
947 2876 188 26 Gardekapelle,
1151 2876 71 21 unter
1236 2876 55 21 Lei-

706 2908 61 24 tung
787 2904 42 23 des
848 2907 82 20 Herrn
948 2905 193 27 Kapellmeister
1160 2904 132 22 Oberleut-

708 2937 60 21 nant
789 2936 89 21 Thorn.
907 2935 49 21 Das
977 2935 180 21 Hinzertkreuz
1176 2940 52 15 war
1248 2935 45 20 mit

706 2965 45 21 der
773 2965 128 22 Trikolore
925 2965 166 24 geschmückt,
1121 2964 120 21 während
1264 2970 29 15 zu

708 2995 89 21 beiden
817 2995 84 22 Seiten
927 2994 38 21 die
986 2993 100 21 Fahnen
1113 2993 44 21 der
1177 2993 115 25 "Unio'n"

708 3025 50 21 und
782 3024 43 21 der
845 3024 88 20 LPPD.
958 3023 50 21 sich
1031 3023 106 24 neigten.
1167 3022 125 25 Soldaten,

709 3053 159 24 Gendarmen
888 3053 51 21 und
958 3053 132 20 Polizisten
1116 3052 110 21 bildeten
1253 3053 39 20 ein

708 3082 182 25 Ehrenspalier,
924 3081 77 21 durch
1036 3081 44 21 das
1113 3081 83 21 zuerst
1229 3082 64 19 Herr

708 3112 198 21 Staatsminister
931 3112 104 24 Dupong
1060 3111 93 24 schritt,
1186 3117 42 15 um
1260 3111 33 20 im

708 3141 95 21 Namen
833 3141 44 21 der
905 3141 139 25 Regierung
1073 3141 71 20 einen
1174 3141 119 20 Blumen-

707 3171 78 20 kranz
802 3176 41 15 am
859 3171 98 20 Kreuze
974 3167 195 27 niederzulegen.
1189 3170 36 20 Im
1242 3170 51 20 Na-

708 3206 56 15 men
782 3200 44 21 der
844 3200 115 24 "Unio'n"
978 3199 143 26 deponierte
1137 3199 77 21 deren
1232 3199 60 21 Prä-

709 3229 87 25 sident,
817 3230 64 20 Herr
899 3230 28 20 A.
948 3229 71 24 Osch,
1039 3229 120 21 flankiert
1177 3234 48 16 von
1246 3229 47 20 den

712 3257 298 25 Vorstandsmitgliedern
1036 3258 60 20 Nico
1122 3257 92 21 Müller
1241 3257 49 21 und

708 3288 107 24 Henkes,
854 3283 78 25 einev
949 3287 190 25 Blumengarbe.
1179 3280 126 27 Dieselbe

710 3318 73 21 Geste
802 3317 161 22 wiederholte
982 3318 33 20 im
1035 3317 95 22 Namen
1150 3316 43 22 der
1212 3317 80 21 LPPD

708 3347 76 21 deren
800 3346 131 21 Präsident
944 3347 24 19 P.
984 3346 113 26 Dopfeld,
1114 3346 117 24 begleitet
1245 3351 48 16 von

709 3376 47 21 den
782 3375 296 24 Vorstandsmitgliedern
1104 3375 187 25 Obergerichts-

707 3405 174 26 hofpräsident
897 3405 60 21 Paul
973 3405 79 20 Faber
1067 3405 51 20 und
1133 3405 93 20 Lehrer
1241 3405 51 21 Nie.

709 3433 120 25 Bosseier.
845 3434 176 25 Monseigneur
1038 3434 117 25 Lommel,
1172 3434 121 21 assistiert

710 3469 48 14 von
772 3464 64 19 Herr
850 3462 226 21 Militäraumönier
1090 3462 129 25 Capitaine
1232 3463 60 24 Jost,

711 3492 88 21 schritt
815 3492 66 20 dann
898 3498 55 14 zum
970 3492 83 20 Kreuz
1069 3497 29 15 zu
1115 3492 68 20 einer
1199 3492 94 21 kurzen

711 3521 131 24 religiösen
858 3521 150 21 Zeremonie.
1024 3521 47 20 Mit
1087 3520 55 22 dem
1159 3521 135 24 Abspielen

711 3556 103 15 unserer
835 3549 209 25 Nationalhymne
1066 3549 77 21 durch
1165 3550 38 21 die
1225 3550 67 21 Mili-

711 3578 138 25 tärkapelle
877 3578 60 20 fand
966 3578 38 21 die
1027 3578 165 22 Gedenkfeier
1222 3579 71 20 ihren

712 3607 132 21 Abschluß.

102 4569 33 22 M.
155 4569 22 22 le
195 4563 245 27 Premier-Ministre
458 4566 93 22 devant
569 4566 24 22 la
611 4566 70 22 croia:
700 4566 29 22 de
743 4565 104 22 Hinzert
859 4570 32 16 au
904 4560 127 24 cimetiere
1044 4560 30 22 de
1087 4560 77 22 Notre
1179 4560 84 22 Dame.

971 4591 93 26 (Photo
1084 4589 69 27 Tony
1175 4589 88 25 Krier)
