4128 5756
223 102 85 19 reaux
323 96 31 25 de
367 96 28 25 la
408 102 97 26 guerre
520 96 25 25 et
561 103 23 24 a,
598 96 17 26 à
629 104 29 18 ce
672 96 81 30 sujet,
767 104 54 19 une
836 97 96 25 contro-

221 137 81 18 verse
318 137 66 18 avec
400 130 25 25 le
442 130 136 25 ministre.

256 163 142 26 L’orateur
439 164 39 25 dit
519 172 52 25 que
593 165 26 25 le
660 165 103 33 danger
804 166 139 25 allemand

221 197 117 26 n’existe
378 206 52 25 pas
471 199 152 25 seulement
646 200 70 25 dans
739 200 28 25 la
790 206 105 26 guerre.
920 200 23 25 Il

221 232 88 25 existe
330 231 154 33 également
506 233 70 25 dans
597 233 29 25 la
645 239 98 26 guerre
764 233 179 33 économique

221 266 47 32 qui
289 273 73 19 nous
385 266 102 25 écrase.
514 266 39 31 Si,
575 267 39 25 dit
638 267 38 25 M.
702 267 115 30 Tissier,
839 275 36 18 on
898 274 33 19 en-

221 299 63 25 voie
309 299 107 31 200,000
439 300 98 32 jeunes
563 306 68 27 gens
657 301 32 25 de
713 301 65 32 plus
805 301 16 26 à
846 302 28 25 la
899 309 30 19 ca-

221 341 89 24 serne,
329 341 29 19 ce
378 335 63 25 sont
461 334 47 26 des
528 335 145 32 étrangers
693 343 70 25 pour
782 336 29 25 la
828 336 113 32 plupart

217 368 49 31 qui
286 368 41 25 les
348 369 203 32 remplaceront
571 376 33 18 en
623 370 113 25 France.

256 402 38 25 M.
321 403 106 25 Tissier
451 404 108 25 conclut
584 404 66 31 qu’il
673 405 96 24 votera
811 405 60 24 tout
912 411 30 18 ce

218 436 84 32 qu’on
327 437 105 25 voudra
472 444 70 25 pour
566 437 140 25 renforcer
729 438 25 25 le
780 438 105 25 service
909 438 32 25 de

219 470 15 25 2
250 477 52 19 ans
317 471 25 25 et
355 470 42 26 les
414 470 135 30 réserves,
563 472 72 25 mais
648 472 67 32 qu’il
728 479 35 18 ne
777 473 96 24 votera
888 480 52 25 pas

218 503 27 25 le
270 504 105 25 service
398 505 31 25 de
453 505 14 25 3
493 513 61 23 ans,
579 506 47 31 qui
650 506 196 25 constituerait
887 514 53 18 une

217 537 101 33 charge
333 538 96 25 lourde
447 540 25 25 et
488 539 99 25 inutile
603 547 70 24 pour
689 540 26 25 le
730 547 80 25 pays.

388 600 138 28 Discours
548 601 35 27 de
606 601 36 26 M.
666 600 104 28 Veillat

254 647 38 25 M.
313 647 113 31 Veillât,
446 648 113 30 radical,
597 649 113 31 parlant
748 649 101 25 devant
886 656 54 18 une

218 681 135 26 Chambre
394 682 169 32 clairsemée,
604 683 107 25 déclare
754 684 67 31 qu’il
862 684 77 30 croit,

217 722 105 19 comme
346 716 37 25 M.
407 716 121 31 Lefèvre,
551 723 52 25 que
625 717 183 33 l’Allemagne
832 717 107 25 userait

216 750 81 25 d’une
318 751 113 31 attaque
451 750 129 33 brusque.

255 784 38 25 M.
317 784 104 25 Veillât
445 784 97 25 estime
566 792 52 25 que
640 785 26 25 le
689 785 89 32 projet
801 785 31 25 de
859 785 69 25 Mon-

214 818 80 25 sieur
313 818 103 25 Jaurès
440 826 48 18 sur
508 818 111 26 l’armée
640 819 31 25 de
690 819 106 25 milices
818 821 42 24 est
880 819 58 25 très

217 852 181 31 intéressant,
420 853 72 25 mais
514 860 34 19 ne
570 853 104 32 répond
695 860 52 25 pas
769 860 55 18 aux
845 853 82 26 néces-

218 887 69 25 sités
309 887 141 25 actuelles.

255 920 36 26 M.
310 920 103 25 Veillât
430 921 69 25 croit
516 928 52 24 que
585 920 25 25 le
628 920 105 25 service
748 921 31 25 de
799 921 69 25 trois
885 929 52 18 ans

217 962 63 19 sera
302 955 25 25 le
349 962 138 18 summum
509 956 32 24 de
562 953 102 26 l’effort
684 954 132 25 militaire
838 963 52 25 que
909 955 28 25 la

218 988 105 25 France
338 996 103 25 pourra
459 988 77 25 faire.
552 988 35 25 Le
602 996 70 25 pays
688 989 57 25 doit
762 989 78 29 faire,
856 989 80 30 dit-il,

218 1030 36 18 un
271 1022 81 25 effort
370 1023 184 32 économique.

252 1057 38 25 M.
311 1057 103 25 Veillât
436 1057 103 32 ajoute:
559 1056 41 25 En
622 1057 167 25 demandant
810 1064 36 18 au
866 1064 70 25 pays

212 1097 32 19 ce
269 1090 102 25 nouvel
395 1090 82 26 effort
518 1090 140 30 militaire,
700 1097 73 19 nous
815 1098 121 19 sommes

214 1124 72 26 dans
308 1125 26 25 la
356 1125 133 25 tradition
511 1124 195 32 républicaine.
728 1125 74 31 (Vifs
822 1125 103 32 applau-

215 1159 170 25 dissements
403 1166 36 18 au
458 1160 91 24 centre
569 1160 25 24 et
613 1167 48 17 sur
680 1166 53 18 une
750 1159 91 32 partie
859 1159 31 25 de
909 1159 28 25 la

211 1193 114 31 gauche.
343 1207 33 3 —
397 1193 209 25 Protestations
626 1192 16 25 à
661 1190 274 36 l’extrême-gauche).

251 1226 37 25 M.
310 1227 104 25 Veillât
434 1227 109 25 conclut
564 1233 52 19 son
636 1227 128 25 discours
786 1234 33 18 en
838 1227 97 25 faveur

215 1261 48 25 des
277 1261 15 25 3
307 1268 61 23 ans,
382 1261 105 25 disant:
502 1261 36 25 Le
552 1261 73 25 droit
640 1268 69 18 sans
723 1261 28 25 la
765 1261 82 30 force,
861 1261 74 30 c’est,

212 1294 120 30 demain,
351 1294 255 25 l’asservissement
626 1295 36 25 du
680 1294 72 25 droit
772 1294 16 25 à
808 1294 27 25 la
854 1294 81 25 force.

216 1328 73 31 (Vifs
310 1328 274 32 applaudissements
626 1336 49 18 sur
714 1329 31 25 de
784 1329 151 25 nombreux

212 1362 107 33 bancs).

343 1417 137 26 Discours
498 1416 35 26 de
552 1416 37 27 M.
610 1417 177 32 Augagneur

249 1465 38 25 M.
313 1465 176 32 Augagneur,
530 1464 337 33 républicain-socialiste,
893 1472 30 18 es-

213 1500 66 25 time
298 1507 52 25 que
368 1499 41 25 les
427 1499 146 31 partisans
591 1499 32 25 de
640 1499 28 25 la
685 1499 39 25 loi
741 1499 32 25 de
792 1499 70 25 trois
882 1506 52 19 ans

213 1535 49 24 ont
283 1534 86 25 abusé
393 1533 47 25 des
460 1533 113 25 raisons
595 1533 36 25 du
652 1533 157 25 sentiment.
851 1533 22 25 Il
893 1541 30 17 re-

216 1568 97 31 proche
354 1574 36 18 au
433 1568 215 31 gouvernement
675 1566 145 33 précédent
847 1568 25 24 et
898 1574 36 18 au

212 1602 216 31 gouvernement
448 1601 90 25 actuel
558 1601 105 25 d’avoir
681 1601 85 25 voulu
783 1608 81 25 peser
885 1608 48 18 sur

212 1635 135 32 l’opinion
371 1642 57 18 non
453 1634 152 25 seulement
629 1642 51 25 par
706 1642 53 18 une
783 1640 150 26 campagne

212 1669 120 25 effrénée
349 1668 31 25 de
396 1668 184 33 propagande,
598 1669 71 25 mais
686 1669 80 25 aussi
783 1676 33 18 en
832 1669 90 32 exploi-

213 1704 61 25 tant
316 1703 27 25 la
367 1704 107 25 terreur
497 1703 47 25 des
568 1703 91 25 forces
681 1703 32 25 de
737 1710 52 19 nos
815 1703 117 25 voisins.

213 1737 91 32 (Appl.
327 1737 15 25 à
365 1736 273 33 l’extrême-gauche).

249 1771 37 25 M.
310 1772 168 31 Augagneur
501 1771 103 32 ajoute:
645 1771 38 25 La
706 1772 97 25 raison
828 1771 104 27 avouée

212 1805 36 25 du
264 1805 104 25 service
384 1805 31 25 de
431 1805 69 25 trois
515 1812 52 18 ans
583 1806 42 24 est
641 1804 112 26 l’armée
768 1805 164 30 allemande,

212 1839 72 25 mais
306 1839 41 25 les
370 1839 113 25 raisons
507 1838 178 25 dissimulées
726 1840 63 24 sont
810 1839 25 25 le
857 1838 75 25 désir

211 1873 32 25 de
261 1873 109 25 revenir
389 1881 49 17 sur
457 1873 27 25 la
502 1872 38 25 loi
559 1873 31 25 de
610 1872 71 30 1905,
700 1873 27 25 la
747 1872 123 25 défiance
887 1880 33 18 en-

212 1914 63 19 vers
292 1907 41 25 les
350 1906 108 26 armées
475 1907 32 25 de
522 1906 119 31 réserve,
657 1906 204 25 l’attachement
878 1914 53 18 aux

211 1941 108 25 armées
339 1940 31 26 de
390 1940 105 32 métier,
516 1941 31 25 de
567 1947 124 24 caserne,
710 1941 33 30 et,
763 1940 85 30 enfin,
869 1940 52 25 l’ex-

210 1974 123 33 pédition
353 1975 35 25 du
409 1975 104 25 Maroc.

245 2008 142 26 L’orateur
404 2008 97 25 estime
515 2008 25 25 le
557 2008 105 25 service
676 2008 32 25 de
722 2008 69 25 deux
806 2015 52 19 ans
875 2008 46 25 suf-

211 2042 88 25 fisant
323 2043 25 25 et
372 2042 51 25 cite
448 2042 47 25 des
519 2042 115 32 opinion
659 2041 16 26 à
698 2042 103 32 l’appui
843 2042 32 25 de
898 2050 31 19 sa

210 2076 84 25 thèse.

245 2110 37 25 M.
303 2111 168 32 Augagneur
492 2111 159 25 examinant
673 2112 111 25 surtout
804 2112 27 25 la
850 2119 69 25 ques-

209 2145 59 25 tion
288 2145 30 25 de
339 2145 27 25 la
387 2145 145 30 cavalerie,
551 2145 97 25 estime
668 2152 52 25 que
739 2145 140 33 beaucoup
898 2146 32 25 de

210 2179 91 31 temps
325 2179 42 25 est
393 2178 124 32 employé
542 2178 16 25 à
583 2179 27 25 la
634 2185 114 19 caserne
773 2181 157 25 autrement

208 2220 52 25 que
282 2219 70 25 pour
376 2212 188 25 l’instruction
585 2213 48 25 des
656 2213 131 31 hommes,
809 2214 120 32 laquelle

208 2246 126 32 pourrait
374 2246 57 26 être
454 2246 147 26 améliorée
624 2255 68 19 sans
733 2248 148 32 prolonger
904 2249 25 25 le

209 2281 113 25 service.

243 2314 143 26 L’orateur
409 2316 39 25 dit
472 2322 52 25 que
547 2316 25 25 le
596 2316 66 25 haut
686 2316 158 32 état-major
886 2316 43 25 est

207 2348 75 26 resté
300 2348 102 25 hostile
419 2349 16 25 à
451 2349 29 25 la
496 2349 38 25 loi
552 2350 31 25 de
603 2349 72 25 1905.
692 2349 24 25 Il
735 2349 125 25 s’étonne
877 2357 52 25 que

206 2381 57 26 l’on
285 2383 151 25 condamne
459 2383 120 31 l’emploi
602 2383 47 25 des
673 2383 136 30 réserves,
831 2391 29 18 ce
882 2384 46 31 qui

208 2417 43 25 est
266 2416 163 32 impossible
445 2418 25 24 et
486 2417 82 31 qu'on
585 2416 110 25 cherche
711 2417 16 25 à
743 2424 33 18 en
792 2418 137 25 diminuer

209 2450 25 25 la
255 2450 102 25 valeur.

244 2484 38 25 M.
303 2484 169 32 Augagneur
492 2485 118 25 mettant
630 2492 34 17 en
685 2492 83 18 cause
792 2485 37 25 M.
854 2485 74 26 Mes-

207 2519 81 31 simy,
310 2518 15 25 à
349 2525 103 25 propos
475 2519 32 25 de
529 2518 179 26 l’utilisation
730 2519 47 25 des
801 2519 126 25 réserves

208 2552 70 25 dans
302 2552 28 25 la
354 2558 98 26 guerre
475 2553 48 25 des
548 2552 136 31 Balkans,
708 2554 129 31 question
861 2554 66 32 qu’il

206 2587 44 25 est
273 2586 54 25 allé
349 2587 106 25 eiudier
479 2595 49 18 sur
550 2587 85 32 place,
657 2587 107 25 celui-ci
786 2587 39 26 dit
848 2588 80 32 qu’en

207 2619 134 33 Bulgarie
362 2628 33 18 on
419 2621 128 25 convient
567 2621 47 25 des
634 2622 150 25 immenses
806 2623 121 25 services

206 2654 102 25 rendus
327 2662 50 25 par
395 2655 41 25 les
454 2655 151 32 régiments
624 2656 31 25 de
672 2656 28 25 la
717 2656 119 30 réserve,
856 2656 70 25 mais

207 2688 154 25 seulement
403 2689 82 32 après
509 2689 32 25 20
564 2689 80 31 jours
669 2690 31 25 de
727 2690 199 25 mouilisation.

206 2722 45 25 Du
272 2722 58 25 côté
353 2723 68 29 turc,
442 2722 80 30 dit-il,
545 2723 87 25 même
654 2724 197 25 constatation.
874 2724 52 25 Les

209 2755 135 30 premiers
370 2755 88 31 jours,
487 2756 41 25 les
573 2756 168 25 réservistes
784 2756 141 25 lâchèrent

203 2788 69 30 pied.

465 2850 38 27 M.
525 2850 138 34 Messimy

240 2897 37 25 M.
302 2897 138 32 Messimy
464 2898 49 25 dit:
537 2898 35 25 Je
595 2906 42 17 me
660 2899 61 25 suis
744 2899 126 32 expliqué
893 2900 31 25 de

202 2931 80 30 façon
304 2931 145 25 différente
469 2938 70 25 pour
560 2931 41 25 les
622 2931 151 31 régiments
794 2932 16 25 à
831 2940 93 24 noyau

203 2964 66 25 actif
289 2964 92 31 grossi
404 2964 31 25 de
456 2964 175 25 réservistes.
656 2965 22 25 Il
697 2973 17 24 y
734 2973 16 17 a
772 2973 53 17 une
847 2965 66 26 diffé-

202 3005 80 18 rence
306 2997 134 33 profonde
463 3000 77 24 entre
563 3007 37 17 un
623 2998 135 33 régiment
781 2999 32 25 de
835 3000 78 25 réser-

201 3032 89 25 vistes
310 3032 152 25 inexistant
481 3034 85 24 avant
585 3033 28 25 la
631 3033 192 25 mobilisation
841 3035 26 25 et
885 3041 38 18 un

201 3065 135 33 régiment
358 3066 65 25 actif
445 3066 47 33 qui
513 3067 144 32 incorpore
677 3068 47 25 des
747 3067 175 26 réservistes.

238 3107 38 26 M.
302 3107 137 32 ivressimy
462 3108 140 25 continue:
627 3108 56 25 J’ai
708 3109 102 32 changé
833 3109 89 25 d’avis

201 3141 98 32 depuis
318 3141 71 30 1M3,
406 3149 81 25 parce
505 3149 52 25 que
574 3142 111 25 d’abord
701 3142 47 32 j’ai
766 3143 156 33 davantage

200 3174 179 33 l’expérience
417 3176 47 25 des
488 3176 96 25 choses
624 3176 148 26 militaires
794 3178 25 25 et
840 3184 82 25 parce

201 3216 52 25 que
269 3209 25 32 je
313 3210 157 25 souhaitais
487 3210 77 25 alors
581 3217 52 25 que
649 3210 28 25 la
695 3210 105 26 France
816 3211 105 25 donnât

200 3243 143 33 l’exemple
366 3244 30 25 de
421 3244 28 25 la
473 3244 124 26 révision
620 3244 47 25 des
691 3244 135 32 dépendes
849 3246 60 25 mili-

201 3277 95 25 taires.
312 3277 101 26 J’étais
431 3279 152 25 convaincu
600 3286 52 25 que
667 3278 27 25 la
711 3278 106 26 France
835 3280 86 25 serait

201 3311 97 25 suivie.
321 3311 37 25 La
382 3311 106 26 France
510 3320 16 18 a
550 3312 90 25 donné
662 3314 41 25 cet
726 3313 129 32 exemple.
881 3313 40 25 De

202 3345 63 25 1900
290 3344 16 25 à
331 3346 72 30 1905,
427 3346 52 25 elle
504 3346 45 25 n’a
574 3347 146 32 augmenté
744 3354 52 19 son
821 3348 100 32 budget

199 3378 33 25 de
252 3379 27 25 la
301 3384 97 27 guerre
418 3387 52 25 que
491 3381 32 25 de
542 3381 15 24 5
577 3381 134 26 millions.
731 3381 52 26 Les
804 3381 116 32 budgets

199 3413 110 25 voisins
329 3414 48 24 ont
400 3414 154 31 augmenté,
576 3415 69 25 dans
667 3414 25 26 le
714 3415 86 25 même
821 3417 98 31 temps,

199 3446 32 26 de
250 3447 48 25 300
315 3447 134 26 millions.

232 3488 86 25 Notre
335 3489 121 32 exemple
473 3497 35 18 ne
525 3490 41 25 fut
585 3490 69 25 donc
669 3498 52 24 pas
739 3491 82 25 suivi.
840 3491 79 25 Nous

198 3529 90 19 avons
302 3522 69 25 donc
386 3523 25 25 le
426 3523 102 30 devoir,
545 3531 67 18 sous
629 3532 53 17 une
695 3525 87 25 forme
797 3533 36 18 ou
850 3533 68 18 sous

200 3563 52 18 une
274 3557 87 29 autre,
387 3557 159 25 d’accroître
569 3565 53 18 nos
647 3558 89 25 forces
761 3559 157 29 militaires,

197 3590 25 25 si
242 3598 71 18 nous
332 3598 34 18 ne
387 3590 119 26 voulons
527 3599 51 24 pas
597 3592 57 25 être
673 3591 111 26 écrasés
805 3601 69 18 sous
893 3593 25 25 le

198 3625 120 25 nombre.
342 3625 74 31 (Vifs
437 3625 72 32 appl.
534 3633 35 18 au
591 3627 92 24 centre
705 3628 25 24 et
754 3634 52 18 une
827 3628 91 31 partie

196 3658 32 25 de
249 3659 28 25 la
299 3659 121 31 oauche).

233 3693 37 25 M.
292 3694 169 32 Augagneur
481 3693 124 33 réplique
627 3701 52 25 que
700 3694 28 25 la
748 3700 98 27 guerre
869 3694 47 25 des

201 3726 124 26 Balkans
349 3735 16 17 a
387 3727 104 33 prouvé
518 3728 111 25 surtout
652 3727 27 25 la
704 3727 138 26 nécessité
865 3736 52 25 que

197 3762 74 24 toute
292 3761 28 25 la
341 3762 97 25 nation
459 3762 54 25 soit
534 3761 147 25 fortement
703 3762 98 25 armée.
826 3763 90 31 (Appl.

195 3794 17 25 à
234 3795 255 33 l’extrême-gauche
529 3797 25 25 et
593 3803 54 19 une
687 3796 89 32 partie
816 3796 31 25 de
888 3797 28 25 la

193 3830 124 32 gauche).

229 3864 37 25 La
286 3865 73 25 suite
375 3865 31 25 de
422 3865 28 25 la
466 3865 160 25 discussion
644 3865 42 25 est
703 3864 120 32 renvoyé
840 3865 17 25 à
873 3864 32 25 de-

195 3898 83 25 main.

231 3991 167 27 Demandez
421 3990 30 26 la
474 3989 131 27 nouvelle
649 3987 136 28 Chicorée
810 3995 35 19 en
871 3995 30 19 se-

194 4029 96 27 moule
307 4029 31 26 A.
356 4028 34 27 de
407 4027 212 29 Saint-Hubert
636 4035 36 19 en
688 4028 122 30 paquets
827 4026 85 26 d’une

192 4068 95 26 demie
306 4068 80 30 livre,
407 4064 54 29 472
482 4074 67 19 sous
569 4066 25 26 le
613 4067 114 30 paquet.
839 4064 74 26 3390

1129 106 414 76 Étranger

1153 252 361 38 ALLEMAGNE

1214 312 123 31 L’impôt
1354 314 107 30 unique

1018 355 105 33 Berlin,
1148 359 16 24 9
1189 358 73 30 juin.
1305 375 38 3 —
1382 360 40 27 La
1447 364 185 26 commission
1658 365 37 27 du

975 393 155 35 Beiehstag
1150 405 14 17 a
1185 398 122 26 terminé
1326 398 27 26 la
1371 401 144 30 première
1530 402 111 28 lecture
1657 404 38 25 du

975 433 95 30 projet
1089 434 35 26 de
1142 437 68 24 taxe
1227 437 110 32 unique
1354 441 25 24 et
1398 441 228 30 exceptionnelle
1645 449 50 19 sur

975 471 30 26 la
1022 471 116 28 fortune
1157 476 25 23 et
1202 474 25 26 le
1246 483 116 19 revenu.
1382 475 86 28 Selon
1486 479 118 32 l’usage,
1623 482 71 25 cette

975 511 144 30 première
1139 512 106 27 lecture
1266 522 36 18 ne
1322 514 66 27 s’est
1408 525 53 23 pas
1481 519 139 26 terminée
1640 528 56 22 par

976 557 39 18 un
1031 551 63 25 vote
1111 558 50 18 sur
1178 551 165 29 l’ensemble
1359 554 37 26 du
1413 556 102 30 projet.

1012 586 140 33 Quelques
1173 590 217 29 modifications
1410 596 48 24 ont
1479 595 41 26 été
1541 596 153 30 apportées

975 624 17 27 à
1008 626 29 26 la
1055 626 132 28 dernière
1204 628 91 28 heure
1311 638 38 19 au
1366 632 95 30 projet
1479 633 38 26 du
1534 641 160 23 gouverne-

974 667 86 24 ruent.
1085 665 37 26 Le
1145 672 227 25 gouvernement
1413 671 79 26 avait
1514 673 131 30 exprimé
1668 673 25 26 le

975 702 76 27 désir
1068 711 55 24 que
1145 705 23 26 le
1188 707 67 25 taxe
1274 706 43 27 fût
1337 707 76 27 levée
1433 717 36 18 en
1488 710 77 26 deux
1584 712 112 30 parties

973 741 104 32 égales,
1097 743 28 26 la
1145 744 144 30 première
1309 747 96 25 moitié
1426 748 70 26 trois
1515 750 76 25 mois
1608 752 85 30 après

973 780 82 26 l’avis
1075 781 36 26 de
1131 783 168 30 perception
1321 787 25 24 et
1367 785 28 25 la
1415 787 124 26 seconde
1558 791 88 24 avant
1668 788 26 26 le

973 819 33 25 31
1025 827 79 19 mars
1124 821 79 26 1915.

1010 856 57 28 Sur
1087 859 28 26 la
1137 860 181 30 proposition
1339 861 38 26 du
1398 865 107 30 centre,
1525 864 25 26 le
1571 872 108 24 gouver-

973 899 115 24 nement
1112 906 17 17 a
1151 899 114 30 accepté
1288 899 35 26 de
1344 900 137 27 modifier
1503 902 27 26 le
1552 903 85 26 mode
1659 904 34 25 de

973 938 155 28 payement
1146 937 34 25 de
1197 937 27 26 la
1241 937 85 30 façon
1343 939 143 27 suivante.
1502 940 40 26 La
1559 943 69 25 taxe
1644 942 36 25 de-

972 981 52 18 vra
1042 974 60 26 être
1120 975 92 30 payée
1231 984 36 17 en
1286 977 71 25 trois
1375 981 190 25 versements:
1584 980 25 25 le
1626 988 53 23 pre-

972 1012 73 26 mier
1063 1013 70 25 trois
1154 1014 73 26 mois
1245 1015 85 30 après
1349 1014 82 28 l’avis
1452 1017 36 25 de
1505 1018 142 31 taxation,
1667 1019 25 25 le

972 1050 151 27 deuxième
1145 1060 37 18 au
1204 1052 33 25 31
1261 1061 79 19 mars
1362 1054 69 26 1915
1453 1057 25 24 et
1499 1055 28 26 le
1546 1056 146 27 troisième

973 1096 36 18 au
1027 1090 34 25 31
1080 1097 79 19 mars
1178 1090 79 26 1916.

1008 1127 63 27 Une
1096 1129 110 26 motion
1231 1129 39 26 du
1295 1132 96 25 centre
1417 1134 161 28 proposant
1602 1133 75 27 d’em-

970 1165 100 31 ployer
1112 1174 37 19 au
1173 1167 236 33 développement
1431 1170 188 32 économique
1641 1172 50 26 des

970 1204 125 27 colonies
1116 1206 33 25 de
1168 1205 131 32 l’empire
1320 1207 39 25 les
1379 1208 153 27 excédents
1551 1210 140 30 possibles

972 1242 34 27 de
1022 1243 29 26 la
1066 1245 76 30 taxe,
1158 1252 18 19 a
1191 1244 42 26 été
1250 1245 131 31 acceptée
1397 1245 18 26 à
1429 1255 58 18 une
1502 1248 112 30 grande
1629 1256 47 17 ma-

970 1281 92 30 jorité.

1008 1319 40 27 La
1074 1321 186 25 commission
1285 1330 29 19 se
1339 1331 149 24 prononça
1516 1324 113 26 ensuite
1655 1333 35 18 en

971 1357 102 28 faveur
1101 1359 85 26 d’une
1213 1360 152 27 deuxième
1391 1361 110 26 motion
1528 1362 38 26 du
1592 1365 98 25 centre

970 1399 161 29 proposant
1149 1398 34 25 de
1202 1398 90 31 punir
1312 1398 86 27 d’une
1418 1400 123 26 amende
1560 1403 25 24 et
1606 1401 71 26 éven-

970 1435 167 27 tuellement
1162 1437 35 26 de
1222 1437 47 26 six
1294 1437 74 26 mois
1393 1437 297 32 d’emprisonnement

970 1477 25 22 et
1019 1474 35 26 de
1077 1475 28 25 la
1128 1478 81 27 perte
1233 1475 49 26 des
1305 1476 90 25 droits
1418 1476 81 26 civils
1523 1480 76 24 toute
1623 1486 52 23 per-

969 1519 91 19 sonne
1085 1513 177 26 convaincue
1285 1513 112 26 d’avoir
1420 1515 75 26 tenté
1519 1515 118 26 d’éviter
1661 1516 29 26 la

970 1552 66 25 taxe
1063 1559 36 18 en
1123 1552 108 26 faisant
1256 1560 103 24 passer
1384 1561 57 19 une
1465 1554 95 30 partie
1585 1554 34 26 de
1644 1562 45 19 ses

969 1589 85 26 fonds
1074 1589 17 27 à
1112 1590 163 32 l’étranger.

1006 1628 79 26 Pour
1101 1629 40 25 les
1158 1636 160 24 personnes
1335 1632 89 28 ayant
1440 1630 63 26 leur
1519 1630 116 27 fortune
1652 1640 35 18 en

969 1667 80 26 titres
1071 1667 75 25 côtés
1168 1667 18 26 à
1207 1667 29 26 la
1259 1667 119 32 Bourse,
1420 1676 46 19 ces
1488 1669 80 25 titres
1590 1675 97 20 seront

968 1705 115 27 évalués
1101 1705 114 31 d’après
1231 1706 78 26 leurs
1323 1714 85 19 cours
1424 1715 37 18 au
1477 1707 34 26 31
1530 1707 156 26 décembre.

1080 1765 41 26 Un
1144 1765 99 31 espion
1265 1766 129 32 français
1415 1767 160 27 condamné

1004 1810 109 31 Berlin,
1131 1810 91 27 lundi.
1239 1827 36 3 —
1292 1811 46 27 Un
1355 1813 74 31 sujet
1448 1813 139 32 français,
1604 1814 78 27 Jules

966 1849 101 31 Davot,
1092 1849 209 33 photographe,
1327 1850 18 27 à
1367 1851 112 32 Nancy,
1504 1860 17 18 a
1546 1860 136 24 comparu

967 1887 104 27 devant
1096 1888 26 25 la
1145 1888 135 27 chambre
1305 1890 159 26 criminelle
1488 1891 34 25 de
1545 1890 137 27 Munster,

967 1933 35 19 en
1025 1925 189 33 Westphalie,
1238 1928 101 26 accusé
1363 1928 110 26 d’avoir
1497 1929 85 26 voulu
1607 1937 63 18 ame-

966 1972 52 19 ner
1036 1964 28 26 la
1081 1965 143 27 désertion
1244 1966 39 26 du
1299 1966 92 27 soldat
1409 1967 146 26 allemand
1573 1968 109 30 Vaster,

967 2002 38 27 du
1024 2003 45 27 15e
1085 2004 141 32 régiment
1244 2004 35 28 de
1295 2005 77 31 ligne
1389 2004 18 27 à
1423 2004 138 28 Munden.

1003 2041 37 27 Le
1061 2042 68 31 père
1151 2043 34 27 de
1207 2043 102 26 Vaster
1332 2044 96 26 habite
1451 2044 29 26 la
1501 2043 121 27 France*
1636 2044 35 26 de-

965 2081 66 30 puis
1053 2082 79 30 1893,
1153 2090 69 19 avec
1239 2090 33 19 sa
1292 2082 119 31 famille,
1431 2090 69 18 sans
1519 2083 81 26 avoir
1619 2090 52 25 per-

966 2119 46 28 du,
1039 2120 171 31 cependant,
1236 2129 33 18 sa
1295 2121 171 26 nationalité
1492 2121 190 32 d’Allemand,

964 2159 79 25 étant
1068 2167 74 19 venu
1165 2159 34 26 de
1222 2161 93 30 temps
1357 2167 35 18 en
1415 2162 93 29 temps
1550 2168 36 17 en
1609 2159 61 27 Alle-

964 2205 113 24 magne.

1002 2251 36 3 —
1052 2235 126 32 Lorsque
1196 2236 103 27 Vaster
1317 2236 47 25 fils
1383 2236 33 26 fit
1433 2244 52 18 son
1503 2237 108 27 service
1630 2238 39 25 mi-

964 2274 95 26 litaire
1081 2283 36 18 en
1139 2275 178 30 Allemagne,
1339 2274 115 27 déclara
1476 2275 25 26 le
1524 2283 158 24 procureur

964 2312 116 31 général
1102 2321 37 18 au
1160 2321 84 18 cours
1265 2312 49 26 des
1335 2312 107 31 débats,
1463 2321 36 17 on
1520 2322 16 16 a
1557 2315 124 30 raconté,

964 2350 18 26 à
1008 2350 111 31 Nancy,
1145 2350 89 31 qu’un
1261 2350 93 27 soldat
1381 2351 129 31 français
1537 2352 77 25 avait
1641 2351 41 26 été

964 2388 77 26 forcé
1059 2389 34 26 de
1111 2389 74 26 faire
1203 2397 52 18 son
1273 2389 108 26 service
1398 2389 138 26 militaire
1554 2398 35 18 en
1607 2390 61 26 Alle-

964 2435 105 24 magne
1092 2430 25 24 et
1141 2436 37 18 on
1200 2436 17 17 a
1240 2427 105 32 chargé
1370 2427 128 32 l’accusé,
1521 2428 82 27 Jules
1626 2428 43 26 Da-

963 2468 55 29 vot,
1038 2466 34 26 de
1092 2466 74 26 faire
1187 2466 126 27 déserter
1332 2467 110 26 Vaster.

999 2504 92 27 Davot
1112 2513 18 19 a
1150 2504 65 32 déjà
1234 2505 42 26 été
1296 2505 161 27 condamné
1477 2514 59 18 aux
1557 2508 125 25 travaux

963 2543 92 26 forcés
1077 2552 74 24 pour
1173 2544 186 32 espionnage,
1382 2552 74 24 pour
1477 2545 82 26 avoir
1581 2545 86 31 photo-

963 2583 122 30 graphié
1101 2583 41 26 les
1158 2583 206 26 fortifications
1382 2583 35 26 de
1432 2583 82 26 Metz.
1532 2583 78 27 Cette
1627 2583 55 26 fois

964 2629 111 23 encore,
1121 2621 19 26 il
1166 2629 16 18 a
1207 2622 41 26 été
1275 2622 98 26 trouvé
1398 2622 139 31 coupable
1563 2624 25 24 et
1614 2629 53 18 con-

963 2660 104 26 damné
1085 2659 18 27 à
1121 2661 15 25 6
1155 2661 73 25 mois
1246 2660 34 26 de
1299 2660 108 31 prison.

999 2698 102 26 Vaster
1123 2699 78 26 avait
1221 2699 42 26 été
1284 2699 75 31 jugé,
1382 2699 183 30 récemment,
1586 2700 26 25 et
1634 2706 33 18 ac-

961 2737 89 30 quitté
1070 2744 56 22 par
1147 2737 25 25 le
1193 2737 107 25 conseil
1321 2737 35 25 de
1376 2744 113 23 guerre,
1510 2737 171 30 présumant

960 2773 69 30 qu’il
1052 2774 77 25 avait
1151 2773 53 26 fait
1226 2775 71 24 cette
1320 2774 138 25 tentative
1479 2774 34 25 de
1535 2773 146 25 désertion

959 2811 189 32 uniquement
1191 2819 88 24 parce
1323 2810 69 32 qu’il
1415 2819 30 19 se
1470 2811 110 31 croyait
1603 2810 75 31 sujet

960 2850 139 32 français,
1121 2850 18 26 à
1160 2850 28 26 la
1210 2850 74 27 suite
1305 2850 35 26 de
1361 2858 52 19 son
1435 2850 68 32 long
1524 2849 97 32 séjour
1644 2858 36 19 en

959 2888 120 27 France.

996 2927 25 25 A
1040 2927 85 30 juger
1145 2935 55 23 par
1221 2936 56 17 une
1297 2936 153 22 remarque
1472 2928 38 25 du
1531 2927 148 31 président

959 2964 34 26 de
1015 2964 27 25 la
1063 2964 137 27 chambre
1222 2964 168 31 criminelle,
1414 2974 36 17 on
1470 2974 37 17 va
1528 2973 150 23 proposer,

958 3011 55 22 par
1036 3002 29 26 la
1086 3002 63 26 voie
1172 3002 217 31 diplomatique,
1412 3002 173 31 d’échanger
1607 3002 58 25 Vas-

959 3043 42 25 ter
1019 3043 97 24 contre
1134 3049 39 18 un
1190 3041 92 26 soldat
1300 3041 146 26 allemand
1463 3049 38 18 au
1517 3041 109 27 service
1644 3041 34 26 de

958 3079 29 26 la
1010 3079 113 26 France
1167 3082 26 25 et
1217 3080 126 25 certains
1367 3079 115 27 veulent
1507 3079 93 29 croire
1622 3087 56 24 que

958 3120 70 25 cette
1052 3126 153 24 remarque
1229 3118 162 32 s’applique
1415 3126 38 19 au
1476 3126 47 18 cas
1547 3118 34 26 de
1607 3118 57 25 l’an-

957 3157 63 26 cien
1043 3157 91 25 maire
1157 3156 161 28 d’Usedorf.

1212 3227 205 34 MAROC

1144 3285 166 32 L’Espagne
1331 3293 36 19 au
1393 3286 96 27 Maroc

993 3330 124 33 Madrid,
1137 3332 16 25 9
1172 3332 73 30 juin.
1262 3348 36 3 —
1317 3332 109 32 Malgré
1444 3333 41 26 les
1502 3341 173 19 assurances

957 3369 125 28 données
1102 3379 55 23 par
1178 3371 25 25 le
1223 3374 91 24 comte
1336 3371 34 26 de
1390 3371 191 32 Romanonès,
1603 3375 26 25 et
1650 3372 25 26 le

955 3409 133 26 ministre
1113 3409 34 26 de
1173 3409 28 26 la
1224 3417 113 25 guerre,
1362 3410 117 31 général
1502 3410 107 32 Luque,
1634 3419 41 19 un

953 3447 140 26 bataillon
1114 3447 187 27 d’infanterie
1320 3451 41 24 est
1382 3449 76 31 parti
1479 3449 63 25 hier
1562 3449 113 31 d’Algé-

955 3486 75 26 siras
1056 3486 16 25 à
1099 3486 175 26 destination
1301 3486 34 26 de
1359 3487 137 26 Larache.
1540 3487 134 26 D’autres

953 3524 128 26 renforts
1104 3526 63 24 sont
1191 3532 35 18 en
1250 3524 198 31 préparation.
1473 3525 68 26 Cela
1563 3534 111 24 prouve

953 3570 55 23 que
1030 3563 27 25 la
1077 3563 140 25 situation
1237 3563 72 26 n’est
1329 3572 54 22 pas
1404 3564 79 25 aussi
1504 3564 94 25 bonne
1618 3572 55 23 que

953 3601 205 30 permettaient
1178 3601 35 25 de
1232 3601 25 25 le
1277 3609 141 24 supposer
1439 3601 40 26 les
1499 3602 115 30 paroles
1634 3601 38 27 du

953 3642 233 28 gouvernement.

990 3677 42 27 On
1052 3685 30 19 se
1099 3678 95 31 plaint
1212 3678 74 25 dans
1305 3678 40 26 les
1364 3678 102 27 hautes
1484 3678 119 31 sphères
1621 3686 37 24 po-

953 3716 113 32 litiques
1090 3717 171 30 espagnoles
1304 3716 49 27 des
1376 3716 206 27 informations
1623 3725 48 24 qui

953 3755 193 30 parviennent
1167 3755 38 25 du
1228 3755 99 26 Maroc
1367 3755 138 31 envoyées
1546 3764 54 23 par
1623 3755 49 26 des

951 3793 142 32 Français
1118 3793 217 32 antiespagnols
1377 3796 25 25 et
1427 3803 54 23 par
1506 3794 49 27 des
1579 3794 80 31 Espa-

951 3832 82 30 gnols
1058 3832 202 31 antifrançais.
1304 3832 74 26 C’est
1401 3833 76 25 ainsi
1500 3832 89 31 qu’au
1610 3840 47 19 mo-

953 3873 78 24 ment
1047 3870 36 26 où
1098 3870 118 32 parvint
1233 3870 17 26 à
1267 3871 84 26 Paris
1367 3871 28 26 la
1412 3871 131 26 nouvelle
1558 3880 55 23 que
1629 3871 41 26 les

951 3909 162 32 Espagnols
1132 3909 115 26 avaient
1266 3909 63 26 subi
1348 3910 48 25 des
1415 3913 95 29 pertes
1529 3910 142 26 sérieuses

951 3947 73 26 dans
1040 3947 40 26 les
1096 3947 127 27 combats
1237 3948 135 30 d’Arzila,
1388 3957 36 18 on
1440 3949 229 30 communiquait

949 3986 17 26 à
990 3986 116 27 Madrid
1148 3995 57 18 une
1228 3986 124 31 dépêche
1375 3989 136 25 assurant
1551 3995 56 24 que
1629 3986 41 26 les

949 4024 141 32 Français
1109 4025 115 26 avaient
1242 4033 35 19 eu
1295 4024 73 27 dans
1385 4025 28 26 la
1430 4024 148 27 Moulouïa
1598 4026 71 25 1000

950 4066 88 24 morts
1058 4066 25 25 et
1101 4063 113 27 blessés.

1772 107 53 26 Ces
1849 107 190 31 agissements
2063 110 178 27 contrarient
2285 119 169 24 gravement

1734 146 41 26 les
1793 146 102 27 efforts
1911 146 38 26 du
1966 151 234 30 gouvernement,
2219 150 34 26 de
2270 150 140 31 l’opinion
2427 153 26 25 et

1734 184 36 26 de
1791 184 29 26 la
1842 193 101 23 presse
1963 194 76 23 pour
2062 187 113 26 arriver
2217 188 17 26 à
2259 197 57 18 une
2339 191 113 25 entente

1734 222 280 33 franco-espagnole.

1796 300 591 61 Ozanam

1767 387 39 25 Le
1827 387 94 30 grand
1961 387 128 27 écrivain
2130 389 164 33 catholique
2336 393 69 27 dont
2422 393 30 26 le

1730 425 133 26 cardinal
1882 426 145 27 Vanutelli
2047 431 41 23 est
2107 436 76 19 venu
2201 429 127 27 honorer
2346 431 28 26 la
2392 433 44 25 mé-

1731 464 99 31 moire,
1854 464 17 26 à
1896 464 93 32 Paris,
2013 466 69 26 était
2105 467 35 26 né
2163 467 18 26 à
2203 467 93 28 Milan
2320 478 36 18 en
2380 471 70 25 1813

1731 501 107 28 durant
1862 511 40 18 un
1926 503 96 30 séjour
2047 513 141 25 passager
2213 507 35 26 de
2272 515 32 19 sa
2330 508 119 32 famille,

1730 548 36 18 en
1790 540 173 28 Lombardie
1986 543 79 26 alors
2089 544 156 32 française.
2288 546 59 27 Son
2372 548 77 31 père,

1729 580 130 26 médecin
1879 580 18 26 à
1916 580 195 28 l’Hôtel-Dieu
2132 584 36 25 de
2185 583 89 33 Lyon,
2294 585 26 25 le
2340 585 33 27 fit
2394 586 41 26 éle-

1729 626 50 18 ver
1806 618 75 26 dans
1906 621 73 25 cette
2002 620 68 27 ville
2095 621 36 26 où
2156 622 26 26 le
2207 623 88 31 jeune
2321 624 129 28 Ozanam

1729 658 56 30 eut,
1812 665 112 19 comme
1948 658 169 30 professeur
2144 661 35 26 de
2204 662 193 34 philosophie,
2424 664 25 26 le

1728 695 111 27 célèbre
1862 696 71 26 abbé
1957 696 112 28 Noirot.
2094 698 73 27 Sous
2192 700 195 32 l’inspiration
2414 704 35 25 de

1728 741 34 19 ce
1777 734 106 26 maître
1898 735 113 26 illustre
2028 739 25 24 et
2072 737 135 32 militant,
2224 739 20 25 il
2263 742 150 30 entreprit,
2431 741 18 25 à

1729 772 74 32 l’âge
1821 772 36 26 de
1873 773 129 28 dix-huit
2019 783 61 23 ans,
2097 776 30 26 la
2144 776 146 28 réfutaton
2309 778 38 26 du
2365 779 83 26 Saint

1728 810 183 29 Simonisme.
1938 813 111 31 Appelé
2074 814 18 26 à
2116 815 87 27 Paris
2228 825 75 23 pour
2328 826 17 23 y
2373 818 74 26 faire

1728 857 52 19 son
1797 850 83 31 droit,
1897 851 19 25 il
1933 851 43 26 fut
1992 853 130 26 accueilli
2139 861 112 20 comme
2266 864 38 18 un
2321 856 49 26 des
2381 857 66 31 plus

1728 887 152 28 lumineux
1905 890 112 30 espoirs
2041 891 37 26 du
2103 893 78 30 parti
2206 894 163 31 catholique
2392 904 55 23 par

1726 926 184 33 Lacordaire,
1934 927 230 36 Montalembert,
2200 931 246 35 Chateaubriand,

1727 964 168 33 Ballanche,
1914 969 51 25 etc.

1763 1003 53 27 Les
1840 1005 76 26 deux
1942 1006 140 31 Ampères
2105 1008 108 26 étaient
2236 1017 46 19 ses
2305 1011 82 25 amis.
2412 1010 35 26 Et

1727 1041 158 32 Hippolyte
1925 1043 152 34 Flandrin,
2118 1054 52 18 son
2195 1047 76 27 frère
2312 1048 134 32 d’armes,

1727 1081 74 25 dans
1823 1081 26 26 la
1872 1083 125 30 capitale
2019 1084 36 26 où
2079 1085 77 25 leurs
2198 1086 77 25 deux
2297 1086 150 31 jeunesses

1726 1119 179 28 laborieuses
1927 1122 135 27 luttaient
2085 1131 74 23 pour
2182 1132 39 18 un
2245 1125 92 26 même
2360 1126 85 31 idéal,

1725 1165 69 19 sous
1816 1159 76 26 deux
1916 1161 187 30 expressions
2125 1162 179 33 différentes,
2347 1164 97 26 disait:

1728 1207 10 10 «
1745 1195 27 26 N
1773 1205 36 23 gu
1811 1206 14 17 s
1844 1197 170 28 travaillons
2031 1206 111 19 comme
2160 1201 50 30 qui
2227 1209 30 19 se
2276 1200 75 28 bat!»

1762 1235 125 27 Antoine
1909 1237 136 27 Frédéric
2067 1239 129 26 Ozanam
2218 1240 69 26 dont
2309 1241 136 32 quelques

1726 1273 129 28 distraits
1876 1278 243 25 commentateurs
2161 1280 49 25 ont
2230 1278 67 31 jugé
2318 1279 30 26 la
2387 1280 45 26 mé-

1726 1313 91 25 moire
1832 1321 41 18 un
1888 1321 58 24 peu
1961 1314 70 27 frêle
2047 1324 74 22 pour
2137 1317 118 25 mériter
2271 1317 26 26 le
2313 1318 118 30 déplace-

1726 1354 78 24 ment
1831 1352 69 26 d’un
1944 1354 132 25 cardinal
2101 1354 156 33 Vanutelli,
2303 1356 97 32 fonda,
2427 1357 18 25 à

1725 1388 73 32 l’âge
1816 1390 36 26 où
1872 1391 126 27 d’autres
2017 1395 48 23 ont
2084 1393 17 26 à
2119 1393 85 30 peine
2223 1395 168 27 conscience
2410 1396 34 25 de

1725 1427 116 27 l’œuvre
1859 1429 36 26 où
1913 1430 63 26 leur
1994 1430 85 27 effort
2097 1434 25 23 et
2140 1431 63 26 leur
2220 1432 95 27 bonne
2332 1434 113 26 volonté

1724 1466 174 33 aboutiront,
1916 1470 71 24 cette
2005 1467 110 29 Société
2131 1469 170 29 St-Vincent
2318 1470 35 27 de
2370 1471 74 27 Paid

1724 1505 58 31 qui,
1800 1506 85 31 après
1904 1508 72 25 trois
1991 1509 100 29 quarts
2110 1508 34 26 de
2160 1509 85 26 siècle
2262 1510 34 25 de
2315 1511 128 31 progrès,

1724 1543 181 28 d’extension
1950 1546 143 31 continus,
2147 1549 138 30 apparaît
2340 1557 102 19 encore

1723 1590 110 19 comme
1857 1592 57 18 une
1936 1585 164 26 institution
2144 1586 49 26 des
2217 1586 66 32 plus
2306 1588 136 31 adaptées

1723 1629 58 19 aux
1801 1622 152 27 nécessités
1973 1623 156 33 présentes,
2132 1633 59 18 aux
2211 1625 107 27 formes
2337 1634 91 18 renou-

1722 1660 91 26 velées
1836 1661 34 25 de
1890 1661 29 26 la
1940 1661 110 27 charité
2070 1662 175 27 chrétienne.
2287 1664 152 27 Initiateur

1722 1698 50 26 des
1796 1699 185 27 conférences
2007 1700 34 25 de
2065 1700 205 33 Notre-Dame,
2313 1702 129 27 Ozanam

1722 1737 91 26 révèle
1835 1745 36 18 en
1892 1739 62 26 cela
1974 1747 110 19 comme
2106 1748 35 18 en
2162 1748 52 19 son
2236 1749 97 19 œuvre
2355 1742 86 26 écrite

1722 1783 39 17 un
1780 1776 82 30 génie
1882 1779 140 25 novateur
2041 1786 54 23 par
2115 1779 169 27 excellence.
2305 1780 38 26 Sa
2363 1781 78 26 thèse

1721 1821 50 18 sur
1791 1813 92 27 Dante
1906 1816 26 25 et
1953 1815 27 26 la
2002 1815 186 33 Philosophie
2209 1817 163 32 catholique
2393 1819 34 26 dé-

1721 1860 72 25 gage
1816 1854 152 32 vraiment,
2009 1857 27 24 et
2056 1863 75 23 pour
2151 1856 29 25 la
2203 1857 142 31 première
2385 1858 56 25 fois

1721 1893 121 28 peut-on
1861 1892 69 32 dire,
1950 1901 57 18 une
2026 1893 186 33 Philosophie
2231 1896 143 26 vraiment
2392 1904 33 19 ca-

1721 1929 128 32 tholique
1865 1931 48 26 des
1927 1931 117 26 brumes
2060 1931 36 26 où
2112 1932 28 27 la
2155 1934 105 30 pensée
2276 1934 163 27 allemande

1720 1968 164 32 fourvoyait
1904 1969 94 26 l’idéal
2019 1969 136 28 chrétien.
2178 1971 52 27 Ses
2250 1971 107 27 Etudes
2376 1980 50 24 ger-

1720 2007 152 31 maniques
1897 2010 25 24 et
1946 2016 45 19 ses
2034 2010 125 26 travaux
2201 2019 50 19 sur
2275 2011 40 26 les
2340 2010 100 27 Poètes

1719 2044 194 31 franciscains
1937 2054 36 19 en
1997 2046 84 27 Italie
2104 2052 142 28 prouvent
2271 2050 28 25 la
2322 2051 116 30 variété,

1720 2084 29 26 la
1769 2085 146 31 souplesse
1936 2086 34 26 de
1991 2094 52 18 son
2063 2086 98 32 talent,
2202 2088 28 25 la
2250 2088 189 30 profondeur,

1720 2123 29 26 la
1771 2123 157 31 splendeur
1950 2124 34 26 de
2007 2132 32 19 sa
2063 2125 119 27 culture.
2206 2125 40 27 Sa
2268 2134 156 24 correspon-

1720 2162 91 27 dance
1833 2164 63 30 trop
1920 2172 57 23 peu
1999 2171 113 19 connue
2153 2167 28 25 et
2201 2165 114 30 publiée
2358 2173 80 19 assez

1719 2200 162 32 longtemps
1905 2202 86 30 après
2013 2210 34 18 sa
2068 2206 84 29 mort,
2177 2211 73 18 nous
2273 2204 82 26 initie
2379 2212 59 18 aux

1719 2239 128 26 combats
1864 2240 148 31 spirituels
2030 2240 34 26 de
2081 2244 71 24 cette
2169 2241 111 32 grande
2299 2242 72 26 âme.
2389 2242 48 31 Là,

1720 2276 128 28 Ozanam
1865 2278 206 31 s’abandonne,
2090 2280 19 26 il
2126 2288 30 18 se
2173 2279 106 32 confie;
2298 2280 19 25 il
2334 2280 103 31 émeut,

1720 2316 18 25 il
1760 2317 114 25 console
1896 2326 54 23 par
1971 2326 52 18 son
2046 2317 55 27 fier
2123 2318 132 31 exemple
2297 2319 34 25 de
2353 2319 71 25 résis-

1719 2356 83 25 tance
1828 2356 108 26 morale
1981 2365 59 18 aux
2065 2357 165 26 séduisants
2272 2357 165 32 pamphlets

1718 2392 69 27 d’un
1809 2394 131 31 Veuillot,
1962 2403 59 18 aux
2042 2395 169 32 dangereux
2231 2398 137 25 courants
2388 2398 48 30 qui

1719 2434 193 25 traversaient
1936 2434 28 25 la
1988 2434 105 30 pensée
2118 2434 167 27 chrétienne
2326 2434 35 28 de
2385 2442 52 18 son

1718 2473 101 30 temps.
1843 2472 228 26 L’enthousiaste
2094 2473 140 31 étudiant,
2277 2474 24 25 le
2325 2474 112 26 fervent

1717 2510 104 31 fiancé,
1848 2511 24 25 le
1895 2511 86 30 jeune
2005 2510 104 32 époux,
2134 2512 25 25 le
2182 2512 69 31 père
2274 2512 162 32 catholique

1718 2549 63 25 ravi
1804 2549 41 31 s’y
1870 2549 143 26 dévoilent
2036 2548 17 25 à
2077 2549 111 32 chaque
2211 2558 85 23 page;
2321 2552 66 30 puis
2411 2552 26 25 le

1717 2587 128 26 chrétien
1870 2588 113 31 résigné
2006 2596 35 18 en
2064 2588 63 27 face
2151 2589 34 26 de
2208 2589 28 25 la
2259 2589 177 31 souffrance,

1718 2626 34 26 de
1771 2627 28 25 la
1817 2629 74 25 mort
1910 2627 118 30 précoce
2046 2627 48 30 qui
2113 2627 157 27 s’annonce
2288 2627 17 26 à
2323 2635 52 18 son
2394 2628 29 26 lu-

1717 2664 62 27 cide
1799 2666 106 30 regard
1927 2666 35 25 de
1982 2667 111 24 savant.
2136 2665 25 27 Il
2181 2668 117 25 mourut
2320 2666 17 26 à
2358 2666 64 26 Mar-

1717 2703 80 26 seille
1816 2712 35 18 en
1872 2705 79 30 1853,
1970 2711 67 19 sous
2056 2711 30 19 ce
2105 2705 80 26 soleil
2203 2705 233 26 méditerranéen

1716 2742 69 30 qu’il
1807 2743 102 24 aimait
1930 2749 111 18 comme
2062 2750 37 16 un
2124 2743 138 25 emblème
2284 2742 35 25 de
2342 2743 25 25 la
2389 2744 32 25 vé-

1716 2779 53 24 rité
1791 2778 68 30 qu’il
1883 2779 78 25 avait
1984 2781 62 25 tant
2068 2779 101 25 servie.

1754 2870 23 26 Il
1797 2879 15 23 y
1832 2871 96 25 aurait
1950 2880 38 17 un
2008 2871 72 26 beau
2100 2871 132 32 chapitre
2250 2871 16 27 à
2285 2873 114 31 ajouter
2417 2872 17 26 à

1714 2916 74 19 ceux
1806 2917 54 23 que
1882 2909 38 26 les
1940 2909 165 28 Entretiens
2126 2909 149 28 Idéalistes
2313 2914 48 24 ont
2382 2920 37 22 pu-

1713 2946 70 27 bliés
1805 2955 50 17 sur
1876 2947 129 25 Ozanam
2025 2948 192 31 romantique,
2240 2948 129 26 Ozanam
2390 2949 31 25 ré-

1715 2984 226 26 volutionnaire!
1969 2985 127 26 Ozanam
2124 2986 83 31 poète
2233 2987 89 25 serait
2351 2989 82 28 peut-

1714 3022 59 26 être
1789 3023 25 26 le
1831 3024 65 25 titre
1910 3023 25 26 le
1952 3024 64 31 plus
2031 3024 76 31 juste
2123 3024 17 26 à
2157 3024 154 30 adjoindre
2327 3024 18 26 à
2361 3027 72 24 cette

1711 3061 210 27 énumération.
1963 3062 82 26 Dans
2066 3063 179 31 l’apologiste
2266 3063 47 30 qui
2340 3063 92 25 réfute

1712 3100 26 27 le
1761 3099 283 33 Saint-Simonisme,
2085 3101 73 26 dans
2182 3101 160 27 l’historien
2383 3101 49 31 qui

1713 3141 112 25 retrace
1841 3140 26 26 la
1884 3140 201 31 physionomie
2102 3140 140 26 littéraire
2259 3140 38 26 du
2314 3148 113 23 moyen-

1712 3178 62 32 âge,
1795 3178 73 26 dans
1888 3178 25 26 le
1950 3178 172 31 journaliste
2161 3178 50 31 qui
2230 3178 70 26 lutte
2320 3178 17 26 à
2356 3178 76 28 VEre

1712 3216 140 33 nouvelle,
1872 3217 74 26 dans
1983 3217 25 27 le
2046 3216 174 31 précurseur
2257 3217 49 32 qui
2344 3216 87 28 fonde

1713 3254 103 28 l’Ecole
1834 3255 106 28 sociale
1957 3255 170 34 catholique,
2147 3256 74 27 dans
2258 3255 25 28 le
2320 3256 112 33 pèlerin

1711 3294 49 31 qui
1780 3294 187 32 s’agenouille
2006 3304 50 18 sur
2075 3295 25 26 le
2120 3295 134 27 tombeau
2274 3296 39 26 du
2332 3295 61 32 Cid,
2414 3294 18 27 à

1711 3332 113 32 Burgos
1865 3337 28 24 et
1913 3343 50 18 sur
1985 3335 41 25 les
2046 3334 90 27 dalles
2157 3334 108 27 brisées
2288 3335 37 25 du
2347 3343 70 18 sanc-

1711 3372 94 26 tuaire
1829 3372 167 27 d’Edouard
2020 3372 25 26 le
2068 3372 183 31 Confesseur,
2294 3372 18 27 à
2336 3372 80 28 West-

1711 3412 129 30 minster,
1865 3412 73 26 dans
1960 3412 25 26 le
2008 3411 162 32 catholique
2194 3412 49 31 qui
2266 3420 30 19 se
2318 3412 111 31 réfugie

1711 3458 58 18 aux
1788 3450 81 31 jours
1887 3450 36 26 de
1939 3451 84 25 doute
2040 3458 59 19 aux
2117 3451 82 31 pieds
2217 3451 49 26 des
2283 3451 92 26 autels
2393 3450 35 27 où

1711 3489 19 25 il
1755 3497 17 18 a
1799 3497 37 18 vu
1861 3490 80 30 prier
1966 3490 25 25 le
2017 3490 93 30 grand
2137 3490 133 31 Ampère,
2296 3489 25 27 le
2347 3490 81 31 poète

1709 3528 87 30 règne
1820 3528 140 30 toujours.
1986 3527 90 26 «Dieu
2098 3528 72 26 n’est
2194 3536 54 23 pas
2270 3528 158 26 seulement

1709 3566 25 25 le
1755 3567 94 30 grand
1867 3566 174 31 législateur,
2079 3566 25 26 le
2124 3567 93 31 grand
2237 3567 151 31 géomètre,
2411 3566 18 26 il

1710 3606 41 24 est
1767 3605 79 25 aussi
1863 3605 25 25 le
1904 3605 93 30 grand
2013 3605 109 31 artiste,
2139 3605 113 31 écrit-il,
2270 3612 35 18 ne
2321 3606 91 30 mépri-

1709 3637 70 32 sons
1794 3643 66 30 plus
1876 3643 29 26 la
1920 3644 96 30 poésie
2032 3650 110 19 comme
2159 3644 25 25 le
2200 3644 65 25 rêve
2283 3644 48 25 des
2348 3644 75 26 ima"

1709 3681 146 30 ginations
1871 3682 129 25 malades
2016 3690 36 17 ou
2068 3690 109 18 comme
2193 3682 25 26 le
2233 3683 195 30 passe-temps

1708 3720 48 26 des
1777 3720 118 26 sociétés
1933 3719 118 27 blasées.
2091 3721 73 26 Dieu
2186 3723 41 24 est
2248 3721 125 26 l’auteur
2393 3722 34 25 de

1709 3760 76 25 toute
1801 3759 105 31 poésie,
1923 3759 19 25 il
1957 3759 37 25 l’a
2008 3759 150 31 répandue
2173 3759 18 26 à
2205 3760 112 30 pleines
2331 3760 96 25 mains

1709 3798 73 25 dans
1797 3798 26 26 la
1838 3798 128 25 création
1981 3799 25 25 et
2021 3797 43 26 s’il
2080 3806 17 18 a
2111 3798 87 26 voulu
2213 3805 54 24 que
2283 3798 24 25 le
2321 3798 104 25 monde

1707 3836 42 26 fût
1769 3836 65 32 bon,
1854 3837 19 25 il
1893 3836 36 26 l’a
1949 3836 78 26 aussi
2046 3837 87 26 voulu
2154 3837 97 25 beau.»
2274 3836 35 26 Et
2327 3837 98 30 quand

1706 3875 28 26 la
1761 3877 74 24 mort
1863 3876 86 30 vient,
1976 3874 192 27 douloureuse
2195 3878 25 22 et
2248 3875 84 29 lente,
2358 3874 67 26 c’est

1706 3914 74 26 dans
1802 3914 41 27 les
1865 3913 88 27 Pères
1977 3914 34 25 de
2034 3913 124 32 l’Eglise,
2183 3921 46 18 ces
2252 3913 108 31 grands
2383 3912 27 31 ly-

1706 3953 105 31 riques.
1834 3953 75 26 dans
1929 3953 28 25 la
1977 3952 91 31 Bible,
2089 3953 71 25 cette
2200 3952 116 30 épopée,
2356 3950 69 32 qu’il

1704 3991 84 30 puise
1808 3991 18 26 à
1844 3991 96 31 pleine
1961 3998 101 18 source
2081 3991 117 31 l’espoir
2239 3990 50 26 des
2307 3990 118 25 beautés

1704 4029 195 32 immortelles,
1941 4029 49 25 des
2012 4029 120 27 félicités
2171 4036 69 18 sans
2261 4028 94 26 déclin
2376 4028 48 31 qui

1704 4070 141 29 payeront
1868 4076 44 18 ses
1933 4068 191 26 souffrances.

2526 113 129 29 Ozanam
2698 124 30 19 se
2750 117 92 27 révèle
2866 119 82 30 poète
2991 120 217 33 incomparable

2489 152 73 26 dans
2583 162 33 19 sa
2635 154 98 27 dévote
2772 157 178 27 admiration
2971 159 34 26 de
3046 161 26 25 la
3093 161 114 33 femme,

2490 191 73 26 dans
2609 200 32 19 sa
2669 193 129 28 fervente
2845 196 168 27 vénération
3041 199 34 26 de
3101 199 104 28 Marie.-

2490 229 96 28 «Trois
2607 231 120 27 femmes
2767 233 97 27 bénies
2887 234 209 30 m’assisteront
3118 241 87 30 aussi,

2488 268 76 26 dit-il
2605 269 18 26 à
2645 278 108 24 propos
2794 272 34 26 de
2851 282 52 18 son
2925 283 106 24 œuvre,
3054 276 29 26 la
3102 277 103 32 Vierge

2488 306 101 33 Marie,
2608 316 47 18 ma
2673 310 77 27 mère
2768 314 25 23 et
2811 320 47 19 ma
2876 320 84 19 sœur.
2980 313 74 27 Mais
3071 316 69 27 celle
3156 318 49 30 qui

2487 348 41 24 est
2546 354 74 23 pour
2637 349 58 25 moi
2713 348 121 29 Béatrix
2852 351 58 26 m’a
2927 353 41 25 été
2987 353 103 27 laissée
3108 362 51 19 sur
3178 356 28 25 la

2487 386 75 25 terre
2579 393 74 22 pour
2670 394 45 18 me
2731 390 130 25 soutenir
2878 390 68 26 d’un
2963 393 113 25 sourire
3092 395 28 24 et
3136 393 69 26 d’un

2485 424 114 31 regard,
2618 432 75 23 pour
2714 426 179 29 m’arracher
2914 429 16 26 à
2951 437 60 19 mes
3031 431 159 32 décourage-

2485 464 94 24 ments
2601 466 25 23 et
2649 471 44 18 me
2716 468 137 30 montrer,
2893 475 66 19 sous
3000 477 31 18 sa
3053 470 65 31 plus
3142 472 47 25 tou-

2486 500 103 27 chante
2614 502 103 32 image,
2744 506 71 25 cette
2841 506 156 30 puissance
3022 508 33 25 de
3080 508 124 27 l’amour

2485 539 128 26 chrétien
2634 541 68 26 dont
2741 541 28 31 je
2809 544 63 25 vais
2912 547 133 25 raconter
3066 547 40 26 les
3127 556 63 18 mer-

2484 578 106 26 veilles.
2596 590 10 12 »

2524 653 76 27 Dans
2621 655 27 25 la
2670 656 110 30 grande
2801 656 70 26 salle
2892 658 52 28 des
2964 660 184 28 conférences
3168 662 34 26 de

2483 692 28 25 la
2532 692 118 27 Faculté
2689 694 162 32 catholique
2892 696 34 26 de
2947 697 87 32 Lyon,
3075 700 25 26 le
3121 700 81 26 buste

2483 730 157 27 d’Ozanam
2662 733 147 30 perpétue,
2834 734 154 28 au-dessus
3012 738 48 25 des
3083 739 105 30 généra-

2483 770 75 25 tions
2580 771 156 32 studieues,
2760 779 52 19 son
2835 780 87 23 grave
2945 777 26 23 et
2993 776 120 27 vaillant
3136 785 52 18 sou-

2484 808 58 26 rire
2563 809 34 25 de
2618 812 128 28 croyant.
2769 810 24 25 A
2813 810 28 26 la
2863 811 91 26 droite
2976 814 37 25 du
3036 814 96 28 Christ
3152 817 49 30 qui

2483 846 43 27 fut
2546 854 34 19 sa
2598 848 129 32 lumière,
2749 849 20 26 il
2789 849 54 27 fait
2862 857 105 25 songer
2987 860 59 19 aux
3067 853 135 32 disciples

2483 885 34 26 de
2537 886 30 26 la
2585 887 142 30 première
2748 887 98 32 heure,
2867 887 18 27 à
2905 897 72 19 ceux
2998 891 47 30 qui
3068 894 133 28 reçurent

2482 923 28 26 la
2533 933 92 22 rayon
2649 926 89 26 direct
2760 926 38 25 du
2821 926 85 27 Soleil
2932 928 34 25 de
2989 929 111 30 justice.
3143 930 58 26 Son

2482 964 80 25 vaste
2585 963 77 26 front
2689 964 47 26 n’a
2760 973 53 23 pas
2837 965 79 31 livré,
2941 966 33 26 de
2998 975 52 18 son
3093 969 107 31 vivant,

2481 1003 78 25 toute
2581 1009 34 19 sa
2637 1002 118 27 féconde
2798 1004 113 30 pensée,
2935 1005 74 26 mais
3031 1007 107 31 quand,
3163 1008 37 25 du

2481 1039 71 27 haut
2571 1040 34 26 de
2622 1041 28 26 la
2667 1041 98 27 chaire
2783 1042 224 32 conférentielle,
3025 1052 40 17 un
3084 1047 118 25 orateur

2481 1079 146 30 proclame
2668 1087 62 24 que,
2751 1081 96 30 parmi
2870 1081 39 26 les
2931 1081 47 26 fils
2999 1082 126 27 illustres
3166 1084 34 25 de

2480 1116 87 31 Lyon,
2588 1118 124 31 Ampère
2731 1118 153 31 symbolise
2905 1120 24 25 le
2949 1121 72 31 vrai,
3042 1120 157 32 Hippolyte

2480 1154 144 27 Flandrin
2640 1156 25 25 le
2681 1156 74 26 beau
2771 1159 25 25 et
2815 1157 128 26 Ozanam
2960 1159 25 25 le
3001 1159 65 31 bon,
3084 1168 73 18 ceux
3173 1164 26 22 et

2480 1194 84 26 celles
2586 1195 49 30 qui
2659 1195 184 26 connaissent
2886 1196 117 27 l’œuvre
3026 1198 37 25 du
3106 1198 94 31 grand

2480 1233 162 31 catholique
2684 1234 50 30 qui
2759 1234 89 26 fonda
2871 1235 28 25 la
2923 1235 108 27 Société
3056 1235 27 27 S.
3108 1237 31 26 V.
3165 1237 34 26 de

2480 1271 82 31 Paul,
2587 1272 37 26 du
2647 1272 171 32 philosophe
2859 1274 48 30 qui
2931 1273 95 27 réfuta
3068 1275 25 25 le
3116 1274 83 27 Saint

2480 1310 177 31 simonisme,
2699 1310 37 25 du
2756 1311 81 30 poète
2859 1312 49 30 qui
2930 1312 107 26 chanta
3058 1313 24 26 le
3105 1313 93 26 Dante

2480 1350 25 24 et
2524 1349 41 25 les
2583 1349 96 30 poètes
2698 1349 194 28 franciscains
2910 1350 34 26 de
2963 1350 113 32 l’Italie,
3096 1352 37 25 du
3152 1360 32 18 sa-

2480 1389 69 24 vant
2565 1387 50 30 qui
2631 1387 99 26 écrivit
2747 1387 43 27 les
2805 1387 107 27 Etudes
2930 1390 212 31 germaniques,
3160 1390 38 26 du

2478 1425 203 32 psychologue,
2723 1426 38 26 du
2803 1427 164 31 sociologue
2987 1429 49 30 qui
3058 1428 85 31 signa
3166 1436 32 19 sa

2479 1464 250 30 correspondance
2746 1464 102 26 intime
2865 1465 36 25 où
2920 1466 18 25 il
2955 1474 133 19 annonce
3106 1468 91 25 toutes

2478 1502 41 26 les
2538 1502 160 26 évolutions
2736 1502 121 26 sociales
2896 1512 34 18 en
2967 1504 142 31 prochain
3129 1506 55 30 épa-

2477 1541 206 31 nouissement,
2725 1541 116 31 jusqu’à
2881 1541 190 27 l’avènement
3112 1543 34 27 de
3169 1543 28 26 la

2479 1579 105 26 femme
2607 1580 97 30 parmi
2748 1580 40 26 les
2814 1580 124 30 grandes
2982 1583 214 25 souverainetés

2479 1618 124 26 morales
2620 1618 121 31 futures,
2760 1627 73 18 ceux
2851 1621 26 24 et
2895 1619 84 25 celles
2996 1620 49 30 qui
3063 1620 119 25 connais-

2477 1659 63 24 sent
2561 1659 77 24 toute
2678 1666 52 18 son
2749 1665 97 19 œuvre
2867 1660 102 24 savent
2988 1657 67 31 qu’à
3074 1657 42 26 lui
3134 1657 62 27 seul

2478 1695 129 27 Ozanam
2628 1705 17 17 a
2666 1696 83 25 réuni
2768 1696 25 26 le
2814 1696 73 30 vrai,
2908 1696 25 25 le
2954 1695 73 26 beau
3048 1698 27 24 et
3095 1696 25 26 le
3140 1696 57 26 bon

2477 1737 25 23 et
2523 1733 69 32 qu’il
2611 1735 101 25 mérite
2732 1737 98 28 certes,
2851 1737 80 24 entre
2951 1736 72 30 tous,
3044 1734 152 26 l’honneur

2476 1780 54 24 que
2553 1772 90 26 Rome
2667 1773 129 31 décerne,
2819 1781 41 18 un
2881 1781 58 24 peu
2962 1772 109 31 malgré
3095 1772 61 31 elle,
3178 1771 19 28 à

2476 1819 33 19 sa
2532 1811 145 26 mémoire.

2954 1849 76 26 Héra
3053 1848 106 27 Mirtel.

2630 1918 409 59 Intérieur

2476 2041 63 56 La
2579 2041 450 59 Grande-Duchesse

2876 2123 30 51 à
2947 2119 247 59 Bruxelles

2509 2203 41 27 La
2567 2204 276 29 Grande-Duchesse
2861 2207 139 27 Adelaide
3017 2209 34 25 de
3068 2208 110 28 Luxem-

2475 2241 91 32 bourg
2585 2243 72 31 fera,
2676 2251 179 19 avons-nous
2875 2245 49 31 dit,
2945 2246 25 26 le
2990 2247 17 25 4
3024 2247 93 30 juillet
3138 2256 56 18 une

2474 2280 83 26 visite
2574 2280 135 27 officielle
2728 2282 17 25 à
2763 2283 27 25 la
2809 2283 76 26 Cour
2903 2283 33 26 de
2955 2284 146 31 Belgique.

2511 2317 40 27 La
2566 2318 277 28 Grande-Duchesse
2859 2324 50 27 est,
2925 2330 36 17 on
2978 2322 25 25 le
3019 2323 64 30 sait,
3101 2323 26 26 la
3142 2332 36 22 pe-

2475 2356 47 26 tite
2543 2357 118 26 cousine
2682 2358 34 25 de
2739 2357 27 26 S.
2788 2358 36 26 M.
2847 2359 28 25 la
2897 2359 79 25 reine
2997 2359 147 27 Elisabeth
3166 2366 26 20 et

2475 2395 154 26 entretient
2656 2403 69 19 avec
2753 2396 41 26 les
2821 2397 172 26 souverains
3018 2398 96 31 belges
3142 2398 49 26 des

2473 2434 139 26 relations
2629 2435 57 26 très
2703 2434 201 27 affectueuses.

2509 2472 39 27 La
2569 2473 84 26 visite
2693 2481 54 24 que
2768 2474 28 26 la
2818 2473 277 29 Grande-Duchesse
3118 2475 60 26 Ade-

2471 2512 77 26 laide
2567 2512 63 26 fera
2648 2512 17 26 à
2683 2513 152 26 Bruxelles
2854 2513 25 25 le
2896 2514 17 25 4
2929 2513 93 32 juillet
3039 2513 151 32 prochain,

2470 2550 67 26 bien
2558 2551 194 32 qu’officielle,
2774 2552 124 27 revêtira
2920 2561 40 19 un
2980 2553 146 26 caractère
3147 2552 30 26 fa-

2472 2590 91 25 milial
2585 2592 26 25 et
2631 2590 108 26 intime.

2509 2627 73 27 C’est
2606 2629 76 26 ainsi
2704 2629 67 32 qu’à
2793 2637 52 18 son
2868 2629 112 26 arrivée
3003 2638 57 18 une
3082 2632 108 25 escorte

2471 2667 34 25 de
2524 2668 118 30 troupes
2661 2667 46 25 ira
2725 2667 127 30 prendre
2871 2667 41 26 les
2931 2667 126 27 voitures
3077 2668 113 31 royales

2472 2704 17 27 à
2507 2705 26 26 la
2550 2714 78 22 gare,
2645 2706 74 25 mais
2737 2706 41 27 les
2793 2709 118 28 troupes
2928 2714 36 18 ne
2981 2706 94 26 feront
3092 2715 52 22 pas
3162 2706 27 25 la

2472 2743 65 25 haie
2554 2744 25 25 le
2596 2744 67 30 long
2681 2744 38 25 du
2736 2751 149 22 parcours.

2508 2779 39 26 La
2563 2780 83 26 visite
2660 2780 16 25 à
2691 2780 106 26 l’Hôtel
2812 2781 35 26 de
2861 2781 72 26 Ville
2948 2789 74 19 aura
3036 2790 39 18 un
3090 2790 85 19 carac-

2469 2818 58 27 tère
2566 2819 101 26 intime
2706 2819 90 32 aussi;
2836 2820 29 26 la
2903 2820 285 32 Grande-Duchesse,

2469 2858 311 32 qu’accompagnèrent
2797 2858 25 27 le
2842 2859 53 26 Roi
2914 2861 25 24 et
2958 2859 28 25 la
3005 2859 99 30 Reine,
3123 2867 65 18 sera

2469 2904 85 23 reçue
2571 2905 55 23 par
2643 2897 25 26 le
2684 2898 199 30 bourgmestre
2902 2899 25 24 et
2944 2898 40 25 les
3002 2897 133 26 échevins
3152 2912 30 4 —
3183 2914 5 4 -

2470 2938 25 22 et
2513 2936 19 25 il
2551 2936 47 30 n’y
2616 2943 73 18 aura
2706 2943 53 23 pas
2777 2935 140 25 d’invités.

2507 2972 74 26 C’est
2599 2973 160 25 seulement
2778 2980 37 18 au
2834 2972 95 30 grand
2947 2972 84 25 dîner
3050 2972 94 25 donné
3162 2970 25 25 le

2468 3011 16 25 5
2503 3010 93 31 juillet
2617 3018 37 18 au
2673 3009 99 26 Palais
2792 3010 34 25 de
2845 3009 152 26 Bruxelles
3016 3017 54 23 que
3090 3012 98 23 seront

2468 3048 99 26 réunis
2588 3048 40 25 les
2647 3056 198 24 personnages
2866 3047 95 26 d’Etat
2983 3050 25 24 et
3030 3047 39 26 les
3090 3047 83 31 repré-

2468 3089 130 24 sentants
2618 3086 49 26 des
2686 3094 83 24 corps
2788 3086 163 26 constitués.

2505 3124 36 27 Le
2561 3133 186 24 programme
2767 3124 34 28 de
2821 3125 27 28 la
2869 3125 145 32 réception
3033 3125 77 27 vient
3130 3124 43 27 d’ê-

2469 3166 41 25 tre
2530 3163 102 28 arrêté.

2505 3203 22 26 Il
2552 3205 155 30 comporte,
2751 3206 188 30 notamment,
2983 3213 56 19 une
3062 3204 84 28 visite
3169 3202 18 27 à

2467 3241 111 30 l’Hôtel,
2596 3243 34 26 de
2653 3243 72 27 Ville
2748 3244 34 26 de
2805 3244 153 27 Bruxelles
2981 3246 25 24 et
3030 3252 40 18 un
3092 3242 94 33 grand

2468 3281 84 27 dîner
2568 3282 35 26 de
2618 3282 74 32 gala.
2710 3282 83 27 Seuls
2808 3282 38 27 M.
2862 3283 25 25 le
2902 3282 199 31 bourgmestre
3115 3281 70 25 Max

2467 3322 26 25 et
2517 3321 40 26 les
2580 3321 134 26 échevins
2738 3321 49 31 qui
2811 3321 142 26 voudront
2976 3328 30 19 se
3030 3320 115 31 joindre
3168 3317 17 26 à

2467 3359 49 29 lui,
2531 3359 94 27 feront
2640 3359 40 26 les
2695 3359 149 26 honneurs
2859 3360 38 25 du
2910 3359 95 31 palais
3019 3356 166 28 communal

2466 3398 19 27 à
2500 3398 28 27 la
2543 3398 277 27 Grande-Duchesse
2836 3397 140 27 Adélaïde
2991 3397 50 31 qui
3055 3404 67 18 sera
3138 3403 34 18 ac-

2466 3437 176 31 compagnée
2659 3436 38 26 du
2713 3436 53 25 Roi
2783 3438 26 24 et
2826 3436 34 25 de
2876 3436 28 25 la
2920 3435 98 26 Reine.
3036 3434 25 26 Il
3077 3442 17 23 y
3111 3442 74 18 aura

2465 3475 80 26 aussi
2569 3483 57 19 une
2650 3475 82 25 visite
2757 3482 36 18 au
2818 3474 74 26 Parc
2917 3475 25 24 et
2967 3481 37 17 au
3028 3472 97 27 Musée
3150 3472 34 27 de

2464 3513 172 27 Tervueren.

2502 3553 24 25 A
2548 3560 52 18 son
2622 3551 113 27 arrivée
2755 3551 25 25 le
2802 3552 16 25 4
2839 3550 102 31 juillet,
2964 3549 15 26 à
3005 3550 26 25 la
3053 3557 69 23 gare
3145 3549 37 26 du

2464 3591 129 30 quartier
2617 3590 133 30 Léopold,
2777 3597 38 17 un
2839 3588 139 26 bataillon
3004 3589 49 25 des
3079 3596 90 23 grena-

2464 3629 85 30 diers,
2568 3636 68 19 avec
2644 3627 34 27 le
2695 3628 139 30 drapeau,
2853 3627 107 26 rendra
2978 3627 40 25 les
3035 3627 147 25 honneurs

2462 3670 26 24 et
2502 3675 57 19 une
2572 3667 108 25 escorte
2694 3666 34 26 de
2743 3666 101 30 guides
2857 3665 140 27 conduira
3012 3665 27 25 la
3052 3664 124 27 Grande-

2462 3705 146 26 Duchesse
2627 3713 37 17 au
2684 3705 100 25 Palais
2803 3705 35 25 de
2856 3704 161 26 Bruxelles.

2498 3743 75 27 Tous
2596 3744 40 25 les
2658 3744 217 30 représentants
2898 3742 49 26 des
2970 3749 84 23 corps
3077 3741 91 26 consti-

2462 3782 62 26 tués
2541 3782 170 26 assisteront
2729 3790 38 17 au
2785 3781 84 26 dîner
2887 3781 34 25 de
2939 3781 66 30 gala
3024 3780 37 25 du
3079 3781 16 25 5
3114 3779 52 31 juil-

2461 3821 46 30 let,
2529 3829 36 18 ou
2585 3820 18 26 à
2622 3820 29 26 la
2670 3820 147 31 réception
2837 3820 48 31 qui
2907 3826 65 18 sera
2991 3818 151 31 organisée
3163 3816 18 26 à

2462 3861 71 25 cette
2548 3859 141 26 occasion.
2704 3859 46 26 Un
2766 3858 138 31 déjeuner
2918 3858 102 25 intime
3035 3865 73 18 aura
3123 3856 57 25 lieu

2461 3906 37 19 au
2519 3898 124 26 château
2662 3897 34 26 de
2716 3896 113 26 Læken,

2497 3954 197 27 Automobiles
2719 3953 119 33 «Opel»;
2865 3953 159 27 demandez
3050 3953 25 28 le
3101 3955 62 25 cata-

2459 3993 84 32 logue
2560 3993 18 27 à
2595 3993 108 31 l’agent
2719 3991 83 28 Félix
2820 3991 130 32 Wilmes,
2967 3991 201 31 Luxembourg

2459 4032 101 27 Stocks
2588 4032 34 26 de
2650 4031 97 27 Pneus
2793 4030 146 31 Michelin,
2985 4030 194 30 Continental,

2458 4070 124 31 Dunlop.
3106 4069 69 27 3311

3326 133 223 80 Petites
3588 145 294 74 nouvelles

3343 244 205 32 Ephémérides
3576 250 284 36 luxembourgeoises

3277 283 36 25 10
3330 291 66 23 juin
3414 285 80 27 1839.
3569 288 190 31 Nomination
3777 294 36 28 de
3832 295 130 28 Hassen-

3239 320 84 33 pflüg
3340 329 60 19 aux
3416 322 146 32 fonctions
3578 327 36 27 de
3630 328 67 34 chef
3711 331 51 28 des
3779 335 124 26 sevvices
3920 336 45 26 cîi—

3239 359 53 27 vils
3312 360 40 27 du
3371 360 220 31 Grand-Duché.

3279 399 36 28 Ce
3337 402 93 28 matin
3466 406 16 25 à
3514 405 15 25 7
3553 404 25 29 h.
3612 407 44 32 V«,
3683 410 46 27 13°
3759 415 15 25 à
3798 413 158 37 Luxembg.

3281 442 135 25 Pression
3428 440 216 41 barométrique
3656 447 83 34 735,4
3751 453 82 27 m/m.

3279 475 165 31 Baromètre
3465 480 96 29 réduit
3585 491 36 19 au
3649 484 107 30 niveau
3784 487 34 29 de
3847 489 29 29 la
3897 499 63 20 mer

3239 513 85 32 762.6
3348 517 81 31 m/m.

3277 549 136 30 Pression
3455 554 217 41 barométrique
3713 560 28 28 la
3775 563 65 36 plus
3873 565 87 30 basse

3240 588 84 32 762.6
3347 590 81 30 m/m.
3451 594 16 25 k
3488 595 15 27 7
3509 594 31 34 Va
3565 594 25 30 h.
3612 605 31 19 ce
3665 599 103 27 matin.

3278 624 136 30 Pression
3457 629 216 41 barométrique
3700 635 30 28 la
3760 636 66 37 plus
3859 640 102 29 élevée

3345 666 83 33 m/m.
3452 668 17 25 à
3489 668 16 25 2
3528 668 25 29 h.
3576 670 64 28 hier
3661 675 184 34 après-midi.

3276 700 235 33 Thermomètre:
3535 708 165 30 Maximum
3723 713 75 34 18,5°
3819 717 16 25 à
3859 716 53 30 71/*
3926 717 19 27 b

3238 746 31 18 ce
3290 739 105 28 matin.

3294 775 237 34 Thermomètre:
3574 783 156 32 Minimum
3762 788 29 27 9°
3821 791 16 25 à
3886 794 12 25 1
3926 792 15 27 h

3238 821 31 18 ce
3291 814 92 28 matin

3277 850 188 37 Hygromètre
3478 860 157 34 (moyenne
3658 860 102 36 d’hier)
3776 871 6 19 :
3810 865 35 27 69
3856 865 34 30 %
3913 869 46 26 air

3238 889 125 27 normal.

3278 925 73 29 Vent
3371 931 85 25 ouest
3474 939 80 19 assez
3574 932 63 30 fort.

3351 1011 101 26 Bassin
3476 1013 33 26 de
3531 1015 129 27 natation
3684 1019 36 25 du
3744 1019 97 28 Grund

3277 1053 201 34 Température
3500 1059 34 26 de
3555 1061 74 27 l’eau
3649 1070 30 19 ce
3700 1067 91 25 matin
3811 1068 18 26 à
3850 1071 19 24 T
3886 1069 58 27 heu-

3235 1100 57 18 res:
3316 1095 42 25 15°
3376 1094 32 27 R.
3446 1096 206 34 Température
3671 1102 41 27 de-
3722 1103 77 29 l’air:
3821 1107 45 25 12°
3885 1107 35 27 R.

3585 1140 14 9 *

3403 1180 185 33 Distinctions
3609 1185 197 34 honorifiques

3272 1229 58 19 rar
3374 1228 93 25 arrête
3490 1228 171 30 ministériel
3685 1233 38 26 du
3747 1236 33 25 31
3807 1239 58 25 mai
3890 1239 53 25 der-

3233 1261 71 31 nier,
3345 1266 48 23 ont
3414 1265 41 26 été
3477 1269 129 26 nommés
3628 1270 129 31 officiers
3776 1273 27 25 d'
3806 1275 150 28 académie

3233 1306 52 19 nos
3347 1305 215 30 compatriotes:
3606 1307 69 28 MM.
3719 1310 236 31 Nicolas-Pierre

3233 1338 137 33 Hunnen,
3393 1342 168 30 professeur
3603 1349 25 25 et
3654 1348 111 33 député,
3807 1351 17 26 à
3865 1353 90 27 Ettel-

3231 1375 101 33 hruck,
3376 1378 140 33 François
3539 1382 139 35 Mathieu,
3704 1387 176 29 conducteur
3903 1392 51 26 de»

3233 1414 267 33 Travaux-Publics
3546 1421 15 26 à
3590 1422 206 36 Bettembourg
3823 1431 25 23 et
3876 1430 78 26 J..-A.

3232 1452 113 31 Muller,
3385 1459 195 30 compositeur
3600 1464 26 23 et
3648 1464 169 30 professeur
3835 1467 34 26 de
3890 1476 58 18 mu-

3220 1499 2 21 !
3232 1492 86 31 sique-
3332 1493 19 26 à
3369 1494 212 36 Luxembourg.

3326 1546 38 27 La
3383 1550 81 26 santé
3486 1551 33 26 de
3538 1552 115 29 Steinès
3669 1557 30 25 et
3715 1556 126 28 d’Abran

3269 1593 28 25 H:
3316 1601 16 23 y
3355 1601 74 19 aura
3452 1596 116 27 demain
3590 1599 63 27 huit
3674 1601 84 30 jours
3777 1612 65 24 que,
3865 1606 88 26 l’auto

3231 1637 49 24 qui
3304 1631 42 26 les
3368 1636 154 29 emportait
3546 1640 89 27 ayant
3657 1639 54 27 fait
3733 1642 142 32 panache,
3899 1653 52 17 nos

3232 1670 78 25 amis
3324 1670 34 26 de
3378 1672 15 26 T
3400 1684 9 11 «
3416 1673 103 33 Auto»,
3537 1674 114 29 Steinës
3669 1681 26 24 et
3714 1678 108 33 Abran,
3842 1684 48 24 ont
3909 1684 42 25 été

3232 1707 125 33 victime1,
3373 1711 69 30 près
3459 1712 37 25 de
3513 1712 182 32 Charleville,
3716 1717 69 27 d’un
3804 1719 81 27 triste
3904 1729 33 18 ac-

3231 1744 103 28 cident.
3358 1747 25 27 Il
3404 1757 19 23 y
3445 1758 74 19 aura
3541 1752 116 27 demain
3680 1755 64 27 huit
3764 1756 82 31 jours
3866 1759 85 31 qu’ils

3232 1786 63 25 sont
3314 1794 17 16 a
3348 1785 131 33 l’hôpital
3498 1790 36 26 de
3551 1790 182 30 Charleville.

3268 1821 83 27 Nous
3367 1832 91 36 ayons
3475 1835 36 18 eu
3529 1828 36 26 de
3581 1829 79 28 leurs
3677 1833 146 26 nouvelles
3840 1843 30 18 ce
3888 1843 47 18 ma-

3232 1860 55 27 tin:
3303 1860 64 27 leur
3383 1862 57 28 état
3459 1867 41 24 est
3519 1867 182 28 satisfaisant
3720 1874 25 23 et
3764 1871 36 26 ils
3818 1873 132 30 espèrent

3230 1900 122 30 pouvoir
3376 1902 107 30 quitter
3504 1904 130 32 l’hôpital
3659 1908 74 26 dans
3755 1909 63 27 huit
3841 1910 90 31 jours.

3267 1936 43 27 De
3334 1942 84 24 notre
3441 1941 69 31 côté,
3535 1950 74 19 nous
3634 1944 130 28 formons
3789 1947 49 26 des
3864 1957 86 19 vœux

3231 1984 75 23 pour
3330 1985 57 25 que
3410 1978 64 28 leur
3498 1980 229 30 rétablissement
3753 1986 55 25 soit
3832 1991 118 28 prompt

3231 2017 25 24 et
3275 2015 63 26 leur
3354 2018 222 28 convalescence
3593 2019 151 29 heureuse.
3762 2023 35 26 Et
3815 2032 73 19 nous
3907 2034 29 18 es-

3231 2054 114 32 pérons,
3361 2063 37 18 au
3415 2057 73 26 mois
3504 2057 34 26 de
3554 2057 101 33 juillet,
3672 2061 103 32 revoir,
3792 2062 18 26 à
3826 2062 109 28 Luxem-

3232 2092 98 32 bourg,
3346 2093 119 34 Steinès,
3483 2104 35 18 en
3532 2096 97 31 pleine
3643 2100 82 26 santé
3740 2102 25 25 et
3781 2109 36 18 en
3831 2101 118 32 joyeuse

3231 2130 130 28 humeur.

3398 2179 195 30 Associations
3617 2183 162 31 syndicales

3266 2224 44 25 En
3332 2225 151 27 exécution
3505 2228 33 26 de
3559 2228 73 26 l’art.
3656 2231 15 24 6
3693 2231 34 27 de
3748 2232 28 25 la
3796 2232 37 26 loi
3856 2233 37 25 du
3914 2234 36 25 28

3228 2261 149 28 décembre
3398 2266 79 30 1883,
3496 2266 195 29 l’association
3710 2270 149 30 syndicale
3876 2272 72 26 libre

3227 2308 74 22 pour
3321 2301 29 26 la
3368 2305 195 25 construction
3585 2305 69 26 d’un
3673 2307 114 27 chemin
3808 2308 126 32 d’exploi-

3228 2338 91 25 tation
3342 2347 37 19 au
3419 2341 56 25 lieu
3497 2343 40 25 dit
3560 2343 68 26 «Bei
3667 2345 51 25 der
3756 2346 151 27 Neuwies»
3931 2347 18 26 à

3227 2376 191 34 Junglinster,
3458 2379 73 26 dans
3549 2381 27 25 la
3612 2389 151 19 commune
3783 2384 34 25 de
3854 2384 80 32 Jung-

3229 2414 108 32 linster,
3356 2424 17 17 a
3391 2416 103 31 déposé
3512 2426 40 17 un
3569 2419 102 28 double
3689 2421 34 25 de
3741 2421 80 27 l’acte
3840 2422 93 27 d’asso-

3227 2453 107 26 ciation
3357 2462 38 19 au
3417 2454 231 30 Gouvernement
3671 2461 25 24 et
3719 2467 37 19 au
3778 2461 169 28 secrétariat

3227 2493 165 26 communal
3415 2494 33 26 de
3470 2494 192 32 Junglinster.

3265 2569 234 30 Conformément
3520 2573 17 26 à
3558 2574 73 27 l’art.
3652 2575 16 26 2
3691 2576 33 26 de
3746 2576 27 27 la
3794 2578 38 26 loi
3854 2579 37 25 du
3911 2579 35 25 27

3226 2617 79 19 mars
3325 2611 80 31 1900,
3423 2612 41 26 les
3482 2612 118 27 sociétés
3618 2613 126 32 ci-après
3765 2616 182 27 dénommées

3227 2651 48 24 ont
3292 2649 103 31 déposé
3412 2658 37 18 au
3464 2651 168 27 secrétariat
3649 2653 33 26 de
3699 2654 27 25 la
3741 2658 152 23 comtnune
3909 2656 36 25 où

3227 2694 29 19 se
3272 2689 100 25 trouve
3388 2689 84 25 établi
3491 2689 25 27 le
3531 2690 76 31 siège
3623 2691 97 31 social,
3736 2692 59 26 l’un
3812 2693 48 26 des
3876 2694 57 26 dou-

3225 2724 59 26 bles
3302 2726 34 25 de
3353 2726 82 27 l’acte
3453 2727 204 28 d’association
3673 2738 67 18 sous
3756 2731 83 30 seing
3854 2732 91 30 privé,

3224 2762 119 27 dûment
3366 2766 166 31 enregistré,
3557 2767 75 25 ainsi
3655 2768 105 30 qu’une
3782 2769 63 25 liste
3868 2769 62 25 indi-

3223 2804 91 29 quant
3332 2802 41 27 les
3390 2811 91 25 noms,
3501 2804 179 31 professions
3700 2809 25 25 et
3744 2806 133 27 domicile
3895 2807 49 26 des

3224 2840 255 29 administrateurs
3502 2846 25 25 et
3551 2844 34 25 de
3606 2847 63 24 tous
3710 2845 40 26 les
3771 2846 132 30 associés,
3926 2845 18 26 à

3223 2880 107 25 savoir:
3353 2880 39 26 les
3413 2881 118 25 sociétés
3552 2882 105 26 locales
3677 2884 140 30 agricoles
3837 2885 35 25 de
3892 2884 52 26 Lo-

3222 2917 179 25 rentzweiler
3422 2922 25 21 et
3469 2920 34 25 de
3524 2919 157 32 Berbourg.

3260 2989 59 26 Par
3336 2991 94 26 arrêté
3447 2991 39 26 du
3503 2993 150 30 soussigné
3671 3002 36 18 en
3724 2995 65 26 date
3809 2995 37 27 du
3864 2997 16 25 6
3898 2998 44 29 et.,

3222 3027 195 28 l’association
3440 3030 147 30 syndicale
3628 3040 75 24 pour
3725 3033 24 26 le
3790 3034 138 32 prolonge-

3222 3070 77 23 ment
3319 3069 25 24 et
3365 3068 23 27 le
3409 3068 212 29 redressement
3640 3070 69 27 d’un
3728 3072 114 27 chemin
3863 3073 65 27 d’ex-

3222 3106 152 31 ploitation
3398 3115 36 18 au
3459 3107 56 27 lieu
3539 3109 40 26 dit
3624 3109 60 27 «Im
3708 3110 190 28 Kahlenreis»
3924 3112 17 25 à

3221 3143 199 35 Hesperange,
3442 3146 72 27 dans
3535 3148 27 26 la
3584 3156 151 19 commune
3775 3150 35 25 de
3831 3150 110 32 Hespe-

3222 3191 99 25 range,
3338 3193 16 18 a
3371 3185 41 26 été
3429 3186 151 28 autorisée.

3258 3222 49 27 Cet
3327 3224 93 27 arrêté
3441 3226 75 26 ainsi
3535 3226 89 31 qu’un
3664 3226 102 27 double
3786 3227 34 26 de
3858 3227 82 27 l’acte

3222 3262 204 28 d’association
3442 3267 64 24 sont
3523 3265 118 31 déposés
3656 3273 37 17 au
3709 3265 232 28 Gouvernement

3222 3303 25 25 et
3265 3310 37 19 au
3320 3304 168 26 secrétariat
3506 3303 164 26 communal
3689 3303 34 26 de
3743 3302 196 30 Hesperange.

3258 3378 235 29 Conformément
3513 3381 18 25 à
3552 3381 73 27 l’art.
3646 3382 16 25 2
3684 3382 34 26 de
3739 3382 28 26 la
3788 3382 37 28 loi
3846 3384 38 27 du
3904 3385 35 26 27

3219 3425 80 19 mars
3316 3420 79 30 1900,
3412 3420 28 25 la
3456 3420 102 26 société
3575 3420 90 27 locale
3681 3422 125 30 agricole
3823 3423 115 27 d’Ober-

3220 3464 69 19 corn
3305 3465 17 18 a
3338 3457 103 31 déposé
3457 3466 39 18 au
3510 3458 168 27 secrétariat
3694 3460 34 26 de
3743 3460 28 27 la
3787 3469 151 19 commune

3219 3495 34 26 de
3275 3495 191 32 Differdange
3508 3497 58 26 l’un
3590 3497 49 26 des
3661 3497 117 29 doubles
3801 3501 34 26 de
3856 3501 82 26 l’acte

3218 3533 204 30 d’association
3443 3543 67 18 sous
3532 3535 81 31 seing
3635 3537 90 32 privé,
3748 3538 119 28 dûment
3889 3547 35 19 en-

3217 3572 128 31 registré,
3370 3573 75 26 ainsi
3486 3574 107 31 qu’une
3617 3575 63 27 liste
3701 3576 155 32 indiquant
3898 3578 41 26 les

3217 3617 91 24 noms,
3328 3611 179 31 professions
3528 3615 25 24 et
3574 3613 134 28 domicile
3728 3616 48 25 des
3797 3616 127 26 adminis-

3218 3650 126 25 trateurs
3359 3652 25 24 et
3403 3650 33 25 de
3453 3652 63 25 tous
3532 3651 41 26 les
3590 3654 131 25 associés.

3255 3723 233 30 Conformément
3508 3726 17 27 à
3544 3727 73 28 l’art.
3640 3729 32 25 10
3691 3728 33 26 de
3744 3729 26 25 la
3789 3728 37 25 loi
3845 3729 38 26 du
3901 3730 36 25 28

3216 3762 148 27 décembre
3388 3765 79 31 1883,
3489 3766 18 25 il
3530 3774 65 18 sera
3617 3767 120 30 procédé
3758 3766 18 26 à
3795 3766 141 32 l’enquête

3216 3809 51 19 sur
3285 3801 39 26 les
3341 3803 109 31 projets
3468 3806 25 24 et
3511 3807 103 24 statuts
3632 3804 219 27 d’associations
3868 3813 52 24 syn-

3216 3839 106 27 dicales
3342 3840 17 27 à
3378 3842 80 26 créer
3476 3843 22 25 I.
3519 3851 74 23 pour
3629 3843 233 28 l’établissement
3901 3844 34 26 de

3215 3878 129 28 chemins
3383 3880 221 32 d’exploitation
3628 3882 25 25 1°
3673 3881 17 26 à
3729 3881 206 33 Wilwerwiltz,

3215 3925 58 19 aux
3297 3918 78 27 lieux
3398 3919 55 27 dits
3478 3919 99 26 «Beim
3598 3920 241 33 Ronnenbüsch»,
3883 3921 51 26 «In

3214 3955 183 34 Buschleid»,
3418 3958 37 25 du
3475 3958 35 25 26
3527 3958 63 30 juin
3628 3966 37 18 au
3688 3959 33 25 10
3738 3958 93 31 juillet
3853 3960 80 30 1913;

3214 3995 29 25 2°
3265 3994 18 27 à
3304 3995 187 32 Bourscheid,
3518 4004 58 18 aux
3601 3997 77 26 lieux
3700 3997 56 26 dits
3782 3997 74 26 «Auf
3879 3998 55 25 Ro-

3214 4033 116 32 micht»,
3351 4036 60 29 etc.,
3451 4035 37 25 du
3508 4035 16 25 3
3546 4043 37 18 au
3606 4035 31 25 17
3676 4035 94 30 juillet
3793 4037 80 30 1913;
3894 4036 38 26 II.

3212 4079 75 24 pour
3327 4073 27 25 la
3396 4073 224 30 régularisation
3641 4074 39 27 du
3719 4075 134 27 ruisseau
3893 4076 41 26 dit

183 4150 34 36 4
267 4158 124 28 Feuilleton
401 4157 29 30 de
438 4156 207 32 l'„Indépendance
656 4155 237 35 Luxembourgeoise“

190 4241 80 98 La
290 4241 149 96 Cour
459 4241 78 95 du
564 4241 100 95 Roi
689 4241 212 93 Pétaud

267 4374 133 28 Comédie
422 4381 34 19 en
479 4373 69 27 trois
569 4374 77 26 actes
668 4374 25 25 et
717 4379 33 20 en
772 4379 63 19 vers

539 4431 45 21 par

343 4468 59 34 M.
427 4466 126 36 Félix
577 4467 182 34 Bodson

514 4577 70 23 Tous.

498 4639 101 23 Gédéon.

233 4672 98 22 D’autre
346 4673 55 24 part
417 4677 91 19 encore,
525 4670 65 22 est-il
606 4676 64 19 sage,
684 4669 65 22 est-il
764 4669 70 25 juste,

187 4702 74 22 Est-il
279 4702 55 22 bien
354 4702 71 25 digne
443 4701 68 22 enfin
530 4701 71 21 d’une
621 4706 120 20 personne
760 4701 102 24 auguste

187 4734 35 21 De
239 4734 80 25 priver
337 4739 37 15 ses
393 4733 74 22 féaux
485 4734 23 19 et
524 4732 85 22 braves
626 4731 144 25 courtisans,

187 4765 47 22 Des
256 4765 99 25 plaisirs
378 4763 34 22 les
436 4763 54 26 plus
512 4762 47 22 vifs
582 4765 22 19 et
625 4762 34 21 les
682 4761 54 26 plus
761 4760 145 22 séduisants:

218 4795 32 22 La
269 4796 65 21 main
354 4801 42 15 sur
414 4794 21 22 le
454 4800 72 15 cœur.

185 4826 126 23 J’entends
332 4832 60 15 ceux
411 4832 46 19 que
476 4832 102 19 procure
599 4831 32 14 un
651 4830 133 15 amoureux

722 4853 155 30 [commerce?

512 4886 69 21 Tous.

186 4919 62 25 Non,
265 4926 53 14 non.

413 4948 114 25 Sesterce,
546 4948 14 21 à
578 4947 101 23 Gédéon.

335 4980 36 22 Tu
390 4987 27 14 as
436 4980 90 22 raison.

442 5010 31 22 Le
496 5010 43 25 roi,
563 5008 86 27 éploré.

522 5040 33 22 Tu
574 5039 158 27 l’approuves,
752 5039 122 21 Sesterce?

494 5072 101 22 Gédéon.

183 5106 63 22 C’est
264 5105 125 27 pourquoi,
407 5110 58 16 sans
482 5103 66 22 souci
565 5101 57 22 d’un
640 5100 101 23 ridicule
758 5101 71 25 arrêt,

186 5138 103 25 Forçant
305 5137 25 21 la
344 5136 66 21 main
428 5142 30 14 au
476 5134 35 21 roi
528 5134 60 21 dans
604 5139 44 14 son
663 5138 88 20 propre
766 5130 93 25 intérêt,

185 5169 67 21 Nous
267 5167 76 22 allons
359 5168 64 20 toute
437 5165 91 27 grande
543 5163 82 23 ouvrir
640 5163 23 21 la
678 5164 68 25 porte
760 5168 48 15 aux
821 5161 81 24 belles!

486 5196 113 21 Sesterce.

184 5231 87 21 Bravo!

508 5257 69 21 Tous.

259 5292 85 22 Bravo!

332 5321 31 22 Le
380 5321 43 25 roi,
442 5326 26 16 se
485 5319 80 24 levant
581 5318 21 23 et
619 5317 132 27 suppliant.

371 5352 152 22 Messieurs...
546 5355 50 15 mes
618 5348 83 22 amis...
723 5354 50 14 mes
795 5345 106 24 fidèles...

180 5386 36 22 Ne
239 5386 70 22 faites
330 5391 44 19 pas
394 5383 72 22 cela...

491 5412 100 22 Gédéon.

431 5444 67 22 Nous
519 5443 22 21 le
562 5442 88 22 ferons.

493 5474 30 21 Le
544 5473 43 22 roi.

707 5502 70 22 Pitié!

488 5536 101 23 Gédéon.

177 5574 48 21 Des
249 5573 97 21 femmes
369 5571 14 20 à
405 5569 86 22 foison!

419 5601 31 21 Le
469 5598 77 27 grand
563 5598 92 24 écuyer.

480 5629 108 22 J’amène
604 5634 38 15 ma
661 5625 86 23 moitié.

1249 4150 119 26 L’évêque.

949 4178 56 26 Moi,
1020 4186 50 15 mes
1085 4180 85 21 nièces.

1192 4211 29 20 Le
1239 4212 77 25 grand
1332 4219 96 15 veneur.

1224 4242 29 22 Et
1272 4244 54 23 moi,
1347 4249 49 15 mes
1417 4244 68 21 filles..

1149 4272 30 21 Le
1200 4273 42 25 roi,
1262 4280 49 15 aux
1332 4275 134 22 cuisiniers.

1420 4305 71 22 Holà!
1512 4306 95 25 gardes!

1023 4333 114 26 Sesterce,
1154 4334 52 23 leur
1222 4335 91 25 faisant
1332 4343 32 14 un
1382 4337 68 25 signe
1465 4337 141 26 impérieux.

948 4364 32 22 Ils
1001 4371 29 14 ne
1051 4365 129 26 bougeront
1200 4373 51 18 pas.

1204 4397 89 25 L’abbé,
1316 4403 30 15 au
1368 4399 43 20 roi.

1250 4427 63 22 Vous
1331 4436 81 15 verrez
1431 4436 49 16 mes
1498 4430 122 22 bâtardes!

1191 4458 32 22 Le
1242 4466 67 19 page,
1328 4466 32 14 au
1378 4461 43 20 roi.

947 4487 40 22 Ma
1003 4488 128 22 maîtresse
1147 4491 35 20 est
1198 4489 63 26 jolie,
1280 4492 21 19 et
1319 4496 58 15 vous
1395 4497 29 15 en
1442 4492 162 21 conviendrez.

1196 4527 101 26 Gédéon,
1317 4535 31 15 au
1370 4529 43 21 roi.

947 4556 105 27 Casqués
1068 4557 29 21 de
1112 4557 106 22 cheveux
1234 4559 73 23 noirs,
1325 4566 68 19 roux,
1409 4560 91 25 blonds,
1517 4561 118 25 châtains,

1558 4592 99 22 cendrés

946 4618 32 21 De
997 4618 63 22 doux
1079 4620 94 25 minois,
1193 4620 48 21 soir
1260 4623 21 19 et
1299 4622 81 25 matin,
1398 4623 55 19 vont
1472 4629 58 14 vous
1548 4623 108 22 sourire..

1239 4658 129 23 Humérus.

943 4687 111 23 Pendant
1074 4689 107 22 combien
1204 4689 28 21 de
1252 4690 68 25 jours
1341 4690 21 21 le
1382 4691 250 23 demeureront-elles?

1186 4720 101 26 Gédéon,
1305 4721 116 22 exultant.

943 4749 96 25 Failles,
1065 4751 94 25 moires,
1186 4751 85 21 satins!

1257 4789 30 22 Le
1305 4790 58 21 Duc.

1301 4821 86 25 Tulles,
1404 4821 86 25 linons,
1509 4822 123 22 dentelles!

1244 4851 30 22 Le
1293 4859 68 19 page.

942 4880 163 23 Promenades
1126 4888 30 15 au
1176 4881 60 23 clair
1256 4882 28 22 de
1306 4883 63 21 lune!

1256 4913 91 22 L’abbé.

1286 4944 38 23 Au
1343 4944 59 22 bord
1422 4944 28 22 de
1470 4945 71 22 l’eau!

1246 4982 107 22 Maillon.

941 5011 57 23 Sein
1015 5012 61 23 frais
1094 5013 41 22 des
1151 5013 52 22 bois
1220 5013 124 22 ombreux!

1181 5044 32 23 Le
1230 5045 78 25 grand
1325 5045 93 26 écuyer.

1303 5075 75 22 Petits
1397 5078 76 25 temps
1491 5076 29 21 de
1537 5075 93 28 galop...

1181 5106 31 22 Le
1230 5106 77 26 grand
1324 5113 95 15 veneur.

939 5135 62 23 Sous
1022 5136 22 22 la
1066 5139 64 19 verte
1151 5136 84 23 futaie!

1254 5175 92 22 L’abbé.

1178 5205 30 23 Et
1229 5213 41 15 sur
1292 5206 95 26 l’étang,
1408 5206 41 23 des
1471 5206 113 27 barques!

1223 5237 30 22 Le
1273 5237 101 22 vidame.

938 5266 70 26 Jeux,
1027 5267 59 26 bals,
1106 5267 68 23 fêtes!

1236 5298 120 27 L’évêque.

1149 5329 114 27 Soupers!

1213 5361 31 21 Le
1262 5360 134 27 chapelain.

1213 5391 30 23 Et
1261 5392 54 21 vins
1335 5392 41 23 des
1394 5392 91 22 bonnes
1504 5393 123 25 marques!

1086 5423 31 21 Le
1134 5423 43 26 roi,
1193 5429 50 16 aux
1259 5422 83 23 dames
1344 5441 4 6 ,
1365 5423 140 26 méprisant.

936 5453 19 23 A
974 5453 103 27 présent,
1093 5453 35 23 les
1144 5453 64 24 voilà
1224 5456 53 20 tous
1295 5454 90 26 poètes!

1235 5485 31 22 Le
1288 5491 68 20 page.

1425 5516 37 21 Du
1487 5515 63 22 bleu!

1241 5546 106 22 Maillon.

933 5578 47 22 Des
1000 5578 68 23 ailes!

1105 5609 27 22 Le
1149 5609 44 26 roi,
1212 5609 101 22 courant
1331 5615 49 16 aux
1398 5608 91 23 dames.

1008 5640 36 22 Au
1064 5641 129 22 secours!...
1212 5639 212 23 Défendons-nous
1444 5645 31 16 un
1495 5645 67 21 peu...

933 5670 36 24 On
986 5678 58 16 vous
1063 5672 42 22 fai!
1125 5673 46 20 tort
1189 5671 89 23 aussi...

1962 4155 122 21 Première
2107 4156 76 21 dame.

1824 4184 55 22 Las!
1898 4192 61 14 nous
1976 4192 102 14 sommes
2096 4193 57 14 sans
2169 4193 88 19 armes;

1705 4215 47 22 Car
1769 4216 21 21 le
1807 4217 84 25 temps,
1910 4222 31 14 un
1960 4216 15 21 à
1994 4223 39 17 un,
2051 4223 60 14 nous
2130 4223 14 14 a
2162 4216 50 22 volé
2229 4224 43 14 nos
2291 4216 132 23 charmes...

1957 4247 100 23 Gédéon.
2078 4254 31 15 au
2129 4249 43 20 roi.

1703 4277 63 22 Vous
1786 4283 60 15 nous
1865 4277 162 22 remercierez.

1854 4309 31 21 Le
1904 4309 42 25 roi,
1964 4315 25 16 se
2006 4308 100 27 fâchant
2122 4315 47 19 peu
2186 4310 14 20 à
2217 4315 53 19 peu.

2035 4339 63 22 Allez
2121 4347 30 14 au
2175 4340 85 25 diable,
2283 4340 42 22 tôt!

1959 4370 100 23 Gédéon.
2082 4371 85 21 criant.

1703 4400 56 23 Vive
1776 4401 21 22 le
1815 4401 36 21 roi
1867 4401 102 22 Pétaud!

1975 4432 69 25 Tous,
2063 4433 85 21 criant.

1955 4463 56 22 Vive
2033 4463 20 21 le
2074 4463 36 21 roi
2130 4463 102 22 Pétaud!

2014 4494 30 21 Le
2065 4495 43 20 roi.

1702 4524 137 24 Messieurs,
1854 4525 23 25 je
1892 4532 54 14 sons
1960 4524 72 27 qu’au
2046 4531 44 15 nez
2102 4532 38 14 me
2154 4526 80 20 monte
2248 4525 22 21 la
2286 4525 134 22 moutarde!

2018 4557 69 21 Tous.

1700 4586 56 22 Vive
1775 4587 20 21 le
1816 4587 36 21 roi
1871 4587 102 22 Pétaud!

1881 4617 30 22 Le
1930 4618 42 25 roi,
1989 4619 104 25 prenant
2110 4624 27 15 sa
2156 4624 83 16 canne.

2008 4650 19 20 A
2049 4649 23 21 la
2091 4649 43 25 fin,
2154 4656 87 19 prenez
2261 4649 82 26 garde!

1699 4679 30 22 Je
1745 4680 113 25 pourrais
1876 4687 37 14 me
1931 4679 104 22 fâcher...
2055 4680 179 22 Allez-vous-en
2252 4680 76 22 d’ici...

1700 4711 29 21 Et
1744 4711 70 26 qu’on
1832 4717 37 15 me
1884 4711 73 22 laisse
1972 4717 29 15 en
2017 4711 58 27 paix
2090 4711 108 21 ruminer
2216 4718 53 14 mon
2286 4711 73 21 souci.

1729 4742 123 21 Personne
1871 4749 29 14 ne
1920 4741 80 26 bouge.

1698 4772 40 26 Çà,
1756 4772 212 22 n’entendez-vous
1989 4774 80 25 pas?...
2090 4772 152 22 Prenez-moi
2261 4775 54 19 tous
2335 4772 25 21 la

2309 4803 109 26 [porte!...

1728 4834 42 22 Les
1790 4835 135 21 courtisans
1943 4834 143 25 s'inclinent,
2119 4835 62 21 mais
2199 4840 80 16 aucun
2296 4841 30 15 ne
2344 4834 74 26 quitte

1995 4871 27 15 sa
2044 4864 74 27 place.

1699 4896 65 22 Bien.
1784 4896 76 25 Alors,
1877 4897 23 25 je
1919 4896 99 22 défends
2035 4896 121 26 qu’aucun
2175 4896 28 21 de
2222 4903 58 14 vous
2298 4903 29 14 ne
2345 4897 71 20 sorte!

1728 4926 33 23 Ils
1780 4927 136 22 s'inclinent
1935 4926 29 23 de
1982 4934 111 15 nouveau
2113 4927 22 21 et
2154 4933 25 15 se
2198 4925 140 23 bousculent
2356 4933 32 15 au

2000 4958 94 22 dehors.

1975 5017 100 25 SCÈNE
2098 5019 38 23 VI.

1802 5067 31 21 Le
1853 5067 44 25 roi,
1916 5066 54 26 puis
1991 5066 110 26 Alysette,
2122 5065 54 27 puis
2195 5066 113 23 Seslerce.

1785 5112 32 22 Le
1834 5112 42 21 roi.
1896 5112 20 22 Il
1933 5112 107 26 s’assied,
2059 5112 95 23 accablé
2171 5112 29 23 de
2217 5111 107 24 douleur.

1695 5144 49 25 Que
1761 5144 88 26 vais-je
1866 5144 135 22 devenir?...
2017 5144 51 25 Que
2085 5143 150 22 résoudre?...

1816 5174 112 25 Alysefte,
1946 5175 96 21 entrant
2061 5180 28 16 en
2108 5180 60 20 coup
2186 5173 30 23 de
2233 5174 62 21 vent.

2220 5204 61 23 C’est
2298 5205 57 21 moi!

1876 5237 30 21 Le
1923 5237 43 24 roi,
1985 5243 25 15 se
2028 5236 86 23 levant,
2134 5236 99 26 effrayé.

1694 5268 69 26 Quoi!
1783 5268 41 22 des
1844 5267 77 23 robes!
1943 5267 86 25 déjà-!...

1802 5298 113 26 Alysette,
1935 5298 36 22 lui
1992 5298 91 27 faisant
2105 5304 47 15 une
2173 5298 132 22 révérence.

2012 5329 115 26 Bonjour,
2146 5329 123 22 monsieur
2286 5329 21 22 le
2325 5328 42 22 roi.

1723 5361 100 22 Faisant
1843 5360 24 23 la
1887 5367 76 16 moue.

1693 5392 35 22 On
1746 5399 30 15 ne
1793 5392 124 22 reconnaît
1935 5399 44 19 pas
1997 5398 28 15 sa
2041 5390 91 24 filleule
2150 5390 142 26 Alysette?...

1691 5423 46 27 Qui
1755 5430 59 16 vous
1835 5424 63 21 vient
1920 5423 91 26 chaque
2033 5422 76 23 année
2129 5422 173 22 embrasser?...
2322 5420 61 22 Fi!...

2003 5453 32 22 Le
2056 5454 42 20 roi.

2138 5483 110 23 Mazette!

1690 5517 31 22 Te
1739 5516 62 23 voilà
1818 5516 113 26 grande...
1949 5516 34 21 Tu
2000 5515 59 21 m’as
2078 5515 44 21 fait
2140 5521 69 19 peur;
2226 5513 57 23 c’est
2300 5513 80 22 vilain.

1994 5546 112 25 Alysefte.

1689 5579 84 22 Dame!
1792 5584 31 16 on
1838 5579 69 21 entre
1925 5578 57 22 chez
1998 5584 58 15 vous
2075 5583 91 16 comme
2183 5576 61 22 dans
2261 5582 34 16 un
2312 5574 84 24 moulii

1917 5609 31 22 Le
1967 5608 43 26 roi,
2029 5607 154 23 amèrement.

1689 5640 30 24 Je
1739 5647 30 16 ne
1789 5640 99 27 l’ignore
1907 5646 66 20 pas...
2300 5642 4 27 ;
2317 5635 33 25 *"8

1720 5672 20 24 Il
1759 5672 23 23 la
1802 5671 65 24 baise
1886 5678 32 16 au
1936 5671 73 27 front.
2028 5670 30 23 Se
2076 5669 135 27 rasseyant.
2255 5665 121 31 AILSEL

2668 4155 45 21 Ah!
2730 4162 41 14 ma
2785 4162 91 19 pauvre
2892 4156 79 25 petite.

2459 4185 29 21 Je
2506 4185 51 22 suis
2575 4185 54 21 bien
2650 4186 166 22 malheureux!

2711 4223 112 26 Alysette,
2844 4225 84 22 câline.

2747 4255 118 26 Qu’est-ce
2888 4256 41 25 qui
2952 4263 58 14 vous
3035 4257 77 25 agite?

2458 4284 180 26 Qu’avez-vous,
2657 4293 55 14 mon
2732 4286 139 26 parrain?...

2770 4324 30 23 Le
2822 4326 42 20 roi.

2751 4355 46 21 Eh!
2813 4354 56 23 c’est
2883 4358 64 19 toute
2962 4363 40 14 ma
3016 4363 58 15 cour

2458 4385 52 26 Qui,
2528 4385 91 26 malgré
2634 4386 54 25 moi,
2707 4388 54 19 veut
2780 4387 134 22 introduire
2931 4387 30 21 ici
2979 4387 108 25 l’amour,

2457 4416 46 21 Des
2524 4416 105 25 femmes,
2647 4416 32 23 du
2697 4417 71 25 satin,
2788 4417 31 21 du
2837 4417 60 25 bleu,
2916 4424 45 20 que
2980 4418 84 26 sais-je
3083 4420 91 20 encore!

2760 4455 112 25 Alysette.

2458 4485 70 22 Votre
2548 4492 58 14 cour
2627 4492 14 14 a
2664 4486 88 21 raison.

2698 4524 30 21 Le
2750 4525 42 25 roi,
2816 4525 117 21 souriant.

2793 4554 69 27 Quoi!
2881 4556 124 22 méchante
3025 4556 90 26 pécore,

2456 4584 86 22 Contre
2561 4586 47 20 moi
2627 4585 45 21 l’on
2692 4593 25 14 se
2736 4586 63 25 ligue
2817 4593 57 15 avec
2893 4589 52 19 tous
2965 4594 38 14 ces
3022 4586 152 26 brigands?...

2486 4616 62 22 Avec
2566 4616 131 22 bonhomie.

2455 4646 40 26 Ça,
2513 4654 46 19 que
2576 4647 86 22 fais-tu
2681 4648 28 21 de
2726 4648 82 21 bon?...
2827 4648 117 22 Couds-tu
2962 4649 109 25 toujours
3089 4649 41 21 des

3079 4678 94 26 [gants?

2759 4717 111 25 Alysette,

2454 4747 52 26 Oui,
2524 4749 132 25 toujours...
2674 4748 29 22 Et
2721 4748 24 22 la
2761 4755 111 19 preuve...

2485 4778 51 22 Elle
2552 4778 35 22 lui
2601 4780 74 21 remet
2689 4786 47 14 une
2750 4781 69 25 paire
2834 4780 29 21 de
2878 4780 70 25 gants
2964 4780 77 26 neufs.

2483 4809 30 23 Le
2535 4811 36 20 roi
2593 4810 23 22 la
2637 4810 108 27 regarde,
2768 4810 92 22 étonné,

2846 4841 81 23 Est-ce
2944 4848 44 19 pas
3007 4843 66 20 votre
3090 4842 52 25 fête,

2453 4871 115 22 Demain?

2561 4910 28 21 Le
2605 4911 42 24 roi,
2664 4911 61 25 ému,
2741 4911 34 21 lui
2791 4912 124 21 caressant
2933 4911 33 22 les
2983 4912 85 21 mains.

2513 4941 40 22 Toi
2570 4941 64 22 seule
2651 4948 14 19 y
2680 4949 26 14 as
2722 4942 94 25 pensé...

2483 4971 36 23 Un
2539 4972 83 26 temps.
2641 4972 30 22 Le
2690 4973 37 21 roi
2745 4979 25 16 se
2789 4973 49 22 lève
2858 4973 176 26 brusquement,
3052 4980 25 15 se
3096 4973 76 27 prend

2453 5002 22 21 la
2493 5002 45 23 tête
2553 5002 62 23 clans
2630 5003 35 22 les
2679 5004 80 21 mains
2776 5004 21 22 et
2812 5004 97 21 marche
2925 5004 28 22 de
2969 5004 54 26 long
3039 5011 29 15 en
3084 5004 73 27 large.

2830 5035 69 21 Dieu!
2916 5042 45 19 que
2979 5042 38 14 ma
3035 5035 46 22 tète

2453 5064 36 22 Me
2508 5065 44 22 fait
2574 5065 78 22 mal!...
2670 5065 134 25 Sûrement,
2823 5073 25 14 ce
2869 5068 36 19 tas
2925 5066 28 22 de
2972 5066 107 22 forcenés

2453 5095 36 22 Me
2508 5098 113 19 mettront
2640 5103 30 14 au
2690 5096 119 22 linceul!...
2828 5096 53 25 Las,
2900 5103 30 14 on
2950 5103 37 15 me
3005 5097 32 21 rit
3056 5104 31 14 au
3106 5103 65 15 nez...

2453 5126 17 22 A
2492 5127 162 26 grand’peine,
2675 5127 110 26 j’obtiens
2806 5127 71 27 qu’on
2898 5134 73 14 ouvre
2990 5134 47 14 une
3057 5128 113 22 fenêtre...

2453 5157 58 23 C’est
2530 5158 20 22 le
2568 5158 85 22 monde
2672 5159 14 20 à
2704 5158 107 22 l’envers.
2815 5176 11 4 ..
2846 5158 97 22 Chacun
2962 5159 100 21 tranche
3079 5158 31 22 du

3052 5189 118 27 [maître...

2453 5220 41 25 Qui
2516 5220 110 27 prépare,
2648 5222 107 23 crois-tu,
2777 5227 54 14 mon
2854 5219 106 23 dîner?...
2980 5220 47 22 Des
3047 5220 122 22 soldats!...

2453 5251 30 21 Ils
2502 5251 155 22 s’entendent.
2675 5251 29 22 Je
2721 5252 51 20 suis
2788 5250 98 22 entouré
2904 5250 28 22 de
2949 5250 85 22 Judas.

2453 5282 32 22 Oh
2506 5289 36 14 me
2562 5282 81 23 trahit,
2663 5288 30 16 on
2713 5289 38 14 me
2771 5282 153 25 circonvient,
2943 5288 30 15 on
2993 5288 38 15 me
3049 5282 58 25 vole,

2453 5313 26 21 El
2496 5314 23 25 je
2535 5314 51 21 suis
2603 5314 60 21 dans
2681 5313 64 22 leurs
2761 5313 80 22 mains
2858 5320 33 14 un
2907 5313 65 25 jouet
2989 5312 119 22 bénévole!

2669 5351 112 26 Alysette,
2804 5351 146 26 gravement.

2453 5382 39 22 Qh!
2510 5389 28 16 ce
2557 5383 41 26 qui
2617 5390 58 14 vous
2694 5382 103 25 advient,
2816 5388 59 15 vous
2893 5381 74 23 l’avez
2986 5381 91 25 mérité,

2453 5413 54 26 üire,
2526 5419 42 16 car
2589 5420 57 14 vous
2666 5420 118 19 manquez
2804 5419 44 20 par
2867 5416 53 24 trop
2942 5413 134 22 d’autorité.

2680 5452 31 21 Le
2730 5452 43 25 roi,
2794 5451 140 23 tristement.

2453 5482 48 22 Von
2518 5495 31 4 —
2566 5485 22 20 et
2606 5482 56 23 c’est
2679 5482 24 22 là
2720 5482 21 22 le
2759 5482 39 22 hic
2813 5495 32 3 —
2859 5483 23 25 je
2900 5488 104 19 manque
3022 5481 30 22 de
3068 5480 100 27 pécune:

2453 5513 71 26 àinsi,
2540 5514 24 25 je
2579 5513 49 23 n’ai
2644 5513 87 26 qu’une
2747 5513 91 23 filleule
2854 5519 32 15 au
2901 5513 93 25 monde,
3011 5512 96 27 qu’une!

2453 5544 26 23 Qr
2497 5545 44 22 elle
2559 5546 36 20 est
2612 5544 131 27 orpheline,
2761 5546 23 20 et
2802 5546 52 20 tant
2872 5544 86 26 suis-je
2976 5543 116 26 indigent,

2453 5576 44 26 Que
2514 5576 23 25 je
2555 5582 30 16 ne
2601 5574 35 24 lui
2652 5574 91 23 donnai
2760 5575 89 26 jamais
2865 5574 21 22 le
2904 5573 108 23 moindre
3030 5574 106 25 argent...

2453 5606 43 23 Par
2512 5606 32 26 là,
2559 5606 57 26 juge
2631 5606 33 23 du
2680 5607 84 21 reste...

2475 5637 32 24 Se
2524 5638 117 27 frappant
2656 5638 21 22 le
2693 5638 72 26 front.

2804 5667 46 23 Ah!
2868 5667 107 28 sapristi!
2992 5667 32 26 j’y
3041 5672 96 21 pense...

3245 4156 20 22 Il
3282 4157 35 21 lui
3334 4158 78 23 donne
3428 4159 23 22 la
3469 4160 85 23 bourse
3570 4162 29 21 de
3616 4162 108 24 Jolibois.

3214 4187 91 22 Tiens...
3326 4189 63 21 voilà
3409 4197 60 19 pour
3490 4191 33 22 les
3544 4194 80 24 gants!

3447 4229 113 27 Alysette,
3579 4233 118 25 refusant.

3583 4262 60 26 Sire,
3662 4264 24 21 la
3705 4265 153 28 récompense

3215 4287 41 22 Est
3273 4289 52 25 trop
3343 4288 82 23 forte...

3291 4326 30 22 Le
3340 4327 43 25 roi,
3403 4328 23 21 la
3446 4329 95 26 forçant
3561 4332 14 21 à
3596 4333 103 25 prendre
3718 4336 23 21 la
3761 4336 91 24 bourse.

3389 4359 63 35 ,Non
3471 4361 74 25 point.
3567 4363 102 27 Accepte
3689 4366 181 29 sur-le-champ.

3212 4388 17 19 L
3238 4390 35 19 est
3293 4394 32 14 un
3346 4390 58 25 petit
3425 4391 91 22 cadeau
3535 4399 46 19 que
3601 4394 102 23 m’offrit
3722 4403 32 15 un
3776 4400 156 22 marchand...

3211 4417 30 21 Le
3259 4419 86 22 monde
3363 4422 118 25 retourné,
3499 4425 23 19 te
3540 4424 94 26 dis-je...
3652 4426 36 21 En
3706 4435 32 14 un
3757 4435 113 19 royaume

3211 4448 59 22 Bien
3293 4450 113 26 ordonné,
3429 4458 57 15 sans
3508 4455 124 26 contredit,
3669 4457 37 22 s’il
3727 4461 35 19 est
3783 4467 33 14 un
3837 4460 95 23 homme

3211 4479 45 25 Qui
3274 4480 70 23 baille
3363 4481 27 21 de
3407 4482 100 26 l’argent
3526 4491 49 15 aux
3594 4490 88 24 autres,
3700 4489 54 22 c’est
3774 4491 19 21 le
3812 4492 42 21 roi.

3212 4509 83 27 Céans,
3313 4511 57 22 c’est
3386 4513 21 21 le
3423 4515 127 22 contraire.
3568 4516 112 29 Ailleurs,
3697 4520 16 20 il
3731 4520 44 22 fait
3793 4521 22 22 1a.
3831 4523 39 22 loi.

3211 4540 83 25 Céans,
3314 4542 15 20 il
3348 4543 22 21 la
3389 4544 69 22 subit.
3478 4546 112 27 Ailleurs,
3608 4555 29 14 on
3656 4549 20 22 le
3695 4551 81 25 cajole,

3212 4571 35 22 On
3262 4573 22 21 le
3299 4573 59 26 loue,
3376 4581 30 14 on
3424 4574 96 27 l’adule;
3535 4578 18 21 il
3567 4581 47 19 met
3630 4579 61 22 dans
3707 4589 47 14 une
3769 4584 72 25 geôle,

3210 4601 71 23 Selon
3299 4611 43 14 son
3359 4605 47 22 bon
3425 4606 92 26 plaisir,
3535 4609 134 27 quiconque
3686 4611 35 23 lui
3739 4613 98 26 déplaît;

3210 4633 29 22 Et
3257 4634 46 22 l’on
3321 4634 84 27 brigue
3424 4637 125 24 l’honneur
3568 4639 72 23 d’être
3658 4642 56 22 chez
3732 4643 34 23 lui
3786 4645 66 23 valet.

3211 4663 83 27 Céans,
3312 4667 51 20 tout
3381 4669 35 19 est
3433 4668 79 26 chaos,
3530 4672 115 23 anarchie
3663 4675 22 19 et
3701 4674 89 22 sottise.

3210 4694 119 23 Dérision!
3348 4704 50 15 mes
3414 4700 143 25 courtisans,
3575 4702 23 25 je
3615 4703 34 22 les
3667 4705 111 22 courtise.

3210 4726 64 22 Dans
3297 4734 54 14 mon
3376 4736 86 19 propre
3484 4731 85 26 palais,
3591 4734 22 25 je
3636 4735 50 20 suis
3708 4735 52 22 leur
3782 4737 145 26 prisonnier;

3211 4756 28 22 Et
3255 4758 28 21 de
3298 4760 52 19 tous
3365 4767 50 14 mes
3432 4761 82 26 sujets,
3530 4763 24 25 je
3566 4771 38 14 me
3618 4766 50 20 vois
3684 4766 20 21 le
3720 4766 105 24 dernier!

3238 4788 112 24 Pendant
3368 4791 58 26 qu’il
3442 4793 75 25 parle,
3536 4793 107 24 Sesterce
3663 4797 35 21 est
3716 4798 73 21 entré.
3809 4799 21 21 Il
3848 4799 80 22 écoute

3208 4826 56 16 avec
3283 4821 91 22 intérêt,

3209 4850 20 22 A
3243 4851 25 21 la
3282 4852 36 21 fin
3331 4854 24 25 je
3369 4854 50 21 suis
3435 4854 36 23 las
3487 4855 29 22 de
3530 4858 60 19 cette
3604 4858 119 25 tyrannie.

3207 4881 61 23 Leur
3288 4883 126 26 insolence,
3434 4892 57 15 avec
3509 4886 60 21 éclat
3590 4894 52 15 sera
3663 4890 80 25 punie.

3207 4913 129 24 Tremblez!
3355 4915 29 22 Je
3403 4917 72 21 vais...

3509 4955 114 23 Sesterce.

3417 4985 55 21 ...les
3491 4985 61 22 faire
3569 4987 90 25 pendre
3674 4989 59 23 haut
3750 4992 22 20 et
3789 4993 76 21 court!

3423 5024 30 21 Le
3473 5024 43 25 roi,
3536 5031 56 16 avec
3612 5026 97 27 dignité.

3207 5051 60 26 Non,
3282 5054 129 21 monsieur.
3426 5054 163 28 Simplement,
3603 5057 24 25 je
3639 5058 52 22 vais
3705 5060 89 25 quitter
3806 5068 39 15 ma
3859 5068 65 15 cour.

3462 5092 114 25 Sesterce,
3599 5097 71 21 riant.

3206 5122 45 26 Ha,
3271 5123 38 25 ha,
3326 5123 39 25 ha,
3384 5123 40 23 ha!

3330 5160 110 26 Alysette,
3461 5165 96 21 serrant
3577 5164 23 23 la
3621 5167 66 21 main
3706 5172 31 15 au
3757 5167 43 22 roi.

3445 5193 56 23 Très
3519 5195 60 21 bien.
3598 5196 76 23 L’idée
3691 5200 35 19 est
3743 5198 135 23 excellente.

3424 5223 113 28 Sesterce,
3561 5227 145 23 s’inclinant.

3206 5254 105 21 Pardon!

3510 5295 110 25 Alysette.

3310 5323 29 22 Je
3357 5324 36 23 dis
3412 5325 57 27 qu’il
3487 5326 52 22 faut
3557 5333 46 19 que
3620 5329 69 19 notre
3706 5327 36 22 roi
3760 5328 34 22 les
3814 5330 79 25 plante

3206 5353 59 22 Tous
3282 5354 30 22 là.
3332 5354 61 27 Sire,
3412 5359 105 24 partez...
3535 5357 135 26 D’ailleurs,
3689 5364 29 15 en
3736 5363 140 24 voyageant.

3206 5385 59 22 Vous
3284 5392 58 15 vous
3363 5388 144 25 aguerrirez.

3451 5426 30 22 Le
3500 5427 43 25 roi,
3563 5426 112 23 hésitant.

3513 5457 85 23 Mais...
3613 5458 23 25 je
3650 5458 50 21 n’ai
3716 5466 43 20 pas
3776 5460 115 27 d’argent.

3306 5486 113 27 Alysette,
3435 5487 35 23 lui
3485 5488 109 22 donnant
3609 5488 41 23 des
3664 5490 80 26 pièces
3760 5491 58 22 d’or.

3206 5518 118 27 Reprenez
3344 5518 23 22 la
3387 5519 81 22 moitié
3487 5518 29 23 de
3535 5521 59 20 cette
3613 5519 84 23 lourde
3717 5529 95 15 somme.

3414 5557 114 24 Sesterce,
3548 5559 159 25 approuvant,

3206 5588 52 23 Hoir
3276 5589 21 22 le
3315 5589 92 26 monde,
3426 5595 30 15 en
3474 5589 66 26 effet,
3558 5589 51 23 cela
3627 5597 59 15 vous
3705 5593 91 25 trempe
3814 5598 32 15 un

3809 5621 112 28 [homme.

3236 5676 41 18 »•;:*.
3294 5687 11 3 ..
3690 5667 31 28 (A
3745 5668 144 26 continuer.)

227 5671 207 37 Reproduction
462 5672 26 23 et
516 5667 157 26 traduction
699 5664 146 26 interdites
