7520 9728
1841 746 984 736 La
3017 730 2832 752 Fronde

782 561 291 47 rmmm*
1097 557 205 51 ML
1328 585 55 15 -
1411 563 61 45 If
1491 559 59 49 «
3188 548 179 51 Umm
3393 548 56 51 il.
3484 530 260 75 tiN**
3986 499 59 42 -F.
4048 538 67 32 '»
4147 539 7 2 -
4176 523 410 67 ■*»«■
5907 517 83 59 te
6006 514 245 58 milmw
6266 532 23 36 4
6311 520 222 60 QuIQ
6544 515 169 35 AUM~&
6717 529 3 2 1
6734 530 7 17 ~
6742 524 34 8 -
6781 524 19 8 -
6810 519 85 21 --
7025 498 84 91 ;3

953 790 254 44 caierdiier
1234 785 270 50 iefoiucaii

932 893 57 45 26
1021 893 277 46 PLUVIOSE
1320 895 79 44 AN
1423 892 95 49 CVI

1071 1056 4 2 -

1331 1071 54 4 ...

968 1221 253 42 CALENDRIER
1249 1213 261 47 PROTESTâlT

812 1338 182 39 Passages
1011 1333 47 35 de
1076 1333 36 34 la
1135 1330 105 37 Bible
1255 1330 25 35 à
1296 1329 70 36 lire
1384 1327 40 36 et
1439 1326 24 36 à
1492 1320 160 39 médit*

1035 1427 168 45 PROV.
1244 1435 105 37 xxx,
1391 1423 42 40 &

6159 739 291 48 CAIEIBRIER
6489 739 144 48 11111

6176 851 33 44 2
6233 842 238 51 pavRa
6496 849 103 45 âM$

6270 1008 88 69 -a

6141 1187 249 43 CALENDRIER
6418 1180 206 48 lsututi

6055 1307 185 52 ANNÉE
6262 1314 115 49 5M8,
6405 1314 54 44 22
6484 1309 252 48 SGHEBAT

1234 1609 126 43 Prix
1413 1604 102 42 des
1540 1593 407 48 AboaacMts
1971 1600 19 32 3

1373 1666 60 33 Un
1449 1664 59 32 An
1523 1659 44 33 20
1582 1658 50 34 fr.
1672 1655 67 35 Six
1754 1653 97 34 Mois
1867 1651 42 33 10
1920 1650 50 35 tr.
1983 1650 46 34 50
2061 1648 111 37 Trois
2187 1648 97 36 Mois
2297 1648 24 34 5
2332 1647 20 57 fi'
2352 1647 15 57 Ir
2367 1647 17 57 .
2394 1649 56 34 50.

785 1689 119 32 PARIS
1125 1699 9 9 •
1158 1699 9 8 •
1180 1697 20 24 /
1224 1696 10 8 •
1323 1691 11 10 *
1425 1717 42 4 —
1523 1698 43 23 24
1582 1695 50 26 fr.
1745 1705 44 12 —
1862 1689 43 32 Il
1920 1687 49 34 fr.
2006 1699 19 17 a
2159 1702 44 11 —
2293 1687 25 33 4
2332 1686 48 34 fr.
2431 1699 18 17 a

786 1724 300 36 DÉPARTEMENTS
1107 1722 44 25 ET
1170 1720 164 26 Awbuic
1427 1756 42 5 —
1523 1736 44 25 85
1582 1734 49 27 fr.
1744 1743 45 15 -
1861 1727 43 34 18
1918 1725 50 35 fr.
2007 1737 20 21 0
2163 1740 44 12 -
2280 1724 43 35 iO
2333 1724 48 35 fr.
2431 1735 18 21 .

786 1765 206 32 "ETRANGER
1007 1760 134 35 (UNION
1159 1760 175 25 POSTALE)
1945 1791 537 14 —————M——

2871 1647 617 51 DUUSCTRSCIB
3542 1661 20 32 t
3774 1755 9 12 1
4336 1630 421 50 DURAND

5211 1563 79 38 m,
5306 1571 14 18 «
5331 1572 21 28 e
5362 1562 116 39 |atn»
5504 1560 61 41 et
5587 1551 441 50 AMrfimttw
6052 1559 18 31 1
6100 1549 92 46 14,
6217 1558 101 31 rue
6343 1549 433 49 s_a..-Geor..-.

5821 1602 210 46 Téléphone
6054 1601 113 36 _.11

5173 1672 73 24 Lee
5261 1684 185 12 IIIMMMMOT
5459 1684 91 12 MU*
5563 1673 131 23 MemM
5716 1670 76 26 aux
5812 1661 172 33 Bureaux
6007 1657 52 34 du
6082 1654 153 36 Journal
6260 1655 40 33 et
6325 1654 89 35 ehes
6436 1655 190 41 Lagrange
6651 1656 39 34 et
6715 1655 97 40 Cerf,

5719 1701 36 40 6,
5889 1696 49 37 de
5953 1695 39 35 la
6004 1695 154 38 BoarIIe,
6174 1695 120 33 Parie.

903 1879 22 16 0.
974 1884 15 7 -
1000 1880 19 12 -
1149 1875 101 21 m»'
1300 1877 19 16 "
1392 1872 11 16 0
1476 1874 47 27 qb
1541 1874 102 24 A—-
1678 1886 10 8 •

782 1937 85 36 LA
891 1929 271 44 FROIDE,
1181 1922 216 51 Journal
1425 1914 300 57 quotidien,
1745 1910 16 20 1

735 1999 275 38 politique.
1064 1986 287 46 littéraire,
1397 1981 85 41 est
1521 1971 200 55 dirigé»

736 2053 339 48 administré*
1089 2046 214 51 rédigé,
1333 2035 260 56 composé
1621 2044 104 43 par

736 2122 101 41 des
855 2118 251 41 femMes.

958 2262 554 88 Aujourd'hui

1065 2461 115 37 Lundi
1205 2463 42 31 14
1273 2456 140 37 Février

780 2560 28 21 A
831 2559 33 22 la
885 2556 191 25 &orbonne,
1095 2551 23 30 à
1136 2550 40 30 10
1192 2549 38 31 h.
1263 2540 258 37 Ilistoire
1521 2540 208 37 ancenne

739 2597 154 18 peuples
925 2595 44 19 tle
1003 2588 163 27 rOriont,
1193 2593 67 21 par
1284 2583 48 31 M.
1371 2580 177 31 Grébaut.
1581 2580 32 23 A
1631 2580 37 21 Il
1688 2580 40 20 h.

740 2634 150 16 lintnK1
910 2635 36 15 et
967 2628 205 22 littérature
1194 2621 177 29 anglaise.
1395 2623 67 27 par
1476 2614 49 31 M.
1544 2614 182 36 BeiJame.

738 2678 32 5 A
784 2679 13 4 1
818 2676 23 7 Il,
875 2674 50 9 iil
961 2673 146 10 Langue
1115 2666 38 17 et
1171 2660 208 23 littérature
1398 2649 242 34 allemandes,
1660 2653 68 30 par

739 2715 35 2 w
808 2715 9 2 i
845 2682 81 35 iii'ïr
960 2710 28 7 A
1007 2709 19 8 2
1044 2713 37 4 n.
1095 2700 159 17 Histoire
1273 2695 200 22 ancienne..
1481 2697 66 20 par
1558 2687 50 30 M.
1627 2686 99 30 Bou-

737 2716 46 37 mlt
855 2721 51 32 i'h
924 2722 72 31 .r-f'ii
1029 2743 29 10 A
1073 2742 20 11 2
1111 2740 24 13 h.
1177 2735 159 18 Histoire
1365 2731 45 22 de
1431 2726 91 27 l'Art
1562 2720 163 33 français

822 2752 31 39 iî
888 2788 11 3 i
939 2781 168 10 IIlflnnier.
1137 2777 30 14 A
1185 2777 20 14 2
1223 2774 23 17 h.
1281 2772 62 19 112,
1378 2763 224 28 Littérature
1623 2759 101 32 (ràn-

737 2800 67 32 par
822 2790 48 30 M.
1180 2822 65 14 nir
1263 2812 51 24 M.
1333 2807 98 29 Petit
1449 2806 46 30 de
1523 2798 200 38 Julleville.

734 2837 70 63 1*3
817 2839 42 58 h.'
876 2834 221 61 l!iit«lrature
1113 2838 207 49 allemande
1339 2855 67 33 par
1421 2845 49 32 M.
1486 2838 238 38 Lichtenber-

733 2914 93 71 *Zu
860 2962 10 23 (
884 2951 173 34 olivaie
1083 2950 145 32 France,
1259 2943 22 32 à
1313 2942 36 31 lO
1368 2939 21 32 h
1425 2937 64 48 if.
1675 2929 49 33 de

731 2997 137 35 chimie
887 3003 66 30 oiK
965 2992 137 45 ini.jue,
1120 2995 65 35 par
1204 2984 48 33 M.
1266 2983 85 55 i^cri
1369 2988 38 50 i0
1422 2983 144 55 Croisades,
1566 2983 26 55 A
1592 2983 26 55 3
1618 2983 39 55 h.
1657 2983 68 55 Ris-

731 3040 93 32 toire
845 3037 63 30 -I«'S
930 3037 186 35 l'I:Ii/llons,
1143 3037 163 31 époques
1331 3037 66 16 des
1422 3037 207 15 Croisades,
1657 3037 68 16 par

733 3079 49 32 M.
807 3076 47 32 lté
860 3074 95 32 ville.

773 3152 26 22 A
831 3145 121 29 fU,il1'l
983 3143 60 31 des
1074 3137 150 37 Sociétés
1250 3133 180 35 Savantes,
1451 3127 52 39 28,
1541 3132 67 27 rue
1638 3121 87 35 Ser-

733 3190 107 25 T'ftit«'
881 3187 20 28 \
921 3185 19 30 G
960 3184 146 31 heures.
1127 3178 168 33 Héunioll
1309 3175 48 30 du
1373 3176 141 35 groupe
1527 3174 46 26 de
1590 3173 134 30 langue

734 3230 94 25 -dt.
828 3230 95 25 nn.
946 3224 28 31 A
1000 3226 20 27 8
1039 3221 38 33 h.
1096 3221 64 33 112.
1185 3216 326 38 Correspondance
1542 3214 184 24 commer-

735 3269 91 32 ciale
932 3257 254 45 comptabilité
1220 3263 46 25 en
1303 3254 155 36 aiigl..tis,.

736 3309 85 22 Mlle
844 3309 38 22 C-
900 3301 165 30 i'révost.
1089 3299 30 32 A
1148 3299 20 30 2
1187 3296 148 33 heures,
1370 3295 156 28 reunion
1559 3285 67 32 des
1644 3282 84 32 étu-

735 3349 127 33 diants
880 3339 50 44 .t
930 3339 201 44 agrcgation
1147 3337 46 32 de
1213 3335 133 38 langue
1366 3329 222 33 allemande.

778 3423 22 17 A
820 3423 33 17 la
878 3417 117 23 Mairie
1014 3413 49 27 du
1081 3404 357 36 X'arrondissement,
1465 3407 67 27 rue
1558 3398 50 33 du
1633 3397 95 33 Fau-

736 3439 301 43 bourK-SainL-Martin.
1037 3439 45 43 Ji
1082 3439 61 43 ta
1169 3448 52 34 72,
1254 3447 22 31 à
1301 3446 20 29 8
1347 3441 35 41 h.
1382 3441 72 41 i12.
1503 3439 227 37 Correspon-

739 3500 115 32 dance
875 3489 259 37 commerciale
1153 3487 38 33 et
1207 3486 255 39 comptabilité
1474 3486 46 25 en
1540 3480 188 37 espagnol,

739 3537 223 45 professeur,
984 3532 48 34 M.
1046 3531 39 33 C.
1105 3530 157 33 Roman.

781 3597 26 18 A
829 3593 124 22 l'Ecole
974 3584 266 31 VauaueUn,do
1256 3580 23 33 5
1279 3580 35 33 à
1330 3568 33 47 6
1363 3568 134 47 heures.
1497 3568 184 47 Anatomie.,
1681 3568 51 47 b.

739 3631 189 26 humaine,
949 3636 65 24 par
1033 3627 50 25 M.
1112 3622 130 33 Victor
1259 3616 206 36 Thébault;
1485 3614 47 32 de
1556 3614 22 29 6
1607 3618 24 24 a
1656 3614 75 26 7n.

739 3673 149 38 Langue
908 3675 117 29 russe,
1040 3672 65 34 par
1123 3662 50 33 M.
1193 3658 237 37 Gunsbourg.

780 3730 24 8 A
827 3728 33 10 1'1
882 3721 206 17 Madeleine,
1108 3715 192 23 adoration
1320 3707 226 31 perpétuelle
1571 3705 48 33 du
1639 3701 94 35 Très

736 3736 355 52 Sainl-:-'at'rl'mcnt.
1114 3758 33 30 -
1147 3758 50 30 Â
1235 3745 455 42 Saint-Uonoréd'Eylau,
1711 3741 23 33 à

737 3809 41 18 Ht
796 3806 144 21 heures,
960 3800 184 27 obsèques
1164 3796 46 31 de
1233 3794 100 32 Mme
1355 3792 109 30 Henri
1482 3790 132 28 Adam.
1631 3799 41 8 —
1703 3787 29 27 A

738 3841 286 34 mnt-iUrmnin
1057 3839 61 28 des
1148 3835 94 33 Près,
1277 3836 22 27 a
1335 3829 105 36 midi,
1470 3829 187 35 obsèques
1687 3825 47 28 de

739 3885 51 33 M.
812 3878 206 37 Ferdinand
1042 3874 128 34 Fabre.

775 3957 79 25 Aux
882 3951 189 31 magasins
1087 3949 50 33 du
1156 3947 156 35 Louvre,
1332 3943 50 32 du
1401 3941 79 33 Don
1499 3933 163 40 Marché,
1683 3932 52 35 dn

740 3997 226 30 l'rintrinps,
1000 3991 66 30 des
1094 3983 333 39 Trois-Quartiers,
1459 3983 210 35 exposition
1688 3981 47 25 de

737 4035 110 40 gants
865 4035 13 29 '
878 4035 21 29 t
917 4032 43 31 du
981 4026 192 35 dentelles.

782 4095 25 20 A
831 4091 33 24 III
887 4086 139 29 tuilerie
1050 4087 151 28 Georges
1230 4078 105 37 Petit,
1355 4076 50 37 12,
1434 4081 68 26 rue
1534 4067 204 37 Godot-de-

741 4131 156 36 Maurui,
918 4125 208 45 exposition
1145 4122 46 34 de
1211 4119 171 44 peinture
1401 4115 47 35 de
1475 4113 100 34 Mme
1599 4113 137 31 Louise

740 4182 72 24 van
835 4173 62 31 l'ai
909 4179 52 31 ys.

774 4231 27 21 A
831 4228 33 24 1-1
890 4223 139 29 Galerie
1050 4223 152 29 Georges
1218 4216 102 36 Petit,
1335 4215 32 36 8,
1385 4220 67 25 rue
1472 4212 46 30 de
1537 4208 100 38 Sèze,
1658 4206 74 33 Ex-

735 4266 161 43 positiuii
915 4264 66 31 tics
1001 4259 177 35 tableaux
1196 4256 46 33 de
1259 4253 149 34 Gabriel
1436 4250 160 33 Tunffcr.

779 4332 36 30 né
815 4332 99 30 l,al'!
939 4332 48 30 du
1007 4326 168 35 courrier
1204 4331 94 31 pour
1328 4318 176 38 Pauillac,
1537 4313 197 36 Lisbonne,

735 4375 134 27 Dakar,
906 4374 96 27 Cape
1021 4370 135 32 Town,
1190 4361 397 39 Lourenço-Marques,
1614 4361 49 25 Be
1666 4361 68 29 ira,

734 4409 291 37 Fort-Mauphin,
1045 4403 235 40 Mananjary,
1299 4401 271 34 Vatomandry.
1605 4401 131 24 Ande-

733 4452 155 33 vorante
910 4451 35 29 ut
964 4445 214 34 Tamatave.

789 4518 122 27 Visites
933 4523 72 22 aux
1025 4512 147 33 Musées.
1192 4504 132 40 Trésor
1324 4504 247 40 Notre-Dame.
1592 4495 44 37 de
1636 4495 60 37 10
1711 4494 24 35 à

741 4560 20 23 4
782 4559 36 24 h.
839 4554 281 29 Ilôlel-de-Ville,
1149 4550 45 33 de
1212 4550 21 31 2
1261 4547 23 34 à
1299 4547 22 31 3
1336 4546 37 32 h.
1390 4544 121 34 Palais
1567 4544 164 39 Jv^e,

735 4600 45 17 de
801 4599 33 18 Il
862 4598 21 19 ù
901 4598 13 19 i
935 4595 36 22 h.
994 4592 172 25 Tombeau
1185 4589 45 28 de
1255 4588 195 29 Napoléon,
1477 4582 189 34 Invalides,
1686 4582 47 26 de

735 4637 89 27 midi
845 4637 21 27 à
883 4636 21 28 3
923 4635 37 29 h.
978 4631 129 33 Jardin
1126 4630 61 30 des
1206 4627 155 33 Plantes,
1384 4623 35 31 la
1451 4616 215 40 ménagerie
1686 4616 48 31 de

733 4677 35 23 H
791 4675 20 25 à
831 4675 17 25 4
878 4673 34 27 h.
936 4670 190 31 A/Illarillm
1146 4667 49 33 du
1233 4663 209 35 Trocadero.
1475 4663 46 27 de
1539 4663 21 27 9
1577 4663 39 26 h.
1635 4663 37 23 Il
1692 4663 40 23 h.

732 4717 38 33 et
789 4716 45 32 de
856 4714 11 31 1
890 4713 21 33 à
930 4713 14 31 i
960 4711 35 33 h.
1019 4712 120 30 Sevrés
1154 4716 9 23 :
1179 4703 141 39 musée,
1341 4700 161 44 galeries
1515 4699 39 33 et
1567 4699 163 34 ateliers,

733 4758 43 30 de
795 4755 90 32 midi
907 4754 20 32 à
949 4753 18 31 4
987 4752 146 32 heures.

1027 4879 391 50 ÉPHÉMÉRIDES

1368 4989 38 32 14
1434 4987 139 33 février
1591 4983 73 33 638.

726 5072 65 38 Le
798 5066 92 49 roi
890 5066 230 49 Dagobert
1128 5059 135 40 meurt
1263 5059 91 40 de
1362 5057 53 37 la
1423 5048 305 54 dyssenterie

970 5157 49 29 Le
1040 5153 74 31 bon
1129 5152 53 30 roi
1208 5147 198 39 Dagobert,

889 5194 109 34 Avait
1016 5191 73 32 mis
1107 5197 43 24 sa
1169 5186 139 33 culotte
1327 5185 23 31 à
1371 5183 173 36 l'envers,

974 5234 50 30 Le
1045 5228 118 36 grand
1180 5226 99 34 saint
1296 5222 79 35 Eloi

973 5271 66 33 Lui
1061 5271 54 31 dit
1137 5279 8 21 :
1165 5267 22 32 ô
1207 5274 89 25 mon
1315 5263 67 39 roi,

970 5312 115 31 Votre
1109 5305 164 38 Majesté

971 5353 64 32 Kst
1057 5349 73 33 mal
1146 5342 172 41 culottée,

970 5389 181 37 Faribole,
1170 5383 173 44 répondit
1360 5382 34 33 le
1413 5389 69 31 roi,

887 5433 56 31 Tu
961 5430 227 33 t'enrhumes
1207 5425 38 33 et
1262 5425 42 32 tu
1317 5423 59 32 dis
1393 5427 75 35 que
1487 5427 21 25 c
1518 5419 60 33 est
1589 5419 91 31 moi.

769 5510 104 30 Cette
894 5506 164 34 chanson
1077 5511 21 25 a
1116 5495 211 45 popularisé
1366 5501 95 37 pour
1496 5489 178 45 toujours
1690 5487 38 37 la

730 5549 182 25 mémoire
935 5547 44 27 de
1004 5553 41 21 ce
1073 5539 198 35 souverain
1300 5545 65 29 qui
1401 5542 89 25 sans
1511 5539 82 27 cela
1607 5539 119 25 serait

730 5596 89 19 sans
839 5586 111 29 doute
970 5580 238 35 absolument
1228 5583 164 28 inconnu:
1408 5573 205 41 quelques
1613 5573 115 41 vers

731 5630 46 32 de
807 5625 165 37 mirliton
1003 5622 67 34 ont
1095 5628 113 27 sauvé
1245 5618 46 32 de
1328 5615 10 34 1
1351 5614 103 34 oubli
1477 5614 38 33 la
1544 5614 185 31 mémoire

729 5670 87 34 d'un
837 5667 53 34 roi
909 5667 44 32 de
974 5666 150 33 France.

771 5708 190 26 L'histoire
984 5706 45 24 de
1058 5698 189 34 Dagobert
1267 5697 60 33 est
1356 5696 50 32 du
1426 5694 100 33 reste
1539 5691 79 34 très
1637 5698 87 26 con-

730 5749 96 25 fuse,
847 5747 92 27 mais
953 5754 41 20 ce
1013 5750 73 24 que
1105 5741 55 32 les
1180 5737 177 37 légendes
1375 5743 19 24 s
1405 5733 202 34 accordent
1624 5733 24 30 à
1666 5733 54 29 lui

732 5786 231 28 reconnaître
983 5784 58 30 est
1059 5789 73 25 une
1153 5775 179 37 intlrmité
1361 5781 74 33 que
1466 5773 34 33 le
1520 5773 74 32 bon
1625 5773 102 29 saint

729 5828 77 24 K!oi
828 5827 48 25 lui
899 5821 209 31 reprochait
1125 5820 95 32 dans
1253 5817 56 33 les
1333 5816 142 32 termes
1494 5813 119 32 voilés
1632 5813 94 29 dont

730 5867 38 26 la
788 5866 165 27 chanson
975 5863 89 30 s'est
1081 5860 68 33 fait
1166 5857 129 33 l'écho.
1315 5851 200 42 Dagobert,

731 5905 241 26 blablement,
981 5900 91 31 était
1090 5899 59 32 fils
1169 5897 46 31 de
1230 5892 144 38 Clotaire
1374 5892 97 38 n,il
1491 5892 59 30 fut
1569 5892 155 30 nommé

732 5953 68 33 par
832 5951 68 24 son
937 5941 85 41 père
1053 5937 55 35 roi
1139 5934 227 35 d'Austrasie
1405 5930 23 33 à
1463 5929 13 33 l
1487 5931 70 38 Age
1587 5929 47 31 de
1668 5933 62 27 six

735 5992 240 53 ^bagobert,
1008 6014 164 31 quoique
1211 6010 79 33 très
1309 6007 123 37 dévot,
1460 6004 100 34 avait
1594 6000 141 44 épousé

735 6061 96 24 trois
851 6059 121 26 reines
990 6055 64 30 qui
1071 6050 189 35 trônaient
1287 6055 47 25 en
1360 6045 123 33 même
1504 6044 149 39 temps;
1673 6048 63 25 en-

735 6102 59 21 tre
812 6105 60 18 ses
893 6093 211 30 débauches
1123 6092 37 31 et
1187 6096 63 26 ses
1285 6084 227 35 assassinats
1540 6085 47 30 Ils
1607 6084 124 37 p-roté-

736 6139 100 24 geait
863 6137 52 26 les
955 6133 159 30 /U'lincs;
1137 6131 22 32 il
1188 6127 106 36 bâtit,
1314 6126 22 32 à
1354 6125 252 34 Saint-Denis,
1620 6124 37 28 la
1668 6122 58 29 cé-

735 6179 103 25 lèt'le
857 6176 142 28 abbaye
1023 6172 91 32 dont
1147 6167 139 37 l'église
1306 6165 139 36 devint,
1460 6162 23 32 à
1501 6169 43 24 sa
1562 6162 115 35 mort,
1698 6162 36 29 le

735 6217 175 22 tombeau
949 6222 65 17 .les
1049 6211 76 28 rois
1157 6209 46 30 de
1240 6207 150 31 France.
1412 6203 25 31 Il
1475 6203 101 30 avait
1606 6203 42 27 34
1666 6204 71 26 ans

736 6255 165 29 lorsqu'il
924 6254 57 30 fut
1003 6251 74 33 pris
1113 6248 47 33 do
1199 6246 36 33 la
1270 6242 252 42 dysscntcrie;
1560 6238 26 33 il
1609 6244 43 26 se
1689 6238 46 31 fit

737 6295 162 37 aussitôt
916 6289 230 45 transporter
1164 6287 94 34 dans
1277 6292 43 26 sa
1344 6282 110 34 chère
1479 6282 146 38 abbaye
1641 6282 51 29 où
1712 6282 26 29 il

742 6338 404 39 mourut.
1303 6362 75 6 ..

780 6375 152 38 L"c:gli:,i.:
954 6382 21 21 a
994 6367 154 35 canonié
1196 6366 34 37 ^
1230 6366 155 37 Dagobert

1486 6397 111 34 M.-L.
1617 6396 46 34 N.

740 6512 712 184 "L'INÉVITABLE
1488 6504 256 176 MAL"

790 6803 118 37 CVsl
941 6800 38 38 le
1010 6798 101 38 titre
1141 6794 106 40 d'un
1279 6791 112 41 livre
1417 6786 110 42 écrit
1557 6795 83 41 par
1657 6791 88 32 une

738 6856 180 32 femme,
942 6851 115 37 Rose
1077 6845 203 43 Romain,
1311 6851 88 31 une
1414 6839 330 45 inconnue,qui

740 6916 26 38 y
787 6903 79 39 mit
898 6898 299 44 visiblement,
1224 6893 97 40 tout
1349 6901 83 30 son
1451 6897 141 37 cœur,
1616 6886 128 39 toute

746 6965 50 28 sa
813 6953 827 43 détresse..

800 7003 115 37 C'est
944 7002 54 38 tic
1029 6997 190 41 l'amour
1247 6992 105 48 qu'il
1377 6990 143 50 s'agit,
1555 6997 114 33 mais
1689 6988 57 38 de

742 7055 186 31 l'amour
951 7051 123 35 triste
1084 7048 76 40 qui
1177 7046 109 40 rend
1306 7044 65 39 les
1386 7043 118 39 êtres
1521 7039 217 44 esclaves,

745 7103 76 50 qui
861 7102 63 40 les
963 7099 226 49 subjugue
1230 7104 106 30 sans
1369 7091 150 51 espoir
1550 7090 57 40 de
1634 7086 110 41 déli-

745 7163 181 35 vrance.

799 7205 129 36 C'psl,
968 7200 141 39 enfin,
1140 7195 217 40 l'histoire
1387 7194 132 39 d'une
1554 7192 187 38 humble

754 7254 204 42 créature
977 7249 76 48 qui
1074 7246 213 51 supporte
1307 7254 106 29 sans
1432 7239 182 46 révolte,
1634 7239 113 38 dans

750 7307 68 38 les
835 7305 163 40 larmes
1010 7301 43 39 et
1072 7298 64 41 les
1155 7298 358 47 gémissements,
1533 7295 213 47 caprices,

752 7357 257 43 désordres,
1024 7348 263 52 tromperies
1301 7347 43 40 et
1355 7343 242 54 jusqu'aux
1608 7350 140 39 coups

751 7412 57 40 de
829 7409 46 39 !
875 7409 165 39 homme
1057 7399 158 54 qu'elle
1241 7399 136 41 adore
1406 7398 343 47 inguérissable-

749 7461 138 43 meiit.

804 7514 59 36 La
896 7508 86 42 fille
1018 7506 55 42 de
1105 7513 49 35 ce
1180 7499 159 51 couple
1368 7495 301 46 tumultueux,
1690 7503 58 32 au

747 7569 136 33 jeune
912 7571 126 31 cirtir
1067 7556 121 43 mûri
1225 7565 109 31 sous
1367 7550 136 52 l'Apre
1539 7548 125 40 soleil
1693 7548 56 39 de

750 7612 308 38 l'indignation
1085 7610 45 38 et
1158 7609 57 39 de
1245 7605 42 39 la
1316 7603 147 43 haine,
1497 7600 168 39 témoin
1686 7600 62 36 du

752 7667 106 34 long
886 7662 172 39 martyr
1073 7659 56 39 de
1157 7668 50 28 sa
1235 7655 140 44 mère,
1403 7663 27 28 a
1445 7649 102 52 juré
1565 7657 88 40 que
1669 7648 79 38 nul

755 7718 159 35 maître
949 7699 54 52 ne
1003 7699 74 52 la
1105 7704 267 47 dominerait
1399 7701 28 43 à
1456 7711 82 31 son
1571 7699 117 47 tour,
1704 7699 44 40 et

753 7771 112 35 dans
889 7778 79 25 son
1000 7765 165 39 ardeur
1182 7761 27 40 à
1238 7759 92 41 fuir
1354 7757 13 40 l
1384 7752 236 44 inévitable
1640 7751 103 47 mal,

751 7819 82 35 elle
870 7816 206 38 voudrait
1112 7813 227 39 entraîner
1373 7817 73 29 ses
1480 7804 158 44 amies,
1672 7811 73 30 ses

751 7875 285 29 compagnes,
1058 7863 145 40 toutes
1231 7859 132 42 celles
1383 7855 75 48 qui
1478 7852 177 44 ouirent
1672 7861 74 31 ses

749 7917 358 44 lamentations...
1128 7911 295 45 inutilement,
1444 7904 238 48 d'ailleurs,
1703 7902 42 42 la

751 7970 176 40 Fatalité
960 7978 54 27 ne
1047 7976 49 28 se
1122 7964 132 39 laisse
1287 7973 80 39 pas
1394 7959 242 40 détourner
1662 7965 84 42 par

753 8020 80 37 des
851 8017 184 50 prières.

803 8067 33 41 Il
857 8078 26 32 y
913 8078 39 32 a,
979 8074 54 30 en
1069 8071 48 32 ce
1152 8060 195 46 volume,
1365 8067 88 43 que
1485 8054 258 54 n'appuyait

754 8128 172 33 aucune
957 8124 217 36 annonce,
1203 8122 175 31 aucune
1410 8108 191 42 réclame
1641 8117 105 42 pro-

758 8167 299 40 fessionnelle,
1077 8166 43 39 et
1135 8164 76 46 qui
1233 8164 92 40 s'en
1347 8160 147 41 venait
1523 8159 112 41 tout
1635 8159 113 41 dou-

760 8221 190 42 cement,
972 8219 54 38 de
1046 8214 224 49 province,
1292 8223 102 30 vers
1414 8211 138 47 Paris,
1571 8208 178 55 portant

759 8283 56 30 au
832 8270 176 42 hasard.
1029 8267 13 40 1
1058 8267 110 40 écho
1187 8266 54 40 de
1261 8275 81 30 son
1374 8261 217 42 souffrant
1604 8261 143 51 pessi-

763 8323 161 41 misme
944 8321 24 39 il
996 8318 189 47 quelque
1213 8317 102 41 âme
1340 8312 299 48 accueillante,
1658 8321 90 33 une

759 8374 101 38 telle
879 8371 224 40 franchise
1121 8379 160 31 encore
1299 8365 233 50 saignante
1548 8364 81 41 des
1646 8363 102 41 cha-

761 8422 124 41 grins
907 8421 149 42 vécus,
1067 8420 44 37 et
1123 8420 112 39 dans
1253 8418 66 38 les
1337 8415 333 48 inexpériences
1691 8413 58 40 de

760 8461 331 56 l'agencement,
1135 8468 112 40 dans
1290 8465 44 42 la
1378 8463 232 51 répétition
1666 8463 81 42 des

761 8521 173 42 mêmes
954 8520 202 46 plaintes,
1173 8517 259 42 maladroite
1450 8517 45 42 et
1509 8515 240 43 touchante

759 8583 176 31 comme
955 8569 40 38 le
1032 8568 320 39 balbutiement
1380 8569 55 37 de
1461 8567 45 39 la
1538 8565 204 46 douleur,

762 8634 90 33 une
871 8620 99 41 toile
990 8616 205 41 sincérité
1223 8625 191 42 presque
1432 8624 195 41 sauvage
1643 8612 106 54 qu'il

763 8678 77 39 eût
863 8673 103 42 fallu
985 8671 39 41 êt
1032 8680 44 30 re
1096 8667 102 41 bien
1213 8665 241 43 insensible
1464 8676 116 42 pour
1595 8675 57 31 ne
1667 8675 83 42 pu

759 8727 209 39 s'arrêter
986 8719 216 48 quelques
1221 8717 223 40 moments
1461 8726 28 30 à
1503 8716 131 41 rêver
1656 8716 94 39 très

757 8767 455 57 mélancoliquement
1242 8776 80 31 sur
1345 8775 73 32 ses
1446 8775 137 43 pages
1611 8765 141 42 refer-

757 8832 140 45 mées.

807 8885 190 35 Amour,
1018 8883 164 35 amour
1191 8869 209 49 qu'est-tu
1422 8869 117 41 donc
1549 8868 204 43 devenu?

809 8937 132 35 Libre
966 8934 121 38 force
1116 8926 56 41 de
1199 8923 44 42 la
1262 8921 181 47 Nature,
1472 8920 141 42 douce
1628 8918 125 54 puis-

757 8999 132 24 sance
899 8976 354 47 harmonisante,
1263 8972 126 44 divin
1402 8970 254 53 régulateur
1671 8971 82 46 des

757 9039 125 34 âmes
901 9044 163 28 encore
1097 9031 222 41 informes
1342 9023 47 42 et
1410 9021 346 43 soudainement

756 9089 226 39 modelées
1001 9087 45 36 et
1078 9078 200 48 colorées
1303 9075 29 44 à
1362 9073 44 44 la
1441 9071 198 51 chaleur,
1667 9071 30 44 à
1711 9071 45 44 la

756 9141 188 38 lumière
977 9140 56 39 de
1052 9137 45 41 ta
1115 9135 200 43 flamme,
1334 9126 196 52 engrené
1546 9126 115 42 dans
1687 9126 68 41 les

754 9191 341 39 complications
1114 9187 58 43 de
1189 9183 46 43 la
1260 9178 180 50 société,
1458 9177 222 53 dépouillé
1697 9177 59 42 de

754 9242 50 44 ta
818 9242 114 44 belle
952 9234 298 62 spontanéité,
1278 9230 58 46 de
1366 9230 46 42 ta
1432 9228 160 56 pu»*

754 9292 92 44 lue,
862 9296 50 40 tu
930 9294 42 42 te
990 9300 132 36 mues
1138 9298 62 36 en
1214 9282 110 48 fatal
1330 9282 120 44 fléau
1462 9278 194 58 puisque
1670 9276 86 46 Aea

959 9357 7 14 -
1163 9339 91 39 llaa
1276 9336 60 42 di
1367 9335 23 43 t
1399 9335 222 43 aMendre
1630 9335 49 42 et
1693 9335 62 41 de

1821 1878 72 19 ...<
2004 1869 40 23 -*»
2058 1865 27 22 •
2099 1863 56 35 11,"
2190 1870 76 28 i...
2291 1878 7 6 -
2313 1871 77 21 •rtN»
2444 1883 7 3 -
2729 1873 57 22 .--ç

1776 1918 224 32 rayonner
2016 1908 60 41 du
2095 1904 347 52 pressentiment
2458 1904 58 42 de
2540 1904 47 42 ta
2600 1912 161 39 venue,

1778 1958 126 42 telles
1934 1958 66 41 les
2033 1957 178 51 vierges
2240 1956 227 51 rustiques
2501 1955 80 41 des
2608 1954 156 42 scènes

1779 2019 220 40 grecques
2027 2019 49 30 se
2093 2007 267 41 détournent
2385 2007 57 41 de
2463 2006 63 40 toi
2548 2015 108 31 avec
2685 2006 66 40 des
2751 2006 33 40 -

1780 2061 90 39 cris
1885 2061 44 39 et
1946 2061 57 39 de
2020 2059 43 40 la
2085 2058 193 41 terreur!

1830 2110 136 47 Tous,
2002 2109 207 41 homnfes
2244 2106 44 42 et
2314 2107 206 49 femmes,
2549 2114 115 31 nous
2694 2103 73 41 de-

1781 2161 221 42 mandons
2033 2160 101 45 trop
2160 2158 28 41 à
2220 2157 189 42 l'amour
2425 2166 58 30 ou
2518 2155 100 50 trop
2647 2163 101 42 peu.

1782 2213 125 40 Nous
1935 2211 337 41 embarrassons
2301 2217 51 30 sa
2369 2206 182 40 marche
2565 2205 57 41 de
2641 2203 127 40 mille

1783 2261 264 44 sentiments
2073 2258 272 44 accessoires
2367 2256 75 49 qui
2466 2252 226 44 retardent
2717 2262 50 30 sa

1783 2324 158 31 course
1950 2321 175 32 comme
2136 2321 74 31 ces
2225 2308 163 42 herbes
2395 2305 200 42 marines
2609 2303 158 42 enche-

1784 2365 172 40 vêtrées
1973 2363 28 39 à
2017 2362 44 40 la
2083 2360 159 42 caréne
2264 2358 106 40 d'un
2389 2357 153 40 navire
2563 2356 44 39 et
2623 2364 56 30 en
2697 2363 69 29 ra-

1783 2413 239 41 lentissons
2040 2411 42 40 la
2099 2419 159 41 vogue.

2263 2479 19 20 <t

2245 2515 18 18 *
2280 2514 18 18 *

1831 2561 34 40 Il
1892 2559 176 42 existait
2107 2559 112 39 dans
2265 2554 219 41 l'Univers
2517 2561 88 29 une
2647 2550 119 38 force

1780 2609 273 40 magnifique
2080 2604 245 38 aimantant
2354 2602 63 40 les
2445 2601 117 41 êtres
2595 2599 64 40 les
2681 2607 86 30 uns

1778 2672 104 27 vers
1910 2660 64 39 les
2013 2658 151 40 autres
2196 2665 115 34 pour
2347 2647 421 52 l'épanouissement

1778 2708 192 40 complet
1986 2708 56 38 de
2066 2706 97 38 leur
2184 2701 305 41 individualité
2524 2697 167 40 morale
2723 2697 45 38 et

1777 2758 234 37 physique,
2032 2764 56 31 en
2119 2762 161 35 moyen
2309 2748 210 47 suprême
2536 2747 55 40 de
2613 2746 63 40 les
2696 2755 70 30 ra-

1777 2819 155 27 mener
1948 2807 114 41 tous,
2083 2814 107 30 sous
2205 2805 43 37 la
2261 2799 275 43 domination
2551 2797 55 40 de
2625 2807 51 29 sa
2690 2795 74 47 loi,

1775 2859 29 34 à
1817 2869 88 29 une
1923 2853 268 45 infrangible
2208 2850 159 47 égalité
2386 2850 44 40 et
2446 2859 57 29 au
2523 2846 243 42 sentiment

1777 2911 55 39 de
1859 2908 43 40 la
1929 2906 166 40 Nature
2120 2903 142 52 perdu
2293 2899 144 53 parmi
2456 2896 230 43 l'artificiel
2711 2897 55 39 de

1776 2959 42 41 la
1834 2956 264 43 civilisation
2115 2956 9 38 1

1826 3011 124 37 Nous
1975 3007 213 44 exigeons
2208 3004 29 42 à
2270 3001 180 48 présent
2481 3001 57 40 de
2566 2998 62 42 lui
2661 3008 59 40 qu
2737 2998 29 39 il

1777 3073 114 24 nous
1925 3059 183 42 apporte
2142 3057 65 40 les
2248 3053 298 42 satisfactions
2579 3051 55 38 de
2669 3049 97 39 l'or-

1777 3111 118 40 gueil
1915 3111 44 40 et
1987 3111 55 39 de
2060 3109 42 40 la
2129 3107 190 42 fortune.
2339 3103 35 42 Il
2393 3102 93 42 doit
2512 3111 47 31 se
2583 3099 184 52 présen-

1778 3168 68 37 ter
1875 3175 89 30 non
1998 3160 101 45 plus
2124 3169 108 32 avec
2265 3168 82 30 son
2379 3166 76 30 arc
2491 3149 273 50 redoutable,

1779 3217 114 38 mais
1925 3213 153 40 tenant
2112 3211 124 41 entre
2272 3219 73 30 ses
2379 3208 144 38 mains
2556 3203 209 41 domesti-

1779 3267 137 38 quées
1945 3274 88 30 une
2066 3260 207 43 corbeille
2306 3257 184 47 remplie
2520 3256 55 39 de
2603 3253 165 40 solides

1779 3319 122 37 écus,
1939 3316 56 40 de
2032 3313 124 41 croix
2172 3312 44 41 et
2251 3311 55 40 de
2342 3310 113 41 bons
2482 3303 286 53 parchemins

1780 3369 76 54 qui
1888 3363 226 49 signifient
2132 3365 229 41 honneurs
2385 3360 45 43 et
2451 3356 158 43 hautes
2631 3354 137 42 situa-

1780 3422 133 39 tions.

1833 3472 124 39 Nous
1975 3479 57 30 ne
2060 3467 203 40 l'aimons
2282 3472 191 39 presque
2517 3461 101 50 plus
2655 3467 116 41 pour

1783 3521 230 40 lui-même
2023 3519 45 42 et
2083 3517 37 42 si
2147 3515 321 46 quelques-uns
2494 3513 62 39 lui
2580 3509 189 42 rendent

1784 3574 167 40 parfois
1969 3581 160 32 encore
2147 3569 69 40 cet
2231 3569 239 44 hommage
2488 3563 56 41 de
2564 3561 42 42 le
2622 3559 149 55 placer

1784 3625 243 37 au-dessus
2057 3622 55 38 de
2143 3618 112 44 tout,
2293 3617 55 39 ils
2383 3612 213 50 l'égarent
2623 3620 57 31 en
2707 3620 61 29 un

1785 3674 106 40 rêve
1909 3671 183 43 maladif
2106 3680 58 31 ou
2180 3667 157 47 puéril,
2357 3665 63 41 lui
2445 3660 237 44 arrachent
2697 3669 73 31 ses

1787 3726 121 38 sains
1937 3720 209 44 attributs
2172 3723 57 37 :la
2247 3717 179 45 famille,
2461 3715 41 39 la
2520 3712 247 44 maternité,

1786 3777 44 37 la
1855 3776 89 38 joie
1983 3773 192 41 d'élever
2216 3771 78 39 des
2327 3766 177 43 enfants
2534 3765 145 39 beaux
2713 3762 56 40 de

1787 3837 145 28 corps,
1953 3826 55 38 de
2023 3833 136 31 cœur,
2179 3819 182 45 d'esprit
2375 3818 43 39 et
2433 3825 55 31 ne
2503 3815 62 39 lui
2584 3812 185 41 laissent

1787 3887 87 33 que
1892 3875 194 45 l'unique
2101 3870 235 43 exaltation
2353 3865 245 55 psychique
2611 3863 44 41 et
2669 3872 101 30 sen-

1787 3927 139 42 suelle
1942 3925 113 43 ainsi
2074 3921 129 48 qu'ils
2221 3918 363 46 ébrancheraient
2616 3924 58 32 un
2695 3924 71 30 ar-

1788 3982 80 36 bre
1884 3981 56 37 de
1967 3989 72 29 ses
2067 3985 214 31 rameaux
2313 3974 226 39 donneurs
2571 3967 199 40 d'ombre

1789 4041 115 27 pour
1923 4029 40 39 le
1981 4025 224 43 convertir
2211 4034 56 30 en
2287 4023 169 40 bizarre
2467 4016 170 52 végétal
2656 4016 114 39 n'ar-

1791 4079 158 42 borant
1964 4077 102 44 qu'à
2085 4087 82 31 son
2187 4072 193 44 sommet
2397 4081 61 30 un
2481 4068 199 53 panache
2716 4066 56 40 de

1789 4135 192 39 verdure
1993 4126 301 47 ornementale
2311 4137 11 37 ;
2351 4123 101 42 d'où
2478 4123 64 39 les
2563 4119 207 53 passions

1788 4186 166 39 vouées
1974 4184 85 40 soit
2082 4182 28 40 à
2143 4191 62 29 un
2224 4184 295 41 romanesque
2540 4176 148 39 héros,
2710 4172 61 36 té-

1789 4248 85 25 nor
1885 4247 55 26 ou
1959 4233 143 40 soldat
2119 4231 76 43 qui
2219 4229 70 38 n'a
2321 4227 102 39 bien
2439 4223 191 40 souvent
2648 4223 28 36 d
2693 4223 77 35 'hé-

1789 4289 155 35 roïque
1953 4294 87 30 que
2053 4282 40 42 le
2111 4281 217 43 costume,
2353 4275 85 42 soit
2455 4285 27 29 a
2502 4273 28 41 d
2546 4272 222 48 'étranges,

1789 4342 56 31 de
1863 4336 323 41 prétentieuses
2209 4330 225 43 créatures
2468 4323 108 44 dont
2605 4322 165 50 l'origi-

1787 4389 133 39 nalité
1939 4398 56 28 ne
2011 4396 48 30 se
2072 4392 210 36 compose
2298 4380 136 48 guère
2453 4385 87 39 que
2567 4375 28 39 d
2610 4382 160 31 excen-

1787 4438 166 37 tricités
1967 4434 271 40 extérieures
2259 4432 57 39 de
2331 4427 248 42 vêtements
2594 4432 58 30 ou
2670 4427 28 33 d
2713 4427 59 33 al-

1787 4491 136 39 lures,
1934 4488 44 42 et
1990 4487 100 41 tous
2099 4481 197 46 d'autant
2311 4478 101 52 plus
2427 4473 254 46 décevants,
2691 4481 82 42 par

1786 4554 89 29 une
1887 4541 121 46 juste
2027 4533 347 54 compensation,
2406 4538 87 42 que
2520 4528 98 39 leur
2635 4533 135 50 appa-

1785 4603 132 30 rence
1933 4589 236 48 annonçait
2195 4586 56 40 de
2292 4587 273 36 savoureuse
2583 4585 190 41 origina-

1785 4644 90 45 lité,
1897 4643 56 39 de
1967 4640 114 53 joies
2099 4635 224 43 raffinées.

1835 4695 69 35 Ou
1933 4693 103 37 bien
2067 4698 117 32 nous
2215 4684 202 45 envions,
2437 4681 56 40 de
2523 4679 97 41 tout
2647 4679 127 37 notre

1784 4745 123 40 désir
1936 4744 44 38 la
2008 4739 198 43 destinée
2240 4738 80 41 des
2353 4731 177 44 amants
2561 4730 56 41 de
2649 4728 42 41 la
2711 4728 62 39 lé-

1783 4797 146 36 gende
1946 4794 45 39 et
2007 4793 40 38 le
2065 4791 140 39 calme
2226 4789 55 38 de
2308 4795 82 29 nos
2421 4784 211 46 ménages
2657 4788 116 28 nous

1783 4854 138 33 navre
1946 4840 164 43 devant
2137 4831 378 47 l'éblouissement
2546 4831 56 38 de
2621 4831 153 37 certai-

1781 4907 82 32 nes
1885 4893 254 44 aventures.

1830 4946 188 35 L'union
2035 4944 58 36 de
2125 4941 45 40 la
2203 4940 167 40 femme
2402 4935 45 41 et
2480 4934 57 40 de
2556 4933 16 40 1
2587 4933 185 40 homme

1781 4996 190 40 s'alliant
1984 5006 56 30 en
2069 5002 90 32 vue
2191 4990 55 40 de
2271 4985 269 51 poursuivre
2565 4983 43 39 le
2625 4979 149 42 même

1782 5049 96 34 but,
1898 5045 188 40 poussés
2101 5053 83 30 par
2214 5040 43 42 la
2283 5037 147 44 même
2461 5034 61 43 foi
2542 5045 11 38 ;
2571 5034 203 41 heureux

1782 5105 56 33 de
1867 5100 128 38 subir
2019 5099 80 39 des
2128 5096 191 40 chances
2348 5091 44 41 et
2410 5089 80 42 des
2516 5083 258 53 désespoirs

1782 5152 267 34 identiques,
2085 5144 173 37 est-elle
2295 5151 101 30 rare
2410 5141 10 36 1
2454 5141 69 38 On
2565 5137 209 39 s'associe

1785 5201 177 37 surtout
1991 5199 113 36 dans
2138 5191 245 44 l'intention
2416 5186 222 44 d'obtenir
2673 5184 103 50 plus

1785 5250 253 39 facilement
2051 5249 27 40 à
2096 5249 118 39 deux
2229 5254 49 31 ce
2293 5252 88 37 que
2395 5240 43 41 la
2449 5239 72 43 vie
2535 5236 107 53 peut
2659 5244 116 33 vous

1783 5304 213 38 accorder
2021 5295 297 47 d'immédiats
2353 5291 223 45 résultats,
2602 5287 174 52 réputa-

1783 5358 93 34 tion
1903 5366 57 25 ou
1981 5353 200 36 richesse
2208 5357 106 32 sans
2337 5343 127 44 autre
2479 5340 177 44 tension
2671 5347 105 33 vers

1784 5419 62 29 un
1873 5405 113 42 idéal
2011 5403 103 45 plus
2139 5398 183 42 lointain
2351 5395 134 51 qu'on
2515 5390 263 43 n'atteindra

1783 5470 95 26 pas,
1898 5467 106 29 sans
2030 5452 154 44 doute,
2196 5448 115 44 mais
2328 5447 111 41 dont
2463 5455 58 32 on
2539 5447 109 49 peut
2664 5450 112 32 ima-

1782 5513 130 38 giner
1928 5510 43 41 la
1984 5505 252 45 réalisation
2251 5500 194 44 certaine
2459 5508 117 43 pour
2587 5505 73 31 ses
2677 5494 100 41 des-

1783 5562 230 48 cendants,
2045 5559 66 40 les
2137 5553 333 43 continuateurs
2507 5549 58 40 de
2591 5549 187 37 l'œuvre

1783 5611 260 55 entreprise'
2291 5656 9 10 ,
2364 5655 10 9 .
2571 5645 178 13 ...

1833 5665 117 37 C'est
1979 5658 250 44 cependant
2262 5666 131 36 ainsi,
2427 5663 57 31 en
2524 5649 163 43 faisant
2723 5649 57 38 de

1783 5718 191 34 l'amour
1989 5715 42 37 le
2048 5711 133 41 noble
2198 5709 46 40 et
2258 5709 122 39 doux
2397 5701 230 44 auxiliaire
2647 5700 29 37 d
2691 5705 89 31 une

1785 5769 72 33 vie
1875 5762 237 38 consacrée
2129 5760 29 40 à
2176 5768 88 31 une
2299 5755 136 42 haute
2457 5752 100 40 idée
2575 5750 29 40 d
2620 5750 161 38 huma-

1785 5819 107 39 nité,
1915 5818 56 40 de
1989 5815 189 41 science,
2198 5808 128 47 d'art,
2355 5804 134 52 qu'on
2516 5800 108 53 peut
2651 5800 42 38 le
2711 5805 71 31 re-

1786 5870 119 35 tenir
1918 5868 46 37 et
1989 5864 149 41 même
2169 5859 64 41 lui
2263 5863 242 34 conserver
2543 5861 73 29 ses
2659 5856 124 31 élans

1788 5916 283 34 passionnés,
2101 5910 191 40 puisque
2323 5905 127 41 vivre
2483 5904 113 38 dans
2628 5904 42 35 le
2705 5904 79 33 do-

1791 5970 149 33 maine
1954 5967 57 36 de
2025 5956 357 47 l'intellectualité
2399 5953 110 40 c'est
2528 5959 126 32 vivre
2671 5948 113 40 dans

1791 6014 365 39 l'enthousiasme
2172 6018 106 30 sans
2297 6013 127 32 cesse
2442 6001 240 41 renouvelé
2705 6007 82 40 par

1793 6068 66 36 les
1887 6061 291 42 découvertes
2195 6057 28 40 à
2239 6054 173 46 l'infini,
2432 6051 106 41 c'est
2555 6059 103 31 oser
2675 6057 112 31 vou-

1795 6117 85 39 loir
1895 6113 219 43 atteindre
2131 6105 183 51 jusqu'à
2337 6104 43 42 la
2398 6102 133 47 mort,
2552 6110 105 31 sans
2682 6108 105 30 con-

1795 6168 144 36 nattre
1960 6166 44 38 la
2020 6162 134 42 chûte
2171 6161 82 41 des
2269 6156 219 46 illusions,
2508 6154 42 40 le
2568 6154 150 48 regret
2731 6154 57 36 de

1797 6219 131 36 s'être
1945 6214 191 42 trompé,
2157 6221 106 30 sans
2279 6207 99 41 voir
2407 6206 43 40 la
2465 6207 213 48 jeunesse
2695 6202 93 38 dis-

1796 6269 206 51 paraître,
2037 6265 42 41 la
2114 6259 159 46 beauté
2305 6256 123 43 aussi
2465 6255 45 41 et
2535 6254 43 41 la
2605 6260 183 45 passion

1796 6331 110 33 avec
1923 6319 121 41 elles.

2295 6377 19 18 *

2277 6410 21 20 *
2312 6410 20 20 •

1850 6474 127 37 Ainsi
2005 6466 345 42 diminueraient
2365 6464 66 40 les
2457 6460 246 45 abandons,
2725 6457 63 41 les

1801 6525 275 37 séparations
2127 6520 208 41 odieuses
2383 6514 77 48 qui
2507 6510 184 41 laissent
2734 6509 56 39 de

1799 6580 120 31 deux
1937 6576 117 38 êtres
2070 6571 118 43 jadis
2208 6575 250 36 amoureux
2481 6562 15 40 1
2513 6572 75 37 un,
2608 6560 182 51 amputé

1800 6627 238 40 d'énergie,
2070 6622 174 41 d'envie
2277 6620 57 42 de
2363 6617 140 46 vivre,
2536 6613 44 43 et
2616 6612 14 40 1
2643 6612 144 45 autre,

1799 6684 43 33 la
1888 6679 263 36 conscience
2199 6673 109 42 salie
2355 6670 132 41 d'une
2533 6665 121 42 faute
2697 6673 91 39 qui,

1799 6732 150 35 même
1977 6730 113 37 dans
2117 6726 65 41 les
2207 6721 329 44 circonstances
2554 6717 58 39 où
2633 6715 42 39 le
2693 6723 98 31 sen-

1797 6781 160 40 timent
1989 6791 58 30 ne
2067 6780 106 41 joue
2191 6774 103 47 plus
2311 6781 146 32 aucun
2475 6767 107 47 rôle,
2603 6765 187 41 obscur-

1798 6835 59 41 cit
1875 6835 56 40 de
1965 6843 51 29 sa
2050 6830 129 41 tache
2205 6831 42 36 la
2274 6823 189 42 lumière
2493 6826 163 44 quune
2688 6819 102 36 âme

1798 6884 170 51 répand
1987 6881 164 43 autour
2168 6876 142 43 d'elle.

1846 6930 275 40 L'infidélité,
2141 6951 53 8 —
2221 6926 114 42 cette
2360 6920 217 44 infidélité
2605 6928 77 41 qui
2713 6916 77 40 tue

1798 6988 43 32 la
1854 6985 126 38 triste
1999 6984 166 39 épouse
2195 6979 61 41 du
2285 6985 158 33 roman
2471 6973 56 41 de
2558 6970 117 41 Rose
2707 6968 83 39 Ro-

1797 7039 122 34 main
1947 7057 53 8 —
2018 7029 279 43 deviendrait
2320 7026 148 42 moins
2500 7021 232 51 fréquente
2751 7027 37 30 si

1799 7089 170 31 chacun
1988 7081 183 44 pouvait
2197 7081 185 39 trouver
2395 7079 113 39 dans
2535 7072 123 40 l'être
2671 7071 118 38 aimé

1799 7136 177 42 l'attrait
2005 7130 216 48 spirituel,
2241 7127 156 45 autant
2428 7126 44 42 et
2489 7123 102 55 plus
2611 7128 175 38 encore,

1799 7190 113 49 l'âge
1930 7186 179 46 venant,
2130 7193 86 41 que
2231 7181 179 40 l'attrait
2426 7176 197 41 charnel.

1849 7239 63 34 De
1961 7246 74 27 ces
2079 7231 326 42 circonstances
2445 7225 262 48 passagères
2748 7224 43 36 la

1801 7291 167 34 femme
2003 7297 55 28 en
2088 7279 283 46 éprouverait
2392 7275 222 50 peut-être
2643 7271 146 42 moins

1800 7336 290 42 cruellement
2106 7335 42 42 la
2166 7329 310 47 mortification
2496 7328 53 48 si,
2565 7323 225 53 éteignant

1801 7404 83 20 son
1901 7395 340 34 amour-propre
2258 7384 44 40 et
2323 7379 247 44 admettant
2585 7376 205 42 combien

1800 7454 117 25 nous
1944 7448 198 28 sommes
2167 7433 197 43 asservis
2389 7442 90 30 aux
2505 7427 286 43 commande-

1801 7493 148 39 ments
1968 7492 55 40 de
2052 7489 43 42 la
2131 7487 181 45 Nature,
2358 7481 82 43 elle
2471 7480 65 41 les
2565 7477 149 53 voyait
2739 7487 51 31 ce

1801 7544 181 39 qu'elles
1998 7541 103 42 sont
2129 7551 56 32 en
2215 7535 166 48 réalité,
2401 7533 103 42 bien
2535 7530 147 42 moins
2710 7530 80 39 des

1800 7597 227 33 trahisons
2060 7602 88 32 que
2179 7590 41 40 le
2247 7585 222 49 triomphe
2497 7583 79 39 des
2608 7581 83 40 lois
2710 7589 79 31 vo-

1801 7646 259 37 luptuaires,
2106 7635 302 46 irrésistibles,
2461 7632 199 50 agissant
2712 7639 80 29 sur

1800 7693 261 37 l'humanité
2088 7701 117 32 pour
2221 7688 43 42 la
2291 7693 209 35 ramener
2513 7693 29 30 à
2564 7681 113 40 cette
2695 7689 96 30 ani-

1799 7750 151 39 malité
2003 7744 99 45 tout
2157 7738 254 48 ensemble,
2464 7733 238 55 grandiose
2747 7731 44 41 et

1798 7800 244 40 effrayante
2065 7807 55 31 en
2151 7794 76 44 qui
2246 7793 67 40 les
2326 7791 117 41 êtres
2463 7798 48 30 se
2529 7787 260 39 retrouvent

1798 7854 147 49 égaux
1960 7856 176 34 comme
2154 7843 113 43 dans
2293 7842 43 40 la
2350 7838 134 43 mort.

1850 7904 115 38 Sans
1996 7900 41 42 le
2055 7892 309 50 comprendre,
2398 7890 43 42 la
2476 7889 166 41 femme
2669 7888 122 38 subit

1797 7968 52 23 ce
1879 7955 153 36 retour
2061 7952 29 39 à
2127 7945 254 46 l'animalité
2406 7942 124 42 saine
2559 7940 45 40 et
2629 7940 161 39 bonni-

1798 8007 136 36 flante
1951 8014 82 29 par
2049 7995 334 48 l'enfantement
2397 7994 45 40 et
2472 7989 316 43 l'allaitement.

1800 8057 60 39 Sa
1875 8056 90 40 joie
1987 8051 269 45 instinctive,
2283 8042 301 54 lorsqu'après
2607 8041 65 40 les
2706 8041 85 39 ter-

1798 8109 135 40 ribles
1976 8105 228 44 douleurs,
2256 8099 82 45 elle
2388 8094 196 55 aperçoit
2625 8094 164 51 auprès

1799 8161 127 37 d'elle
1943 8160 43 38 la
2010 8158 135 40 petite
2162 8155 202 42 créature
2378 8150 77 48 qui
2481 8147 123 43 vient
2619 8147 56 39 de
2693 8147 96 37 naî-

1798 8213 83 41 tre,
1912 8208 214 44 n'est-elle
2153 8205 127 49 point
2307 8199 181 55 pareille
2517 8199 27 40 à
2573 8196 107 42 celle
2709 8196 81 40 des

1800 8265 167 38 douces
1999 8260 125 43 bêtes
2153 8260 247 40 heureuses
2429 8252 56 42 de
2514 8252 100 40 leur
2637 8252 154 51 portée

1799 8325 59 27 ou
1877 8313 56 39 de
1955 8313 101 39 leur
2071 8311 183 41 couvée,
2275 8307 44 42 et
2347 8304 44 42 la
2416 8304 160 41 félicité
2595 8311 76 41 qui
2693 8301 99 39 illu-

1799 8367 123 35 mine
1949 8364 42 41 le
2004 8363 155 42 visage
2181 8360 82 42 des
2294 8357 149 42 mères
2465 8355 56 41 de
2538 8363 76 31 ces
2630 8350 160 42 clartés

1799 8416 134 38 qu'on
1967 8413 179 41 croirait
2185 8419 58 31 ne
2284 8406 193 48 pouvoir
2515 8403 277 47 contempler

1800 8475 88 30 que
1913 8474 82 31 sur
2018 8463 45 42 la
2089 8462 97 42 face
2207 8459 80 43 des
2305 8456 98 43 élus
2431 8464 91 32 aux
2547 8453 164 41 délices
2729 8452 61 37 du

1800 8516 200 39 Paradis,
2013 8514 167 41 quand,
2196 8520 117 35 pour
2322 8508 66 43 les
2413 8506 245 49 premières
2685 8503 101 46 fois,

1801 8578 51 30 se
1869 8567 110 40 colle
1994 8567 28 39 à
2049 8565 100 41 leur
2164 8563 97 40 sein
2291 8559 149 48 gonflé
2456 8559 58 40 de
2544 8553 155 54 plaisir
2713 8562 81 30 au-

1801 8616 96 41 tant
1913 8625 88 32 que
2019 8615 56 42 de
2102 8613 92 44 lait,
2227 8610 44 43 la
2295 8609 176 41 bouche
2485 8607 62 40 du
2569 8611 226 34 nouveau-

1800 8669 74 39 né,
1902 8665 214 44 irest-elle
2144 8674 83 35 par
2251 8660 123 48 celle,
2404 8660 80 42 des
2505 8657 117 44 êtres
2637 8655 45 42 et
2713 8655 80 40 des

1801 8720 162 37 choses
1985 8719 205 38 heureux
2216 8714 57 41 de.
2297 8712 129 41 vivre
2453 8710 46 41 et
2525 8709 57 40 de
2609 8707 187 50 remplir

1802 8769 68 41 les
1890 8767 223 42 fonctions
2138 8773 118 44 pour
2273 8759 237 54 lesquelles
2540 8758 58 41 ils
2621 8755 102 43 sont
2736 8765 59 31 au

1802 8818 199 45 monde?

1856 8870 250 46 L'homme,
2135 8866 80 50 lui,
2233 8865 179 53 n'ayant
2436 8862 129 56 point
2585 8871 76 35 ces
2679 8861 118 43 déri-

1803 8922 152 44 vatifs,
1970 8920 110 43 tend
2095 8918 29 43 à
2137 8917 243 52 multiplier
2395 8916 126 43 l'acte
2545 8916 78 49 qui
2649 8916 43 42 le
2711 8916 87 40 rat-

1806 8974 131 43 tache
1952 8970 32 44 à
2006 8971 45 43 la
2066 8970 126 44 vade
2208 8972 46 40 et
2282 8968 297 44 fermentante
2596 8967 200 43 matière.

1814 9051 21 19 .
1856 9025 88 44 Car
1959 9022 39 44 si
2012 9020 115 45 celui
2141 9022 79 48 qui
2252 9021 102 42 aent
2377 9020 191 43 l'amour
2589 9017 210 52 pénétrer

1805 9086 85 34 son
1907 9085 141 35 oœar.
2071 9083 53 34 se
2151 9071 265 51 méprenant
2431 9071 29 43 à
2476 9071 44 44 la
2541 9068 257 45 nouveauté

1805 9128 58 43 de
1890 9137 77 34 ses
1986 9125 282 48 seotimeou,
2283 9124 70 43 est
2366 9124 86 43 Oer
2475 9123 47 44 et
2542 9122 113 44 croit
2675 9120 123 44 I"étm

1801 9188 139 36 parce
1957 9187 90 37 que
2072 9186 58 33 «a
2151 9175 182 49 passion
2351 9174 42 44 le
2407 9175 228 49 distingue
2649 9172 57 44 de
2721 9182 77 34 ses

1804 9222 289 50 !OE.
2102 9225 36 47 il
2164 9226 171 45 sentira
2364 9225 173 45 bientôt
2561 9222 236 47 Iui..même

1803 9291 91 34 que
1911 9280 117 45 cette
2057 9270 222 56 Uti-li
2303 9276 124 45 Tient
2452 9274 59 47 de
2538 9286 54 34 se
2612 9276 188 46 trouver

1794 9330 330 48 BanUkMu,
2136 9324 140 50 d'ttre
2286 9328 194 46 und"
2498 9326 170 46 cou"
2682 9336 116 34 au

2814 1906 46 42 la
2868 1906 98 40 bise
2982 1904 56 42 de
3052 1902 46 42 la
3112 1902 180 53 passion
3308 1910 178 34 comme
3500 1898 104 42 tons

2817 1960 55 40 de
2892 1956 44 42 la
2949 1954 162 54 prairie
3127 1953 226 42 humaine.

2866 2010 61 37 Le
2953 2006 219 41 contraire
3200 2004 56 42 de
3291 2002 111 42 cette
3437 1997 270 44 satisfaction
3726 2003 72 31 su-

2817 2059 170 40 prême,
3006 2056 179 40 n'est-ce
3213 2065 80 31 pas
3325 2053 43 39 la
3398 2050 201 40 tristesse
3622 2045 175 42 désolée

2818 2110 56 40 de
2906 2107 42 41 la
2983 2107 165 40 femme
3173 2104 76 49 qui
3279 2112 57 31 ne
3372 2099 68 42 fut
3470 2098 48 40 ni
3547 2097 179 50 épouse,
3750 2102 47 29 m

2819 2158 154 42 mère?
3627 2193 141 11 ...

2869 2209 62 39 La
2961 2206 123 42 large
3114 2205 45 41 et
3195 2201 226 47 apaisante
3454 2195 259 53 conception
3743 2194 57 38 de

2819 2259 200 37 l'amour,
3035 2253 179 43 ceux-là
3228 2251 120 43 seuls
3361 2247 219 45 semblent
3591 2247 42 40 la
3649 2247 150 48 possé-

2819 2311 82 37 .der
2913 2317 88 31 que
3016 2306 66 42 les
3095 2303 238 43 difficultés
3355 2302 55 41 de
3424 2297 249 44 l'existence
3689 2294 110 41 tien-

2819 2359 109 41 nent
2944 2357 92 40 loin
3055 2356 55 40 de
3132 2354 169 45 l'autre,
3321 2361 87 39 que
3429 2350 66 41 les
3512 2347 210 53 préjugés
3737 2346 61 38 du

2820 2408 179 38 monde,
3019 2406 44 40 et
3090 2403 122 41 aussi
3241 2403 43 40 la
3306 2400 178 42 volonté
3519 2398 282 50 d'empêcher

2819 2456 163 41 autrui,
3000 2454 148 42 autrui
3157 2453 105 41 oisif
3273 2451 45 42 et
3335 2446 266 46 malfaisant,
3622 2447 56 39 de
3696 2454 103 31 son-

2821 2511 80 31 der
2935 2507 44 39 et
3006 2505 255 41 d'éplucher
3297 2511 88 31 une
3430 2496 188 43 intimité
3651 2495 145 46 chère,

2820 2555 196 40 obligent
3035 2555 29 39 à
3079 2555 162 39 garder
3257 2553 99 38 leur
3385 2548 204 41 affection
3616 2544 181 40 secrète.

2819 2608 58 39 Ils
2896 2604 156 43 savent
3066 2604 96 40 tout
3191 2612 51 31 ce
3269 2599 157 48 qu'elle
3443 2608 27 30 a
3492 2596 56 41 de
3577 2593 157 52 fragile
3758 2593 44 41 et

2819 2659 64 39 les
2901 2655 281 43 précautions
3196 2653 28 40 à
3240 2650 190 48 prendre
3451 2657 115 41 pour
3584 2645 42 41 la
3643 2654 158 40 garan-

2819 2708 59 38 tir
2889 2705 81 40 des
2985 2705 165 39 fêlures
3167 2712 87 34 que
3280 2702 43 38 la
3349 2698 227 48 malignité
3597 2697 79 37 des
3696 2704 106 29 con-

2817 2755 230 52 jonctures
3062 2753 108 41 etde
3188 2749 167 54 l'esprit
3370 2746 185 43 humain
3567 2744 235 40 lui-même

2818 2806 203 53 parvient
3037 2805 27 39 à
3083 2815 29 40 y
3131 2812 194 32 creuser.

2869 2854 297 42 Discussions,
3184 2860 186 33 menues
3384 2846 233 50 querelles,
3629 2845 56 40 ils
3699 2854 105 41 peu-

2818 2907 107 40 vent
2953 2906 40 40 le
3022 2902 234 45 contrôler,
3277 2900 193 47 lorsque,
3502 2896 179 51 séparés
3713 2894 90 40 l'un

2818 2958 56 41 de
2903 2955 169 44 l'autre,
3101 2953 44 43 et
3175 2953 172 41 chacun
3376 2945 238 54 reprenant
3635 2945 170 51 empire

2819 3020 80 27 sur
2922 3008 80 43 soi,
3023 3006 55 41 ils
3101 3001 261 49 envisagent
3391 3001 40 41 le
3461 3000 169 50 danger
3652 2997 56 40 de
3731 3005 73 31 ces

2819 3058 326 44 malentendus,
3177 3056 145 46 légers
3348 3051 197 41 d'abord,
3573 3049 101 51 puis
3706 3056 100 42 pro-

2821 3112 146 44 fonds,
2984 3109 102 47 puis
3115 3103 295 53 irréparables
3439 3101 75 51 qui
3544 3100 207 49 rompent
3779 3100 28 36 à

2817 3162 161 41 jamais
3008 3158 206 44 l'entente
3240 3156 42 42 la
3310 3155 101 47 plus
3429 3155 168 44 étroite,
3623 3155 55 35 ils
3697 3159 107 41 peu-

2819 3215 107 40 vent
2966 3211 207 41 s'écarter
3211 3204 289 46 violemment
3540 3204 67 48 de.
3629 3201 176 40 l'abîme

2820 3265 109 39 dont
2943 3263 78 41 nul
3037 3272 57 31 ne
3114 3260 201 42 remonte
3329 3257 44 41 la
3394 3256 145 48 pente,
3556 3253 45 41 et
3614 3262 82 42 par
3718 3260 89 31 une

2820 3314 388 41 condescendance
3253 3307 255 43 inattendue
3551 3305 60 41 du
3639 3305 109 39 sort,
3775 3302 31 39 il

2819 3367 181 43 advient
3037 3374 88 36 que
3159 3373 51 31 ce
3251 3359 101 44 sont
3397 3353 296 57 précisément
3731 3362 75 32 ces

2821 3421 162 38 unions
2999 3415 270 44 contrariées
3297 3422 82 37 par
3407 3415 65 36 les
3503 3408 120 41 mille
3657 3414 148 32 soucis

2821 3473 57 35 de
2909 3469 266 39 l'existence,
3205 3464 112 40 mais
3358 3459 181 49 planant
3569 3467 82 41 par
3685 3457 121 39 force

2820 3522 237 37 au-dessus
3087 3518 80 41 des
3193 3513 328 46 contingences,
3546 3507 78 52 qui
3643 3506 165 43 durent

2821 3575 44 39 et
2883 3569 210 45 s'élèvent
3117 3579 89 31 aux
3223 3564 283 50 proportions
3519 3557 286 48 admirables,

2821 3625 190 36 puisque
3025 3618 217 43 délivrées
3257 3617 79 40 des
3353 3612 320 49 mesquineries
3690 3612 116 35 ordi-

2823 3675 161 46 naires,
3000 3670 106 42 elles
3133 3665 251 45 restaurent
3406 3663 43 41 la
3476 3659 132 43 noble
3632 3659 171 44 liberté,

2822 3727 43 40 la
2883 3721 232 53 simplicité
3133 3721 56 39 de
3207 3719 200 39 l'amour.

2873 3775 115 32 C'est
3005 3771 215 42 peut-être
3249 3769 43 38 là
3317 3776 51 31 ce
3390 3774 88 39 que
3492 3762 43 41 la
3552 3761 155 41 tendre
3729 3767 76 31 so-

2822 3827 155 35 litaire,
3009 3824 37 38 si
3081 3815 343 47 pitoyablement
3459 3811 226 45 meurtrie,
3719 3815 87 42 que

2823 3878 116 36 Rose
2967 3871 189 43 Romain
3183 3878 114 31 nous
3329 3865 123 49 peint
3486 3863 132 41 d'une
3655 3860 151 51 plume

2823 3925 190 41 souvent
3030 3921 127 45 virile
3186 3918 198 48 trempée
3417 3916 111 41 dans
3556 3912 64 42 les
3641 3912 165 39 larmes

2823 3981 43 37 et
2891 3979 43 39 la
2961 3977 141 41 rosée,
3130 3973 43 39 la
3206 3980 169 38 pauvre
3394 3970 184 38 héroïne
3610 3965 28 39 d
3653 3964 154 38 autant

2823 4030 101 38 plus
2955 4025 298 43 douloureuse
3289 4029 85 39 que
3413 4018 42 38 la
3484 4018 112 38 belle
3628 4016 179 36 contrée

2823 4074 286 42 méridionale
3136 4075 58 39 où
3227 4071 82 42 elle
3345 4068 64 42 vit
3440 4067 60 41 lui
3534 4066 90 41 crie
3656 4072 82 41 par
3759 4070 49 30 sa

2823 4130 256 38 luxuriance
3112 4125 42 39 la
3172 4124 102 42 folie
3293 4120 173 44 néfaste
3479 4117 107 44 d'un
3617 4114 59 43 tel
3703 4121 104 35 vœu

2823 4186 56 32 de
2895 4180 220 39 virginité,
3137 4177 105 41 c'est
3270 4175 43 40 là
3338 4184 50 30 ce
3417 4169 157 50 qu'elle
3587 4166 143 43 aurait
3745 4166 61 40 dû

2824 4244 48 23 se
2891 4233 109 34 dire,
3031 4229 106 38 c'est
3168 4237 56 30 en
3251 4223 217 42 haussant
3490 4218 142 42 l'idéal
3656 4219 45 38 et
3717 4224 91 30 non

2824 4295 55 29 en
2897 4279 199 45 ravalant
3115 4277 225 45 l'homme,
3361 4270 158 54 qu'elle
3534 4268 76 44 eut
3624 4278 61 43 pu
3699 4265 109 51 gué-

2823 4338 65 34 rir
2912 4336 64 34 les
3005 4331 150 41 autres
3173 4329 45 41 et
3235 4325 177 43 surtout
3429 4323 261 42 elle-même.
3709 4323 35 36 N
3761 4327 47 31 a-

2823 4386 123 40 t-elle
2961 4386 115 38 donc
3095 4391 80 35 pas
3193 4377 211 49 compris,
3425 4377 112 38 dans
3557 4384 50 28 sa
3629 4370 180 40 sombre

2824 4433 287 43 prédication,
3131 4439 86 37 que
3249 4427 65 41 les
3347 4425 102 51 plus
3481 4424 137 39 belles
3647 4424 163 37 heures

2824 4489 56 35 de
2895 4486 42 38 la
2954 4485 86 39 vie,
3070 4482 41 42 le
3131 4479 105 45 rêve
3252 4479 205 42 d'amour
3469 4483 117 33 nous
3602 4476 40 38 le
3663 4475 147 36 donne

2824 4541 44 36 et
2884 4539 164 42 qu'une
3065 4537 135 42 jeune
3216 4531 91 41 fille
3328 4529 77 48 qui
3433 4539 29 29 a
3491 4524 101 53 juré
3619 4523 29 41 d
3662 4522 149 51 'emp&-

2826 4592 108 36 cher
2962 4589 66 39 les
3055 4595 111 33 gens
3195 4584 55 41 de
3281 4581 177 41 s'aimer
3485 4585 132 43 parce
3649 4583 86 41 que
3763 4580 52 31 sa

2802 4658 2 18 1
2825 4641 124 35 mère
2977 4637 69 39 fut
3077 4645 89 31 une
3192 4633 141 40 sainte
3348 4632 328 38 malheureuse,
3696 4627 119 35 mdi-

2826 4688 212 42 gnement
3056 4683 200 45 sacrifiée
3275 4691 83 39 par
3375 4690 61 30 un
3460 4676 184 54 égoïste,
3665 4674 69 41 est
3751 4680 63 32 un

2826 4744 151 36 oiseau
2996 4739 76 41 qui
3087 4735 205 45 voudrait
3315 4730 165 44 retenir
3509 4729 58 41 de
3599 4736 73 32 ses
3706 4728 108 38 ailes

2826 4793 228 38 étendues,
3069 4789 42 40 le
3125 4785 171 42 torrent
3312 4794 58 28 au
3389 4781 108 40 fond
3513 4778 171 50 duquel
3703 4779 112 37 tom-

2828 4841 158 42 bèrent
3005 4849 82 30 son
3102 4837 78 40 nid
3199 4835 44 40 et
3258 4843 50 30 sa
3327 4829 182 43 couvée.

3385 4911 158 40 JUDITH
3571 4907 175 39 CLADEL.

2876 5033 118 37 Ure
3039 5028 37 38 à
3129 5027 57 43 la
3252 5024 215 42 tribune
3529 5019 70 41 de
3656 5027 23 29 «
3737 5013 82 41 LA

2827 5083 249 45 FRONDE
3107 5093 24 30 ib
3149 5093 12 29 :
3190 5091 25 29 «
3247 5078 71 42 Le
3357 5071 233 47 Pouvoir
3627 5068 183 46 ensei-

2827 5137 172 40 gnant

2997 5192 104 44 par
3129 5178 287 45 Clémence
3443 5175 197 50 Royer.
3778 5234 45 10 -

2832 5324 262 74 NOTE
3140 5318 280 72 D'UNE

3242 5388 580 78 FRONDEUSE

3055 5513 539 52 Ronds-de-cuir

2881 5603 122 40 Dans
3021 5601 41 42 le
3078 5596 214 47 carnaval
3300 5592 168 51 auquel
3481 5601 110 32 nous
3605 5592 218 42 assistons,

2831 5668 89 28 une
2954 5653 126 43 chose
3122 5656 64 38 est
3211 5644 407 52 particulièrement
3661 5641 165 50 désopi-

2833 5707 123 40 lante
2976 5717 11 27 :
3005 5704 41 40 le
3063 5702 130 41 choix
3209 5700 92 47 fait
3319 5708 91 39 par
3425 5694 187 42 certains
3618 5701 120 46 pour
3751 5698 75 31 ac-

2834 5754 176 43 crocher
3039 5752 97 41 leur
3171 5747 333 44 enthousiasme,
3545 5745 183 38 motiver
3765 5745 63 34 les

2835 5807 82 42 cris
2933 5805 55 42 de
3003 5817 13 27 :
3040 5819 21 21 «
3098 5801 102 43 Vive
3217 5798 29 42 f
3248 5796 148 44 armée
3407 5795 19 41 /
3439 5810 21 22 »

2889 5855 215 40 Qu'est-ce
3127 5862 87 31 que
3231 5847 176 43 Varmée
3417 5847 22 39 ?
3461 5844 90 42 Une
3576 5842 249 42 institution

2828 5903 234 44 4Uitionale
3080 5902 80 45 qui
3167 5899 191 48 prélève,
3377 5897 29 41 d
3434 5896 100 41 titre
3552 5893 274 54 temporaire,

2837 5969 64 23 un
2915 5960 99 36 tant
3029 5964 120 32 pour
3165 5956 96 36 cent
3279 5949 55 42 de
3353 5948 46 41 la
3421 5947 69 41 vie
3518 5945 75 42 des
3619 5945 206 48 citoyens.

2844 6005 124 42 Voilà
2985 6015 120 32 pour
3135 6001 40 41 le
3198 6000 129 43 fond.
3347 5998 151 49 Quant
3516 5995 29 42 à
3575 5994 46 42 la
3647 6005 108 30 mise
3775 6005 56 29 en

2839 6067 157 29 oeuvre,
3026 6053 84 42 elle
3125 6063 46 30 se
3187 6049 214 43 subdivise
3419 6052 120 36 entre
3556 6045 75 42 des
3653 6055 107 38 gens
3775 6054 55 30 en

2839 6112 141 37 ayant
3005 6105 93 44 fait
3127 6103 96 41 leur
3251 6098 215 51 carrière;
3487 6097 109 52 plus
3613 6107 57 30 ou
3688 6094 142 42 moins

2842 6158 281 45 intelligents,
3147 6153 105 50 plus
3283 6164 59 30 ou
3369 6150 141 42 moins
3539 6153 136 50 aptes,
3701 6147 129 41 servis

2841 6209 324 42 différemment
3192 6216 88 35 par
3321 6203 61 40 les
3421 6201 325 43 circonstances,
3786 6201 43 36 et

2841 6267 97 44 trop
2953 6261 179 36 souvent
3159 6254 163 43 réduits
3349 6251 29 44 à
3403 6251 93 43 voir
3512 6249 43 43 le
3583 6249 153 43 mérite
3763 6258 69 31 sa-

2841 6311 124 55 crifié
2975 6310 28 41 à
3022 6309 46 42 la
3080 6309 174 53 faveur.

2891 6399 115 40 D'«M
3023 6396 103 42 bout
3152 6394 29 43 à
3199 6394 157 42 Vautre
3375 6392 55 42 de
3449 6391 47 41 la
3507 6388 246 44 hiérarchie
3769 6388 63 41 ci-

2841 6451 99 40 vile,
2961 6450 55 41 de
3041 6447 107 45 quoi
3164 6446 48 42 la
3242 6445 156 42 nation
3423 6440 173 46 a-t-elle
3613 6440 42 42 le
3674 6439 108 57 plus
3803 6437 29 43 d

2841 6501 195 43 souffrir,
3055 6498 207 46 ftiest-ce
3280 6496 78 48 qui
3385 6495 46 41 la
3445 6504 156 40 gruge,
3622 6504 63 40 qu
3699 6496 133 35 est-ce

2843 6565 77 37 qui
2938 6551 46 42 la
3001 6560 148 42 ronge,
3167 6547 72 55 gu
3241 6553 130 35 est-ce
3382 6542 160 58 quelle
3557 6542 162 42 déteste
3723 6551 109 44 par-

2846 6604 148 43 dessus
3011 6606 95 37 tout
3117 6601 21 41 ?

2891 6656 80 42 Les
2986 6651 226 44 bureaux!

2893 6706 207 40 Qu'est-ce
3125 6714 86 31 que
3245 6701 46 41 la
3323 6701 181 45 marine,
3526 6699 61 41 les
3612 6697 132 41 vieux
3774 6705 59 31 ou

2835 6757 161 41 jeunes
3013 6755 125 43 loups
3149 6753 55 41 de
3220 6764 106 34 mer,
3346 6751 201 41 désireux
3577 6759 86 39 que
3678 6746 61 42 les
3757 6744 74 42 ba-

2842 6815 136 32 teaux
2993 6805 155 42 aillent
3163 6815 77 29 sur
3256 6803 114 39 l'eau
3384 6813 113 35 pour
3514 6801 55 40 de
3588 6804 84 36 bon
3686 6809 10 36 ;
3717 6796 113 41 indi-

2840 6859 107 40 gnés
2978 6857 60 41 du
3075 6855 238 44 népotisme
3327 6865 11 34 ;
3374 6850 182 42 révoltés
3590 6853 148 37 contre
3769 6846 61 41 les

2844 6925 21 22 «
2891 6908 72 46 fils
2995 6897 330 57 d'archevêques
3356 6917 38 31 »,
3432 6901 69 53 gtI
3501 6901 139 53 est-ce
3670 6909 87 42 que
3783 6899 48 38 la

2841 6960 171 42 marine
3032 6955 150 43 exècre
3197 6955 54 40 de
3268 6957 95 37 tout
3385 6963 79 29 son
3478 6962 118 30 coeur
3606 6952 20 37 ?

2900 7011 81 42 Les
2997 7008 195 42 bureaux
3205 7004 18 40 1

2891 7062 115 39 D'un
3020 7058 103 40 bout
3139 7056 29 40 à
3185 7055 158 41 l'autre
3359 7052 56 42 de
3426 7052 47 41 la
3487 7050 243 43 hiérarchie
3747 7060 84 30 mi-

2842 7112 159 41 litaire,
3017 7107 152 46 depuis
3186 7105 41 41 le
3243 7120 20 20 «
3283 7103 100 41 bleu
3403 7118 19 21 »
3443 7102 133 51 qu'on
3591 7099 238 54 turlupine,

2841 7176 55 27 en
2927 7163 145 40 raison
3104 7156 190 44 d'ordres
3326 7155 177 48 ineptes,
3518 7151 216 52 jusqu'au
3767 7161 67 29 co-

2843 7213 119 39 lonel
2971 7223 87 31 que
3071 7210 88 40 Ton
3170 7207 149 45 brime,
3340 7216 54 28 en
3411 7209 123 35 vertu
3561 7203 55 39 de
3643 7201 191 41 routines

2841 7265 167 39 idiotes,
3029 7260 79 44 qui
3136 7257 171 41 anémie
3337 7254 61 41 les
3424 7252 248 46 initiatives,
3697 7261 136 43 para-

2843 7317 92 38 lyse
2953 7314 60 41 les
3025 7310 159 45 bonnes
3196 7306 204 48 volontés,
3419 7309 177 38 entrave
3616 7304 63 40 les
3693 7302 138 50 élans,

2839 7372 194 43 suspecte
3062 7364 61 42 les
3145 7359 287 46 innovations,
3464 7355 268 52 déconcerte,
3763 7353 72 43 dé-

2841 7425 147 49 goûte,
3005 7417 243 48 décourage
3261 7413 20 39 ?

2891 7471 82 42 Les
3002 7467 197 42 bureaux
3210 7463 18 40 1

2892 7549 61 42 Or
2969 7559 85 38 que
3071 7557 56 30 va
3138 7541 218 45 acclamer
3373 7537 40 44 le
3429 7537 213 54 vulgaire,
3655 7536 179 44 ameuté

2835 7612 91 39 par
2942 7597 74 42 des
3039 7595 161 42 malins
3209 7595 20 38 ?

2891 7649 144 41 Est-ce
3057 7657 63 29 un
3137 7641 182 49 général
3333 7641 244 49 vainqueur
3595 7641 233 38 ramenant

2842 7699 46 44 la
2904 7697 140 48 gloire
3058 7707 55 31 en
3129 7703 170 42 croupe,
3322 7695 172 50 captive
3511 7689 161 55 reprise
3685 7688 29 42 à
3732 7688 28 42 l'
3762 7698 72 32 en-

2841 7751 147 44 nemi?
3001 7747 144 44 Est-ce
3162 7758 62 29 un
3248 7743 71 43 bel
3340 7743 240 52 irrégulier,
3599 7743 165 51 chargé
3779 7743 55 39 de

2842 7802 190 41 quelque
3060 7803 222 32 aventure,
3301 7806 92 29 aux
3411 7793 165 50 confins
3599 7794 75 39 des
3701 7798 133 34 terres

2843 7851 247 44 lointaines
3110 7852 42 37 et
3169 7849 208 38 revenant
3391 7843 163 52 chargé
3573 7841 231 54 d'exploits
3816 7841 22 39 ?

2840 7905 182 45 Sont-ce
3053 7900 75 43 des
3161 7897 165 43 soldats
3365 7893 131 57 enfin,
3539 7893 75 42 des
3643 7902 195 46 pauvres

2840 7966 183 33 garçons
3050 7951 142 43 brûlés
3221 7949 55 41 de
3306 7948 149 51 fièvre,
3487 7951 141 48 ayant
3655 7948 93 49 fait
3778 7948 61 36 les

2841 8005 276 42 cantonniers
3149 8000 155 47 là-bas,
3339 8002 197 36 rentrant
3571 7997 57 39 ici
3658 8005 116 42 pour
3808 8004 33 42 y

2841 8056 195 45 mourir?
3053 8050 196 51 Orgueil,
3277 8059 171 42 amour,
3479 8045 233 51 tendresse,
3738 8045 106 49 quel

2841 8118 63 38 est
2930 8110 41 43 le
2991 8107 213 53 prétexte,
3224 8101 107 55 quel
3355 8105 63 39 est
3444 8099 42 44 le
3513 8099 93 52 but,
3633 8104 106 49 quel
3772 8099 70 39 est

2842 8163 157 47 l'objet
3025 8161 76 41 des
3133 8158 165 42 vivais?

2886 8233 93 37 Les
3009 8225 244 42 bureaux!

2893 8292 87 37 Car
2996 8289 194 40 Formée,
3204 8298 48 31 ce
3267 8285 107 41 n'est
3385 8294 82 35 pas
3479 8280 97 43 cela
3596 8291 15 28 :
3625 8290 23 30 c
3663 8283 64 37 est
3757 8286 88 34 me

2841 8344 101 42 bien
2954 8348 126 38 autre
3092 8338 146 46 chose!
3252 8336 61 44 Et
3325 8347 78 39 qui
3418 8345 47 31 se
3481 8332 94 42 doit
3587 8327 256 57 singulière-

2842 8400 121 36 ment
2977 8392 196 43 éberluer
3186 8390 56 40 de
3263 8388 46 41 la
3328 8385 184 53 méprise
3523 8384 19 38 1

2893 8443 82 42 Les
2988 8441 104 42 trois
3104 8445 117 36 cents
3242 8437 230 48 généraux
3486 8442 87 43 que
3586 8441 109 31 nous
3710 8437 135 32 avom

2843 8506 57 31 ne
2929 8493 261 43 s'incarnent
3225 8499 84 38 pas
3330 8485 286 52 précisément
3641 8483 111 41 dans
3783 8483 62 39 les

2844 8551 158 33 quatre
3024 8554 87 30 que
3133 8542 126 41 voici.
3293 8539 70 42 on
3381 8542 111 42 peut
3517 8538 95 39 dire
3632 8544 88 40 que
3746 8536 100 38 Grt-

2846 8595 118 42 àelin
2997 8597 108 37 nest
3131 8602 88 37 pas
3249 8601 63 29 un
3344 8587 137 52 aigle,
3509 8596 87 43 que
3631 8588 61 36 du
3723 8582 124 51 Paty

2845 8647 109 43 n'est
2974 8656 86 35 pas
3097 8655 63 31 un
3194 8652 156 38 cygne,
3386 8637 319 54 qu'Esterhasy
3738 8642 32 32 n
3783 8637 65 37 est

2838 8710 89 32 pas
2937 8709 88 29 une
3036 8694 210 48 colombé,
3255 8704 117 38 sam,
3388 8691 55 41 de
3457 8702 49 30 ce
3518 8689 108 53 fait,
3637 8690 211 47 outrager

2848 8755 97 34 tous
2962 8745 260 44 adjudants,
3240 8741 202 48 colonels,
3454 8745 42 36 et
3509 8741 337 39 commandants

2848 8800 56 44 de
2918 8799 167 43 France
3101 8819 53 8 —
3178 8796 64 51 ni,
3256 8796 186 49 surtout,
3461 8788 130 57 qu'ils
3609 8798 50 32 se
3676 8787 171 41 sentent

2849 8855 293 44 aucunement
3165 8845 217 56 outragés.

2900 8906 62 42 Ils
2991 8909 77 39 ont
3093 8901 99 44 bien
3218 8906 97 42 trop
3336 8896 214 48 thorrew
3575 8893 62 44 du
3645 8891 203 45 rond-de-

2849 8960 109 37 cuir,
2979 8957 56 40 ils
3057 8968 56 29 en
3140 8959 78 38 ont
3249 8952 98 43 bien
3379 8954 97 43 trop
3507 8948 31 42 à
3557 8957 46 33 se
3620 8946 228 51 plaindre,

2842 9024 121 24 pour
2976 9003 304 44 confon&e-k
3294 8995 189 53 grattoir
3509 9004 45 37 et
3573 8997 42 44 le
3640 8995 140 52 sabre,
3802 9008 53 31 m

2843 9063 161 43 plume
3030 9078 38 28 tr
3075 9061 69 44 oie
3173 9064 45 40 et
3243 9057 49 46 la
3318 9053 163 53 ph~
3500 9046 274 53 d?autruehe,
3803 9058 59 31 Il

2848 9115 284 39 tandaraaue
3147 9118 45 36 et
3207 9111 45 43 le
3265 9104 73 50 sol
3350 9104 153 46 fUJIdll
3843 9124 17 25 <

2901 9152 294 59 ]Es$t!2rt<MX
3213 9177 17 31 :
3245 9154 347 54 twdlll&lremwmi
3598 9152 20 42 t
3622 9162 123 48 pour
3763 9152 97 41 eud

2802 9244 7 11 •
3044 9228 114 30 P~
3189 9222 110 28 $dm.
3317 9217 75 41 Et.
3405 9217 225 41 r&*t*emc*
3642 9217 51 30 la
3715 9217 145 28 MM

2849 9322 82 46 oui
2956 9326 184 39 ventent
3160 9331 100 32 sous
3277 9319 353 50 Funiforme^
3655 9302 201 66 refuse^

4590 1859 287 58 -ûKr'tiÊbà&t1

3846 1938 103 42 Urne
3963 1937 231 43 ovationné
4204 1936 76 41 des
4285 1933 201 47 jobards,
4500 1932 41 41 le
4557 1927 142 45 même
4714 1931 114 37 astre
4845 1924 13 43 I

3846 1986 106 46 mtè
3965 1986 39 45 A
4004 1986 195 45 waerfits
4212 1985 19 40 1
4847 1978 12 50 I

4514 2039 234 40 SÉVERINE.

3887 2124 95 35 P.-S.
3999 2140 43 9 —
4057 2123 95 36 jffer,
4172 2123 92 34 dans
4286 2129 82 28 mon
4402 2120 126 35 article
4549 2127 65 27 sur
4648 2119 32 33 le
4701 2116 127 43 procès

3850 2167 96 29 jMe,
3964 2165 100 31 entre
4097 2163 119 33 ..".,.
4242 2173 16 19 «
4279 2161 173 35 00quuw
4467 2171 30 25 8,
4521 2159 32 34 a
4576 2166 24 25 a
4616 2158 55 35 été
4693 2159 67 31 mis
4781 2158 47 31 JI.

3849 2207 100 29 Roux
3970 2202 25 34 à
4019 2203 36 33 ta
4074 2203 104 33 place
4198 2200 45 34 de
4264 2202 48 32 JI.
4329 2202 109 31 Berne.
4458 2198 160 36 Celui-ci,
4635 2202 92 28 nous
4760 2195 71 39 fai-

3849 2243 81 31 sant
3947 2241 187 32 fkowneur
4149 2239 44 34 de
4211 2247 89 26 nous
4319 2239 77 35 tire,
4414 2245 24 26 a
4455 2245 83 25 sans
4557 2236 105 33 doute
4679 2235 153 39 compris

3849 2284 77 31 tout
3941 2281 44 34 de
4001 2280 121 36 même,
4141 2279 89 34 mais
4253 2278 30 34 il
4309 2285 44 26 ne
4370 2275 109 36 serait
4494 2283 70 34 pas
4587 2273 160 35 mauvais
4763 2279 68 36 que

3851 2323 33 35 le
3895 2320 127 45 pmbUe
4039 2327 46 25 en
4097 2319 123 41 puisse
4243 2316 95 43 faire
4353 2316 140 34 autant.

3896 2438 364 108 Gamme
4326 2432 112 104 de
4502 2430 280 108 Jours

3853 2669 18 41 I
3924 2649 40 62 Û
4174 2690 14 4 -
4291 2676 25 35 7
4345 2674 157 37 février.
4530 2692 45 7 —
4603 2673 54 35 La
4683 2668 155 38 famine
4890 2678 5 33 ]

3854 2710 117 43 ffia
4158 2740 13 12 .
4335 2727 53 26 en
4426 2715 161 38 Irlande
4625 2711 215 39 redevient
4889 2723 6 21 <

3855 2751 16 54 t
3945 2783 23 22 f
4035 2785 28 20 .1
4086 2751 88 54 p11
4201 2775 52 9 -
4335 2760 216 40 tellement
4591 2756 248 40 meurtrière
4890 2756 5 36 1

4034 2814 33 19 "
4335 2808 125 47 qu'on
4472 2815 52 28 en
4540 2803 163 52 reparle
4713 2803 12 36 1

3897 2861 111 31 Mais,
4040 2857 180 35 pendant
4245 2854 188 38 qu'entre
4467 2851 61 37 les
4557 2849 143 38 ruines
4726 2846 109 37 d'an-

3855 2907 167 29 ciennes
4053 2905 165 31 fermes,
4257 2897 181 39 pendant
4469 2895 123 41 qu'au
4622 2891 104 39 bord
4764 2891 75 36 des
4890 2902 5 21 1

3854 2950 156 32 routes,
4037 2955 82 27 que
4148 2953 73 29 sur
4245 2944 63 38 les
4342 2941 144 41 plages
4517 2937 138 39 arides
4684 2937 54 37 où
4776 2935 63 37 les

3855 2992 247 37 repoussent
4117 2990 58 39 les
4188 2986 224 43 landlords,
4425 2984 217 45 agonisent
4657 2981 51 39 de
4724 2981 114 44 faim,

3855 3043 95 32 puis
3984 3039 191 36 meurent
4198 3036 60 37 les
4285 3032 213 43 Irlandais,
4517 3050 46 7 —
4581 3030 61 36 les
4674 3028 166 45 Anglais

3856 3085 200 36 dévorent
4085 3083 26 38 à
4144 3080 176 41 grandes
4351 3077 121 37 dents
4501 3074 231 37 roastbeefs
4760 3080 80 27 sai-
4891 3085 4 16 <

3856 3131 149 39 gnants
4031 3129 42 38 et
4097 3127 133 45 gigots
4263 3123 181 40 charnus
4473 3123 87 45 pris
4588 3127 82 29 aux
4700 3119 139 35 riches

3857 3178 221 31 pâturages
4096 3171 146 38 d'Erin.
4891 3178 4 16 1

3898 3223 114 34 Cette
4036 3218 210 38 famine-ci
4265 3217 64 36 est
4345 3222 114 30 aussi
4479 3213 95 36 bien
4597 3208 139 48 réglée
4753 3216 83 39 que

3858 3268 60 34 les
3952 3264 279 38 précédentes.
4268 3260 105 42 Blés,
4399 3266 189 36 pommes
4623 3255 51 37 de
4705 3255 124 35 terre

3857 3312 139 34 bétail,
4028 3311 84 35 ont,
4151 3309 27 37 à
4207 3314 167 32 propos,
4417 3301 187 39 traversé
4635 3301 39 36 le
4713 3301 121 35 canal

3856 3357 326 42 Saint-Georges,
4208 3349 180 47 engorgé
4411 3349 63 39 les
4500 3354 187 42 greniers
4717 3344 43 38 et
4778 3344 62 37 les

3854 3402 202 36 abattoirs
4072 3401 52 37 de
4148 3398 346 41 l'Qgresse-Sœuf,
4515 3400 43 32 et
4589 3402 47 28 ce
4661 3400 52 29 ne
4739 3398 94 30 sera

3857 3459 75 24 pas
3943 3457 151 26 encore
4110 3445 112 38 faute
4236 3445 51 35 de
4312 3441 260 39 nourritures
4589 3438 247 37 fortifiantes

3858 3502 84 44 que
3957 3492 63 39 les
4043 3491 19 39 J
4064 3499 129 29 eunes
4221 3487 165 48 Anglais
4419 3484 207 39 resteront
4648 3481 185 47 lympha-
4861 3481 10 35 I

3889 3545 436 74 *85?Otd%Twlandei
4341 3577 54 39 sa
4395 3577 74 39 oU
4485 3576 126 43 QueM,
4611 3576 127 43 aveo
4756 3571 75 37 des

3856 3626 183 34 sourires
4055 3624 53 36 de
4123 3623 297 37 cannibales,se
4440 3620 172 37 frottent
4623 3618 61 36 les
4703 3624 137 29 mains

3855 3670 129 37 —des
4008 3669 135 38 mains
4157 3668 237 37 autrement
4412 3664 165 38 tachées
4605 3671 81 36 que
4706 3659 128 38 celles

3855 3717 52 37 de
3923 3715 79 39 Lad
4006 3724 26 30 y
4050 3712 202 39 Macbeth!
4282 3712 107 38 Elles
4408 3709 212 45 comptent
4645 3707 107 41 bien,
4773 3705 61 37 les

3856 3761 108 38 deux
3976 3759 161 38 vieilles
4161 3757 171 42 féroces,
4355 3765 81 34 que
4466 3763 105 36 pour
4594 3755 41 35 la
4653 3753 185 36 célébra-

3855 3806 88 37 tlon
3957 3803 221 42 prochaine
4191 3801 98 37 d'un
4302 3800 281 38 anniversaire
4596 3798 51 36 de
4661 3798 173 41 révolte,

3857 3848 188 46 llrlande
4061 3848 141 36 n'aura
4217 3845 95 47 plus
4327 3843 251 39 d'Irlandais.

3933 3907 33 30 il
3995 3922 3 19 1
4023 3922 4 19 1
4042 3919 24 4 -
4103 3919 8 4 -
4153 3921 5 2 -
4291 3902 25 38 8
4344 3899 155 40 février.
4526 3918 45 7 —
4587 3898 77 38 Ces
4678 3895 165 49 paroles

3878 3965 5 15 ■
3907 3943 57 45 M
4036 3958 78 30 w
4139 3957 3 14 '
4163 3955 103 33 "'T.-
4335 3948 121 42 dites,
4468 3945 28 38 il
4511 3955 28 35 y
4564 3954 25 29 a
4615 3943 93 47 déjà
4731 3939 113 40 quel-

3896 3992 81 35 Wl
4100 4032 22 8 ..
4152 4001 28 39 d
4336 4002 102 38 ques
4454 3989 167 43 années,
4645 3997 75 38 par
4746 3988 98 35 Ber-

3900 4039 168 35 WMU
4096 4039 17 20 '
4230 4045 13 17 "
4333 4039 102 33 nard
4474 4039 147 33 Lazare
4664 4041 66 27 me
4777 4040 66 27 re-

3904 4072 52 31 v
3986 4072 41 15 ~
4336 4081 197 41 viennent
4551 4090 9 26 :

3901 4152 46 9 —
3973 4133 74 38 Les
4076 4131 119 41 Juifs,
4228 4129 143 39 fidèles
4411 4128 25 38 à
4466 4126 230 45 d'antiques
4721 4122 123 39 tradi-

3857 4179 110 38 tions
3999 4176 229 38 d'humilité
4253 4177 41 35 et
4325 4184 76 34 par
4435 4170 298 48 pusillanimité
4760 4170 84 36 ata-

3857 4224 138 37 vique,
4021 4230 52 28 ne
4091 4231 46 27 se
4163 4220 221 36 défendent
4402 4228 88 30 pas.
4518 4217 56 36 Ils
4597 4217 170 35 eussent
4786 4217 56 31 dû

3860 4277 45 30 se
3947 4266 128 41 lever,
4111 4274 43 28 se
4196 4273 192 34 grouper,
4423 4271 52 29 ne
4510 4270 76 37 pas
4620 4259 224 47 permettre

3859 4313 124 41 qu'on
4012 4309 182 41 discutât
4207 4320 81 28 une
4315 4309 161 38 minute
4507 4308 92 37 leur
4633 4305 109 38 droit
4771 4305 74 36 ab-

3859 4360 93 36 solu
3975 4358 51 37 de
4055 4358 131 38 vivre,
4221 4365 51 27 en
4299 4355 175 41 gardant
4502 4353 92 37 leur
4619 4359 226 37 personna-

3861 4403 84 35 lité,
3963 4403 105 35 dans
4083 4401 61 36 les
4153 4409 108 29 pays
4279 4400 101 35 dont
4394 4399 52 35 ils
4464 4397 96 37 sont
4577 4396 198 42 citoyens.
4790 4395 55 33 Ils

3861 4457 52 28 ne
3928 4447 101 38 l'ont
4056 4454 74 31 pas
4149 4443 88 38 fait.
4256 4443 55 37 Ils
4330 4443 73 37 ont
4421 4439 163 46 préféré
4612 4438 178 37 courber
4808 4437 39 36 la

3862 4494 96 38 tête,
3969 4492 108 39 ainsi
4090 4488 122 44 qu'ils
4226 4489 39 37 le
4282 4488 191 39 faisaient
4480 4485 213 45 autrefois,
4708 4484 138 48 quand

3863 4542 39 37 le
3928 4539 102 39 vent
4057 4537 75 37 des
4157 4535 299 44 persécutions,
4488 4532 172 47 passant
4688 4539 74 28 sur
4786 4530 62 36 les

3863 4586 163 34 ghettos
4051 4582 204 35 sinistres,
4280 4579 211 38 ranimant
4518 4578 41 37 la
4588 4578 167 36 flamme
4774 4578 74 32 des

3863 4623 179 39 bûchers
4060 4627 196 36 fumants,
4275 4625 137 37 faisait
4434 4634 46 26 se
4494 4623 146 40 ployer
4663 4620 61 36 les
4740 4619 108 36 échi-

3865 4684 73 27 nes
3953 4675 44 36 et
4011 4682 45 28 se
4071 4669 326 42 recroqueviller
4415 4668 63 38 les
4496 4661 147 43 faibles
4662 4665 43 37 et
4727 4665 125 35 trem-

3864 4721 162 33 blantes
4050 4718 128 36 âmes.
4208 4715 55 39 Ils
4295 4725 45 28 se
4369 4715 95 37 sont
4489 4712 63 38 dit
4579 4723 10 26 :
4623 4712 105 36 Tout
4760 4710 89 36 cela

3865 4775 183 27 passera,
4075 4764 177 37 laissons
4281 4761 197 41 s'apaiser
4518 4759 42 37 la
4594 4755 181 47 tempête
4811 4753 43 37 et

3883 4813 179 38 feignons
4076 4809 51 35 de
4145 4817 55 27 ne
4214 4816 75 30 pas
4307 4805 218 39 entendre;
4545 4804 35 34 si
4599 4809 106 28 nous
4719 4809 53 26 ne
4786 4800 67 33 ré-

3869 4855 187 38 pondons
4069 4861 87 29 pas,
4174 4860 52 30 on
4243 4850 135 38 croira
4389 4855 82 35 que
4483 4855 107 30 nous
4605 4853 53 29 ne
4671 4850 184 31 sommes

3880 4912 64 38 pas
3957 4902 53 45 là,
4031 4901 43 39 et
4090 4908 54 31 on
4163 4907 107 30 nous
4288 4891 251 45 oublierai...

3913 4950 31 36 Il
3963 4947 136 39 parait
4116 4955 82 31 que
4228 4944 216 42 beaucoup
4468 4939 156 38 d'entre
4654 4947 82 28 eux
4753 4945 102 38 pen-

3869 4996 95 31 sent
3979 5001 151 25 encore
4144 4989 125 37 ainsi!
4281 4989 41 35 et
4337 4988 35 35 si
4391 4996 55 27 on
4459 4985 61 37 les
4539 4985 113 36 avait
4669 4985 183 38 écoutés,

3869 5048 57 34 on
3953 5037 114 42 n'eût
4102 5034 152 48 jamais
4289 5031 117 51 parlé
4439 5030 74 39 des
4548 5025 219 51 illégalités
4801 5025 57 38 du

3870 5086 148 50 procès
4037 5082 175 50 Dreyfus
4219 5080 11 38 l

3912 5133 56 35 Ils
3990 5141 46 26 se
4062 5127 224 41 trompent.
4321 5124 91 37 S'ils
4447 5121 166 39 avaient
4651 5121 121 47 porté
4802 5127 54 27 en

3872 5178 94 32 tous
3995 5175 113 35 lieux
4141 5170 92 37 leur
4263 5168 209 42 judaïsme
4520 5174 98 28 sans
4651 5167 205 36 humilité,

3871 5229 98 26 sans
3985 5213 319 42 dissimulation,
4325 5211 106 39 mais
4455 5209 264 46 loyalement,
4740 5209 117 35 fière-

3872 5265 128 37 ment,
4026 5273 52 28 en
4097 5271 102 31 gens
4219 5259 72 42 qui
4324 5258 196 38 estiment
4537 5256 91 37 leur
4645 5263 108 34 race,
4775 5254 84 35 s'ils

3873 5311 167 36 avaient
4048 5305 180 42 ponctué
4243 5304 179 39 certains
4446 5301 214 46 dialogues
4674 5307 103 30 avec
4789 5306 71 29 ces

3873 5356 222 35 chrétiens,
4109 5353 51 37 de
4174 5352 160 38 bonnes
4363 5349 118 41 gifles
4494 5347 95 39 bien
4601 5346 257 45 appliquées,

3875 5403 36 36 si
3929 5401 135 38 tantôt
4080 5399 53 37 ils
4151 5398 167 37 avaient
4331 5394 159 45 envoyé
4509 5394 73 36 des
4607 5390 193 44 témoins,
4819 5390 43 36 et

3877 5447 134 38 tantôt
4035 5445 74 39 des
4140 5441 278 44 assignations
4449 5448 108 37 pour
4585 5437 271 41 diffamation,

3875 5504 56 31 on
3960 5493 100 42 peut
4085 5490 134 41 croire
4245 5488 123 47 qu'en
4413 5487 153 40 France
4599 5483 177 45 surtout,
4810 5483 52 37 ils

3875 5540 171 38 eussent
4059 5539 81 36 mis
4157 5537 51 37 de
4227 5536 93 37 leur
4337 5535 103 37 bord
4459 5534 61 37 les
4545 5534 225 36 instinctifs
4789 5534 73 32 ad-

3876 5585 222 33 mirateurs
4112 5581 52 38 de
4183 5579 193 40 l'énergie
4386 5580 42 36 et
4437 5579 50 36 de
4506 5577 41 38 la
4558 5577 207 38 bravoure
4776 5585 9 33 ;
4806 5582 58 28 un

3877 5630 129 38 grand
4041 5628 175 40 courant
4253 5624 292 44 sympathique
4584 5621 72 41 eût
4691 5617 173 43 entouré

3877 5678 108 37 cette
4002 5675 194 40 minorité
4226 5675 138 40 crâne,
4385 5673 42 38 et
4453 5671 38 37 le
4518 5670 269 38 mouvement
4812 5667 51 35 de

3878 5731 144 36 presse
4054 5718 310 42 antisémitique
4406 5717 136 37 aurait
4587 5714 65 37 été
4685 5713 179 47 quelque

3878 5776 82 41 peu
3978 5765 165 49 enrayé.

3880 5849 34 18 r
3949 5833 36 34 f\
4312 5827 25 35 9
4370 5824 159 39 (mier.
4561 5843 46 8 —
4644 5821 149 38 Chiens
4825 5819 43 37 et

3930 5867 54 41 M
4120 5879 55 29 -1
4186 5866 85 42 Bd
4357 5870 160 37 chats...
4548 5868 52 38 de
4619 5867 248 38 Réincarna-

3898 5906 98 52 Iftl
4030 5906 253 61 ■urti£zz:
4357 5915 233 38 tionnistes.

3883 5957 164 55 tYjTM
4110 5973 25 15 "
4169 5972 102 17 D'abord,
4359 5958 185 44 D'abord,
4573 5959 103 37 dans
4693 5960 73 35 Les
4792 5958 75 35 Re-

3929 5995 48 29 **
4358 6005 218 37 naissances
4603 6003 46 37 de
4666 6003 122 39 l'âme,
4817 6000 51 36 li-

3880 6067 76 29 vre
3971 6057 51 37 de
4046 6055 103 38 haut
4162 6053 69 39 vol
4252 6051 72 45 qui
4343 6050 141 37 monte
4501 6057 78 29 nos
4597 6047 171 47 regards
4769 6040 101 56 jus-

3881 6103 151 40 qu'aux
4068 6099 188 39 derniers
4307 6094 421 49 perfectionnements
4765 6094 103 34 dans

3883 6142 175 40 fAstral,
4081 6145 94 37 Mlle
4199 6144 145 38 Louise
4371 6142 217 36 d'Ervieux
4610 6147 107 29 nous
4741 6142 121 32 conte

3884 6203 103 27 avec
4016 6192 228 38 tendresse,
4277 6191 43 35 et
4350 6196 105 34 pour
4479 6194 105 29 nous
4617 6192 183 38 prouver
4827 6181 39 37 la

3883 6239 113 34 force
4025 6233 321 40 d'attachement
4375 6233 43 35 et
4447 6229 289 44 l'intelligence
4773 6235 96 38 pro-

3882 6283 124 37 fonde
4032 6281 52 39 de
4114 6291 69 29 ces
4210 6277 239 43 calomniés,
4471 6274 61 39 les
4556 6274 130 45 chats,
4707 6272 61 38 les
4794 6281 76 29 au-

3880 6330 240 35 thentiques
4149 6325 235 40 désespoirs
4409 6320 173 39 mortels
4607 6319 52 37 de
4686 6327 181 38 pauvres

3883 6375 164 38 matous
4061 6370 266 39 abandonnés
4333 6376 103 29 avec
4445 6365 182 45 légèreté
4634 6372 55 28 ou
4696 6363 172 36 cruauté

3882 6428 77 39 par
3975 6418 113 38 leurs
4106 6415 172 39 maîtres
4295 6411 149 41 chéris.

3927 6463 75 38 Oh!
4018 6473 70 28 ces
4102 6462 118 39 dons,
4241 6470 69 27 ces
4330 6457 160 41 ventes,
4513 6464 70 28 ces
4610 6454 139 47 pertes
4764 6454 103 36 dans

3883 6512 61 30 les
3959 6511 172 31 champs
4154 6515 54 27 ou
4236 6506 62 36 les
4315 6511 98 28 rues
4441 6500 52 36 de
4509 6500 130 42 bêtes,
4656 6500 210 35 devenues

3883 6553 213 36 gênantes,
4116 6551 124 38 qu'on
4259 6546 113 40 avait
4388 6543 216 39 habituées
4630 6544 25 35 à
4682 6541 96 38 telle
4798 6551 68 27 ca-

3882 6610 130 34 resse,
4032 6600 26 38 à
4091 6593 98 43 telle
4219 6595 197 42 douceur,
4445 6598 76 41 par
4540 6588 71 49 qui
4647 6597 54 29 on
4732 6587 136 37 s'était

3883 6647 77 43 fait
3978 6643 191 43 adorer!..

3873 6688 10 6 "
3926 6692 108 34 Puis,
4054 6691 103 35 dans
4180 6688 39 37 le
4232 6686 175 40 numéro
4423 6680 168 40 dernier
4613 6681 51 37 de
4689 6680 25 37 l'
4715 6681 151 36 Huma-

3882 6737 80 32 nité
3979 6736 189 36 intégrale
4188 6753 44 7 —
4255 6739 128 30 revue
4414 6726 289 40 immortaliste
4731 6725 72 44 qui
4823 6732 45 28 se

3882 6782 208 34 distingue
4111 6780 73 36 des
4200 6779 142 36 autres
4361 6784 76 32 par
4457 6782 77 28 son
4553 6772 75 36 but
4654 6771 213 45 pratique-

3883 6830 116 31 ment
4031 6824 276 37 humanitaire
4334 6841 46 7 —
4407 6821 38 36 le
4477 6817 117 44 récit,
4626 6816 157 37 traduit
4812 6815 56 36 du

3881 6882 136 25 russe,
4034 6872 52 35 de
4110 6871 41 36 la
4169 6870 111 36 mort
4302 6867 96 37 d'un
4424 6865 122 37 chien
4565 6862 70 45 qui
4663 6861 101 37 était
4782 6860 87 36 très

3884 6917 178 33 «évolué
4083 6930 33 17 ».
4140 6915 84 32 Une
4235 6913 127 40 jeune
4382 6910 85 37 fille
4485 6908 102 37 dont
4603 6906 27 38 il
4651 6907 101 36 était
4765 6906 102 36 l'en-

3884 6963 89 37 fant
4000 6960 94 40 gâté
4129 6957 213 41 l'entendit
4356 6955 215 45 plusieurs
4602 6952 78 37 fois
4714 6952 156 46 aboyer

3884 7008 96 35 près
3999 7006 119 37 d'elle
4134 7005 112 38 alors
4270 7002 99 41 qu'il
4401 6999 176 44 expirait
4609 6999 25 36 à
4659 6999 209 44 plusieurs

3883 7046 241 42 kilomètres
4141 7051 52 36 de
4220 7049 199 34 distance;
4443 7047 43 36 et
4515 7046 25 35 à
4566 7044 186 37 l'instant
4768 7043 53 35 où
4840 7042 28 35 il

3884 7098 180 36 mourut,
4084 7105 82 28 une
4193 7095 119 37 autre
4333 7093 128 41 jeune
4485 7089 85 38 fille
4584 7089 71 45 qui
4675 7088 38 36 le
4738 7087 132 36 tenait

3885 7152 73 27 sur
3974 7152 68 27 ses
4057 7150 162 29 genoux
4237 7139 61 39 vit
4315 7146 82 30 une
4416 7138 122 36 lueur
4563 7142 130 37 rouge
4712 7133 158 37 illumi-

3887 7198 76 29 ner
3977 7189 38 36 le
4035 7187 102 40 petit
4155 7194 123 33 corps
4304 7181 200 40 convulsé
4524 7191 10 32 ;
4562 7181 147 45 départ
4735 7178 135 37 visible

3884 7233 56 37 du
3949 7231 199 48 périlprit,
4163 7229 137 37 disent
4315 7229 61 35 les
4394 7225 181 47 spirites.

3929 7279 55 36 De
3999 7287 68 28 ces
4086 7276 108 39 faits,
4211 7275 61 37 les
4286 7268 441 43 réincarnationnistes
4743 7266 129 38 tirent

3886 7333 80 29 une
3997 7322 156 40 morale
4186 7318 237 42 fraternelle
4453 7317 44 37 et
4523 7314 244 48 généreuse.
4795 7314 75 37 Les

3885 7371 219 35 chrétiens,
4121 7368 103 36 dans
4245 7366 41 38 la
4305 7365 217 38 naissance
4539 7362 52 38 de
4609 7362 121 37 Jésus
4749 7361 119 37 entre

3887 7417 38 36 le
3952 7415 118 38 bœuf
4092 7415 42 36 et
4158 7413 117 40 l'Ane,
4303 7411 115 37 n'ont
4445 7418 57 28 vu
4527 7408 127 45 qu'un
4684 7404 187 48 exemple

3885 7459 241 38 d'humilité,
4146 7456 248 39 c'est-à-dire
4409 7454 52 37 de
4473 7452 253 43 résignation
4736 7452 136 36 donné

3886 7516 80 30 aux
3978 7504 178 40 incarnés
4174 7503 69 49 qui
4264 7502 114 38 n'ont
4399 7509 75 40 pas
4497 7499 52 39 de
4573 7499 210 42 demeure,
4801 7495 71 49 qui

3886 7554 114 38 n'ont
4017 7553 102 38 rien.

4168 7628 33 13 —
4214 7628 15 13 ■
4243 7628 30 24 r
4322 7621 46 31 /0
4399 7618 156 37 féot-ier.
4574 7635 45 9 —
4636 7616 123 36 Notre
4785 7614 89 37 bal-

3922 7653 63 49 ff
4180 7657 30 43 d
4243 7657 31 32 »'
4362 7671 78 29 con
4477 7661 167 37 domine
4673 7667 81 29 une
4788 7657 87 37 très

3903 7704 95 43 "■Wl
4017 7714 31 33 Jt
4069 7711 26 34 0
4125 7701 29 32 n
4181 7701 29 8 "
4230 7719 52 14 :t=
4363 7707 256 40 pittoresque
4650 7704 126 43 petite
4800 7711 75 30 rue

3928 7745 63 47 Jf
4017 7745 30 22 "
4257 7750 13 15 "
4363 7754 101 38 dont
4489 7752 203 44 quelques
4714 7748 161 39 vieilles

3887 7801 184 39 maisons
4091 7822 43 6 —
4152 7804 55 34 où
4231 7801 215 37 sûrement
4471 7797 203 37 vécurent
4699 7795 73 35 des
4799 7803 76 27 no-

3886 7847 142 35 taires,
4048 7855 99 27 sous
4171 7843 333 40 Louis-Philippe,
4523 7860 47 7 —
4595 7841 75 35 ont
4689 7839 185 36 chacune

3889 7892 51 39 de
3966 7892 113 38 leurs
4109 7890 138 43 pièces
4276 7887 203 46 occupées
4512 7894 76 39 par
4612 7892 59 30 un
4693 7881 179 39 aimable

3889 7937 147 41 oouple
4065 7936 51 38 de
4145 7936 107 38 filles
4279 7937 42 36 et
4337 7935 52 36 de
4418 7933 260 38 souteneurs.
4697 7933 53 33 La
4778 7932 94 43 plus

3889 7984 173 34 voisine,
4071 7991 53 27 au
4137 7981 98 37 fond
4248 7980 96 36 d'un
4352 7978 152 40 jardin,
4514 7977 65 35 est
4590 7977 125 34 tenue
4735 7982 75 36 par
4817 7980 59 28 un

3839 8042 5 18 t
3892 8026 259 40 mastroquet
4167 8024 51 37 de
4245 8024 72 42 qui
4336 8024 40 36 la
4393 8020 199 46 boutique
4618 8017 139 48 peinte
4775 8024 101 29 avec

3839 8072 3 41 I
3890 8072 57 40 du
3965 8081 105 39 sang
4087 8069 120 41 caillé
4225 8070 65 38 est
4307 8078 51 29 en
4379 8065 141 47 façade
4535 8073 74 31 sur
4632 8064 40 37 la
4689 8070 89 31 rue.
4796 8105 9 10 <

3937 8120 59 34 En
4012 8120 136 34 temps
4163 8115 205 39 ordinaire
4388 8113 60 38 les
4475 8110 231 42 chambres,
4728 8108 39 38 le
4788 8108 88 45 jar-

3892 8166 85 33 din,
4006 8164 40 35 la
4069 8163 199 36 boutique
4294 8170 53 28 en
4373 8164 280 35 coupe-gorge
4683 8153 193 37 retentis-

3892 8210 96 35 ;z
3999 8217 102 28 avec
4126 8206 240 39 abondance
4380 8203 52 37 de
4454 8198 136 42 bruits
4607 8208 52 29 de
4677 8198 198 47 querelle,

3892 8256 55 32 d.
3962 8253 203 35 batailles,
4185 8252 51 36 de
4265 8251 220 37 meurtres.
4505 8247 103 38 Jour
4633 8254 54 28 ou
4714 8246 103 41 nuit,
4839 8244 39 35 le

3892 8287 135 48 eâbbe
4043 8307 180 28 presque
4249 8292 228 43 provincial
4509 8292 58 38 du
4594 8289 187 46 quartier
4808 8288 67 38 est

4089 8342 233 36 déshonoré
4346 8350 75 32 par
4443 8339 75 39 des
4546 8335 258 41 hurlements
4826 8334 52 37 de

3894 8393 175 36 femmes
4119 8387 268 42 assommées,
4451 8384 75 38 des
4590 8380 288 47 beuglements

3839 8437 6 27 1
3893 8435 230 40 d'hommes
4138 8434 112 37 ivres
4265 8435 42 33 et
4323 8430 175 43 furieux,
4513 8428 75 36 des
4601 8428 87 35 bris
4705 8428 53 32 de
4773 8432 106 28 vais-

3839 8489 5 25 :
3893 8477 103 45 aille
4019 8479 100 40 chez
4136 8478 40 40 le
4194 8477 178 50 troquet,
4394 8474 78 40 etc.

3937 8526 77 38 Les
4038 8525 217 39 locataires
4272 8524 74 38 des
4364 8519 188 45 grandes
4571 8516 185 40 maisons
4782 8521 100 32 neu-

3839 8591 8 20 t
3894 8579 77 32 ves
3983 8571 91 39 d'en
4098 8570 89 37 face
4206 8568 216 43 prenaient
4439 8566 39 36 le
4497 8564 107 46 parti
4623 8563 53 36 de
4690 8563 192 34 déména-

3839 8633 9 22 f
3893 8617 89 38 gcer,
4000 8624 52 30 ne
4067 8616 155 39 voyant
4231 8610 153 45 jamais
4398 8618 58 30 un
4471 8610 171 45 gardien
4658 8610 53 32 de
4729 8610 41 30 la
4787 8610 96 40 paix

3839 8693 9 12 ,
3894 8653 244 52 Survenir,
4153 8669 137 30 aucun
4313 8653 258 52 apaisement
4587 8659 77 41 par
4689 8653 122 35 ordre
4830 8653 52 31 de

3886 8705 53 36 ik
3959 8708 148 33 lice,
4122 8705 198 36 pourtant
4344 8712 52 28 au
4416 8704 187 37 courant,
4622 8705 53 29 ne
4701 8704 46 29 se
4774 8704 104 27 faire

3839 8744 7 27 [
3894 8739 958 52 &4edans..

3839 8787 8 36 î
3881 8809 11 9 -
3941 8795 102 40 Hais
4059 8795 148 40 depuis
4225 8795 39 39 le
4279 8791 148 44 procès
4452 8788 108 46 Zola,
4577 8786 148 49 depuis
4742 8791 83 41 que
4842 8781 38 38 le

3882 8843 136 35 '«feen
4035 8843 151 35 peuple
4200 8841 52 37 de
4265 8841 115 37 Paris
4394 8852 20 21 »
4433 8837 222 41 submerge
4671 8834 61 36 les
4747 8836 134 42 quais,

3839 8911 9 12 •
3898 8886 68 41 lm
3985 8891 137 36 ponts,
4140 8888 62 39 les
4223 8896 97 31 rues
4338 8885 152 40 autour
4504 8881 57 39 du
4574 8879 134 40 Palais
4725 8876 52 39 de
4791 8876 97 37 Jus-

3895 8925 102 47 Imk
4025 8943 109 29 noua
4169 8934 203 38 baignons
4389 8930 104 40 dans
4518 8936 84 32 une
4630 8927 257 45 tranquillité

3839 8971 115 47 9
3954 8971 231 47 no-
4185 8971 174 47 .
4377 8978 33 39 Il
4437 8976 69 42 n'y
4519 8984 25 30 a
4558 8973 96 45 plus
4670 8971 53 40 de
4749 8971 139 38 soute-

3839 9016 192 53 K
4047 9039 78 33 par
4135 9028 73 44 M,
4223 9027 45 40 et
4280 9024 139 41 même
4431 9022 78 40 des
4526 9016 218 56 flfiea|Sont
4759 9016 129 38 allées

3839 9069 167 75 KgS
4021 9085 85 32 eux
4125 9075 111 40 erier
4255 9083 10 28 :
4284 9085 22 22 «
4329 9073 34 38 A
4376 9069 14 41 l
4402 9077 94 38 eau,
4515 9069 96 37 Zola
4625 9069 12 32 1
4652 9077 22 22 »
4691 9069 45 34 et
4749 9075 21 21 «
4785 9069 107 32 Mort

3839 9120 400 83 ^«^M^Sesoui
4266 9162 164 41 restent
4445 9159 170 44 n'ayant
4635 9157 138 42 même
4793 9152 98 51 plus

3839 9202 305 47 KXtiBtnis,
4158 9210 200 39 profilent
4377 9208 55 40 de
4457 9207 95 41 le«r
4581 9202 180 44 solitude
4785 9206 107 43 pour

4090 9257 208 35 ohemiMs
4313 9256 47 36 et
4384 9251 264 41 obau»Mt«
4663 9248 103 40 dont
4787 9248 106 38 elles

3839 9290 285 71 QBBEeat
4139 9303 115 42 tours
4270 9299 185 43 fenèties
4473 9299 45 38 et
4542 9296 41 40 le
4601 9293 154 51 jardin.

4878 1868 364 92 v^|!s^UdansJa
5912 1943 6 21 ,

4923 1966 50 38 Et
4990 1966 60 38 les
5067 1962 250 50 patriotards
5331 1962 127 38 aussi.

4947 2036 37 22 n
5210 2021 56 37 M
5316 2032 44 26 il
5393 2028 158 30 février.
5577 2045 47 9 —
5647 2022 213 36 J'inter-
5911 2032 7 26 j

4920 2056 59 50 M
5041 2087 22 17 "
5258 2086 22 13 "
5354 2081 143 25 romps
5507 2072 41 34 la
5582 2070 156 36 lecture
5763 2066 26 36 d
5804 2074 55 28 'un
5911 2094 7 12 (

4906 2104 239 52 ■lipiuii"'1
5355 2126 147 29 roman
5515 2115 83 38 fort
5611 2111 249 41 intéressant

5019 2163 22 14 w
5089 2181 10 15 .
5183 2179 2 16 1
5207 2174 17 18 »
5257 2176 18 16 -
5356 2170 75 29 sur
5450 2161 45 38 le
5511 2159 280 39 fournisseurs
5807 2154 53 38 de
5911 2156 7 64 j

4882 2225 67 41 l'é
4949 2225 151 41 tlganoo
5110 2223 293 43 féminine,afln
5409 2223 52 37 de
5472 2229 232 37 penseraux
5717 2218 143 44 décep-
5910 2231 8 35 ;

4883 2269 110 39 tions
5010 2270 186 37 d'amour
5209 2269 53 37 de
5280 2277 180 34 presque
5479 2268 135 36 toutes
5639 2265 59 38 les
5712 2265 148 44 jeunes

4883 2314 119 38 filles.
5019 2315 108 37 Dans
5145 2323 46 29 ce
5215 2322 144 30 roman
5375 2313 39 37 le
5449 2312 181 38 Malheur
5649 2310 65 36 des
5731 2310 129 34 autres

4886 2360 89 37 (par
4985 2359 155 37 Gilbert
5150 2358 198 38 Stenger),
5360 2366 83 29 une
5457 2369 21 21 «
5493 2355 205 42 première
5714 2368 20 18 »
5746 2354 114 35 toute

4881 2395 127 49 jeune
5021 2401 53 38 de
5091 2401 129 43 grand
5245 2401 222 43 couturier,
5487 2395 140 42 élevée
5645 2399 217 40 bourgeoi-
5913 2395 5 25 1

4887 2447 174 39 sement,
5079 2447 271 38 honnêtement,
5384 2445 66 37 est
5480 2443 86 38 très
5587 2443 85 38 vite
5705 2443 158 35 séduite

4887 2501 76 32 par
4977 2492 38 37 le
5025 2490 76 42 joli
5120 2491 211 36 monsieur
5354 2489 72 43 qui
5453 2498 36 34 a,
5506 2488 104 38 dans
5629 2487 40 36 la
5686 2485 173 41 maison,

4889 2535 178 41 remploi
5081 2534 227 42 d'enjôleur
5325 2542 107 34 pour
5447 2532 214 36 clientes...
5687 2536 178 31 nerveu-

4888 2588 80 27 ses.
4983 2579 107 36 C'est
5110 2586 57 28 un
5186 2576 61 37 fat
5259 2577 44 36 et
5318 2584 58 28 un
5391 2575 78 40 sot,
5487 2575 53 36 de
5569 2575 95 40 plus
5681 2580 83 28 une
5778 2579 86 27 cra-

4889 2623 109 39 pule.
5033 2623 53 36 La
5111 2621 126 37 jeune
5261 2633 21 21 «
5307 2619 205 40 première
5531 2631 20 21 »
5570 2627 52 28 ne
5640 2617 86 37 s'en
5744 2613 124 39 doute

4889 2677 29 25 S
4920 2667 98 35 point.
5039 2665 85 37 Elle
5142 2675 54 27 ne
5227 2674 45 27 se
5291 2674 53 27 ne
5363 2673 74 29 pas
5462 2672 54 28 au
5536 2671 97 31 gros
5660 2661 82 36 bon
5772 2667 98 28 sens

4918 2720 24 26 e
4958 2718 76 28 son
5052 2710 128 36 brave
5210 2708 167 36 homme
5394 2709 52 33 de
5463 2707 111 39 père.
5594 2705 31 36 Il
5644 2704 59 36 lui
5719 2703 89 36 faut
5825 2701 40 36 le

4890 2753 170 45 lâchage
5077 2761 102 30 avec
5192 2752 137 37 toutes
5347 2750 62 38 les
5435 2750 130 37 suites
5591 2756 106 38 pour
5721 2744 149 49 qu'elle

4889 2810 29 30 y
4935 2800 93 38 voie
5046 2797 767 43 clair...
5844 2835 8 5 ,

4935 2843 96 37 Cela
5043 2842 199 38 confirme
5271 2839 97 38 bien
5397 2849 46 28 ce
5471 2839 71 44 qui
5569 2847 46 28 se
5640 2839 137 40 disait,
5804 2845 64 32 ici,

4890 2887 318 37 dernièrement,
5230 2885 103 37 dans
5351 2892 82 29 une
5451 2882 240 42 chronique,
5717 2888 54 28 au
5801 2888 70 28 su-

4887 2934 63 37 jet
4981 2934 73 36 des
5088 2930 190 41 prompts
5305 2937 183 34 amours,
5523 2927 35 37 si
5592 2924 209 46 aveugles,
5836 2923 35 36 si

4892 2977 249 40 niaisement
5161 2975 161 42 placés,.
5331 2973 74 39 des
5430 2972 137 39 toutes
5585 2970 149 47 jeunes
5753 2970 117 35 filles.

4892 3027 53 32 La
4963 3023 317 40 chroniqueuse,
5287 3029 103 30 avec
5398 3029 47 27 sa
5462 3016 258 40 coutumière
5732 3023 139 34 verve,

4891 3069 171 37 donnait
5089 3069 26 35 à
5139 3067 161 37 sourire
5321 3074 81 28 aux
5419 3064 156 42 dépens
5600 3062 53 36 de
5680 3069 70 27 ces
5769 3067 102 37 pau-

4893 3122 96 31 vres
5007 3112 163 39 enfants
5188 3111 43 38 et
5255 3109 139 40 raison
5409 3109 25 37 à
5448 3107 40 39 la
5514 3116 98 38 sage
5639 3104 227 40 résistance

4891 3160 75 38 des
4984 3159 169 48 parents
5167 3156 168 40 avertis.

4938 3205 101 37 Mais
5067 3203 40 39 la
5134 3203 227 39 chronique
5384 3201 111 37 reste
5525 3198 25 38 à
5566 3197 178 45 parfaire
5773 3203 102 29 avec

4893 3251 115 35 toute
5035 3250 40 36 la
5098 3248 100 38 pitié
5222 3246 206 40 réfléchie,
5458 3244 116 38 toute
5599 3242 40 38 la
5660 3241 214 38 tendresse

4893 3294 341 37 compréhensive
5265 3293 43 36 et
5334 3291 114 37 toute
5477 3289 41 38 la
5544 3287 152 39 subtile
5720 3285 154 38 délica-

4893 3342 111 36 tesse
5017 3339 103 38 dues
5136 3348 79 28 aux
5233 3336 218 40 matinales
5464 3334 218 38 floraisons
5690 3331 51 38 de
5754 3330 121 38 l'âme

4895 3387 209 37 féminine.
5124 3386 88 37 Aux
5227 3383 180 41 parents,
5425 3381 35 38 si
5479 3377 311 47 généralement
5807 3385 71 28 ou-

4893 3433 139 35 blieux
5055 3441 55 27 ou
5139 3429 258 39 dédaigneux
5424 3427 74 37 des
5528 3425 153 38 larmes
5709 3423 51 37 de
5785 3423 92 35 leur

4894 3486 150 30 propre
5055 3475 208 40 jeunesse,
5289 3473 36 37 si
5340 3471 241 39 sèchement
5592 3466 231 49 impératifs
5834 3466 44 36 et

4893 3523 279 36 raisonneurs,
5201 3519 29 39 il
5256 3519 110 38 reste
5391 3517 25 38 à
5444 3515 219 43 enseigner
5692 3521 82 30 non
5802 3519 74 39 pas

4893 3568 121 35 qu'ils
5037 3566 181 35 'doivent
5247 3579 20 19 «
5290 3563 265 38 admonester
5579 3575 20 19 »
5620 3560 43 38 et
5687 3573 19 19 «
5725 3558 151 38 mettre

4892 3624 53 25 en
4971 3611 273 38 surveillance
5255 3624 19 18 »
5288 3608 53 41 la
5341 3608 143 41 gamine
5494 3605 172 44 précoce
5672 3603 122 38 osant
5809 3602 67 36 les

4895 3657 199 32 informer
5111 3669 19 20 «
5145 3653 147 39 qu'elle
5305 3661 107 28 aime
5430 3660 106 29 pour
5551 3649 40 37 la
5613 3648 67 39 vie
5693 3649 11 35 !
5731 3661 20 19 »
5770 3648 106 36 mais

4894 3703 124 35 qu'ils
5043 3701 169 37 doivent
5237 3709 53 27 au
5321 3696 205 39 contraire
5551 3694 60 38 lep
5638 3693 95 45 plus
5751 3691 125 37 affec-

4896 3750 169 34 tueuses
5083 3747 42 36 et
5147 3744 185 39 sincères
5352 3741 253 39 révélations
5622 3748 53 28 de
5694 3737 92 47 leur
5804 3745 73 30 ex»

4895 3793 189 36 périence
5115 3792 24 35 à
5168 3790 40 37 la
5232 3789 126 40 jeune
5383 3787 83 37 fille
5491 3784 143 45 qu'ont
5653 3784 136 45 dupée
5814 3783 62 35 les

4894 3845 247 37 mensonges
5152 3835 74 36 des
5242 3835 125 35 livres
5391 3831 47 37 et
5438 3831 63 37 de
5523 3831 40 35 la
5587 3827 157 39 famille
5772 3827 104 36 elle-

4895 3881 149 38 même.

4938 3946 82 35 Que
5051 3939 315 42 d'irréparables
5401 3937 167 39 sottises
5609 3935 73 39 ont
5723 3941 149 40 provo-

4895 3990 129 37 quées
5041 3988 61 36 les
5117 3986 275 41 indignations
5428 3982 200 45 stupides,
5657 3980 221 44 exagérées

4896 4035 42 34 et
4967 4031 275 38 rabâcheuses
5274 4030 73 35 des
5377 4026 154 39 mères!
5565 4035 81 34 que
5681 4026 194 34 d'exalta-

4897 4080 120 35 tions,
5038 4078 60 37 les
5111 4076 143 38 ordres
5271 4074 73 37 des
5360 4073 134 44 pères,
5511 4081 81 34 que
5610 4070 52 37 de
5677 4068 192 40 suicides,

4896 4125 94 44 plus
5008 4134 52 28 ou
5089 4122 133 39 moins
5245 4121 166 41 directs,
5443 4118 113 40 leurs
5583 4115 292 40 terrorisantes

4899 4168 208 41 menaces!

4972 4238 30 25 a
5081 4252 29 4 -
5213 4241 30 30 j%
5257 4231 21 36 |
5334 4229 47 35 12
5421 4225 155 41 février.
5612 4243 46 8 —
5691 4225 108 41 Reçu
5835 4229 47 27 ce

4914 4291 50 24 —a
4979 4270 21 40 i
5376 4272 143 36 carton
5539 4280 9 26 :

4914 4304 50 56 ■f
4979 4304 183 45 **a"'
5279 4313 15 17 *
5419 4316 197 39 Ministère
5625 4313 66 39 des
5702 4314 180 37 Travaux

4914 4382 2 12 1
5292 4375 13 17 r
5368 4363 164 41 pubtîcs,
5546 4361 112 36 lundi
5672 4361 46 35 tt
5725 4359 156 41 ft;vrier,

5375 4407 48 35 de
5463 4406 103 36 deux
5595 4405 134 35 heures
5749 4405 26 32 A
5805 4403 81 39 sept

4899 4452 147 40 heures,
5065 4455 37 34 et
5136 4451 128 37 mardi
5299 4451 61 38 45,
5385 4440 47 47 de
5461 4450 103 37 deux
5581 4448 137 37 heures
5740 4448 26 34 à
5795 4454 90 28 onze

4899 4498 149 39 heures,
5064 4507 87 28 sous
5181 4498 40 36 la
5240 4496 223 43 présidence
5486 4495 212 38 d'honneur
5715 4492 47 37 de
5783 4491 100 37 Mine

4902 4545 151 43 Turrel,
5072 4545 140 35 VENTE
5231 4553 53 27 DE
5296 4544 182 36 CHARITÉ
5493 4552 53 26 (JU
5559 4539 118 49 profil
5694 4539 47 37 de
5761 4537 121 37 l'Œu.-

4899 4599 66 27 vre
4982 4589 66 36 des
5067 4588 161 37 Coiches
5243 4588 250 45 parisiennes,
5513 4589 71 33 etc.

4944 4633 125 38 J'irai,
5083 4632 310 39 certainement;
5411 4631 43 40 je
5472 4630 138 37 revois
5617 4637 149 27 encore
5784 4626 108 36 cette

4905 4677 327 38 attendrissante
5251 4675 126 43 petite
5403 4673 245 45 marmaille,
5673 4672 35 38 si
5733 4669 158 49 fragile,

4903 4723 35 38 si
4953 4722 173 38 dénuée,
5146 4723 42 37 et
5202 4721 86 41 qui,
5304 4721 104 38 dans
5435 4721 61 39 les
5524 4721 141 38 vastes
5684 4719 42 37 et
5745 4717 149 38 claires

4904 4769 126 36 salles
5063 4769 75 36 des
5172 4768 184 40 crcèhes,
5377 4767 102 36 était
5506 4776 54 28 en
5592 4774 83 27 une
5708 4761 188 39 sécurité

4901 4813 188 37 joyeuse.
5117 4814 47 34 Je
5202 4819 69 27 me
5319 4810 186 40 rappelle
5548 4810 120 35 notre
5717 4807 180 43 chagrin

4907 4856 140 41 quand
5077 4856 62 38 les
5173 4853 241 40 directrices
5448 4863 107 29 nous
5584 4851 206 43 parlaient
5819 4849 80 37 des

4908 4903 128 40 bébés
5067 4903 125 41 qu'on
5225 4910 52 30 ne
5311 4900 175 43 pouvait
5509 4897 179 47 prendre
5707 4897 112 38 faute
5850 4895 50 37 de

4908 4951 70 37 lits
4996 4952 42 34 et
5056 4949 137 37 même
5211 4948 96 36 d'un
5328 4957 162 33 pauvre
5518 4947 104 43 petit
5639 4945 85 45 qui,
5745 4943 158 38 n'étant

4910 5005 74 29 pas
4996 4994 56 37 du
5071 4993 199 39 quartier,
5284 4992 76 37 dut
5377 4993 150 36 rendre
5545 5000 47 27 sa
5609 4990 131 41 place,
5761 4989 141 35 rentra

4909 5040 100 39 chez
5027 5039 72 45 lui,
5120 5039 67 45 où,
5215 5037 112 39 faute
5360 5036 50 40 de
5441 5035 288 45 surveillance,
5743 5032 51 39 de
5822 5032 80 38 bon

4908 5087 76 39 lait
5000 5088 42 37 et
5059 5086 51 38 de
5124 5086 112 46 jeux,
5257 5084 28 38 il
5305 5086 181 37 mourut.

5357 5148 44 34 13
5415 5146 158 36 février.
5594 5163 44 7 —
5656 5141 245 41 L'alchimie,

4920 5206 15 22 1
4986 5181 42 47 û
5082 5185 236 43 T—«n1'***
5397 5189 41 38 la
5463 5189 136 39 magie
5623 5188 104 36 dans
5744 5186 40 37 le
5803 5185 101 37 sim-

4921 5233 11 41 I
4958 5250 74 24 Al
5049 5227 107 47 i)'"1
5397 5235 67 39 ple
5501 5235 125 38 décor
5653 5233 94 37 d'un
5785 5230 117 38 salon

4922 5278 111 45 1-IP
5051 5278 33 15 "
5247 5293 6 14 ■
5397 5272 237 48 bourgeois.
5651 5279 100 37 Mais
5763 5277 41 38 la
5819 5286 86 27 ma-

4967 5329 53 41 J
5398 5328 65 42 gie
5479 5326 210 44 moderne,
5709 5322 104 40 celle
5831 5322 73 37 des

4913 5383 270 37 laboratoires
5206 5382 56 37 où
5298 5386 46 31 se
5375 5383 161 37 prouve
5555 5372 161 46 chaque
5736 5369 98 47 jour
5859 5368 39 36 la

4914 5429 188 35 fameuse
5130 5427 148 37 faillite
5300 5425 46 37 de
5373 5419 39 37 la
5428 5420 146 36 science
5592 5425 76 39 par
5686 5424 82 28 une
5799 5422 105 28 nou-

4913 5473 108 39 velle
5038 5471 205 41 conquête
5258 5471 74 39 des
5353 5464 217 41 méthodes
5588 5462 314 50 expérimenta;

4913 5523 76 34 les.
5014 5520 231 37 L'alchimie
5272 5515 198 42 sérieuse,
5507 5511 74 39 des
5614 5511 169 37 savants
5825 5515 72 38 qui

4915 5577 97 27 sans
5043 5575 128 30 cesse,
5204 5558 352 47 tranquillement,
5595 5555 254 36 substituent
5864 5555 38 31 le

4915 5611 171 36 miracle
5109 5609 73 34 des
5201 5609 135 34 forces
5359 5604 52 38 de
5426 5604 40 37 la
5484 5604 148 36 nature
5651 5607 139 30 mieux
5805 5604 96 30 con-

4915 5669 104 26 nues
5047 5667 53 28 au
5134 5655 170 40 miracle
5330 5651 104 41 niais
5480 5649 56 38 du
5569 5645 255 40 Surnaturel.
5855 5645 47 35 Je

4915 5707 119 32 viens
5053 5703 156 36 d'avoir
5224 5711 47 27 ce
5295 5695 206 44 spectacle
5516 5703 55 27 au
5587 5694 313 35 rez-de-chaus-

4917 5750 69 36 sée
5003 5749 54 37 du
5073 5748 102 38 petit
5193 5745 111 39 hôtel
5334 5744 57 36 du
5410 5742 206 36 socialiste
5643 5738 258 44 Argyriadès,

4917 5798 25 33 à
4958 5793 175 38 Auteuil.
5153 5793 49 38 Et
5216 5789 240 41 volontiers,
5482 5793 80 38 par
5579 5784 262 46 parenthèse,
5858 5784 44 39 je

4917 5839 273 40 soulignerais
5223 5838 39 36 le
5291 5834 88 39 mot
5411 5830 191 39 socialiste
5652 5830 128 43 ayant
5827 5832 74 28 ose

4919 5888 131 38 écrire
5074 5885 38 38 le
5131 5883 88 39 mot
5245 5878 209 48 bourgeois.

4963 5934 60 30 Un
5036 5931 127 33 jeune
5182 5929 165 35 homme
5378 5920 138 44 blond,
5545 5916 207 40 socialiste
5773 5923 127 34 aussi,

4919 5980 49 29 M.
4987 5978 35 31 J.
5049 5977 163 32 Breton,
5228 5974 64 35 est
5309 5971 39 36 le
5367 5975 119 34 mage
5499 5973 52 29 en
5567 5963 214 44 redingote
5799 5963 50 33 de
5865 5963 39 32 la

4920 6023 162 34 séance.
5102 6021 58 34 On
5177 6029 26 23 a
5230 6017 74 37 fait
5323 6015 40 37 la
5392 6012 92 37 nuit
5515 6008 103 36 dans
5643 6007 39 36 le
5713 6007 118 35 salon
5864 6007 42 32 et

4921 6068 101 34 dans
5047 6065 40 37 la
5118 6064 101 38 salle
5247 6063 25 36 à
5297 6065 193 37 manger;
5510 6062 84 30 non
5613 6060 105 39 pour
5734 6056 171 40 impres-

4920 6114 167 30 sionner
5106 6109 254 35 l'assistance
5379 6103 43 37 et
5449 6101 39 37 la
5506 6101 190 43 disposer
5723 6102 180 31 nerveu-

4921 6158 163 30 sement
5107 6158 25 30 à
5155 6169 19 19 «
5194 6153 130 35 gober
5348 6165 18 19 »
5386 6149 39 37 le
5445 6144 187 44 Mystère.
5653 6145 57 35 On
5729 6151 23 27 a
5773 6143 74 34 fait
5865 6143 41 33 la

4921 6205 90 27 nuit
5046 6211 106 22 pour
5184 6200 138 32 mieux
5357 6195 102 37 faire
5494 6192 102 37 voir.
5629 6190 49 36 Et
5712 6196 98 28 sous
5845 6187 60 34 les

4920 6249 134 35 mains
5080 6247 56 37 du
5163 6244 108 40 loyal
5301 6237 335 42 démonstrateur
5665 6243 22 27 s
5699 6231 204 39 allument

4921 6296 61 36 les
4999 6296 178 36 topazes,
5199 6291 60 37 les
5277 6284 269 48 améthystes,
5559 6282 59 38 les
5643 6282 178 50 saphirs,
5843 6282 60 32 les

4919 6341 117 34 rubis
5047 6340 73 35 des
5136 6335 216 40 ampoules
5369 6331 279 38 multiformes
5663 6336 55 26 ou
5737 6333 45 28 se
5807 6331 100 38 pro-

4920 6386 88 35 duit
5027 6384 41 37 la
5080 6382 203 39 décharge
5315 6376 242 45 électrique.
5577 6374 74 35 Les
5676 6378 144 37 rayons
5845 6377 61 25 ca-

4919 6430 197 32 thodiques
5135 6436 103 26 nous
5258 6420 287 42 émerveillent
5567 6420 51 34 de
5643 6424 70 30 ces
5737 6420 165 31 féeries.

4919 6479 73 30 Les
5011 6476 132 33 tubes,
5171 6473 61 36 les
5257 6471 163 37 ballons
5449 6464 240 40 étincellent
5717 6461 51 36 de
5793 6467 111 38 gem-

4919 6530 90 23 mes
5027 6528 159 25 comme
5205 6527 50 26 en
5277 6515 149 38 fusion,
5442 6512 70 41 qui
5529 6508 289 38 vibrent.Puis,
5833 6512 75 28 sur

4919 6576 58 26 un
4992 6566 112 36 large
5122 6564 138 38 écran,
5277 6561 60 37 les
5356 6567 144 35 rayons
5524 6556 77 36 X...
5634 6551 273 37 silhouettent

4919 6612 73 34 des
5012 6609 226 37 squelettes
5256 6607 50 39 de
5323 6605 147 41 mains,
5484 6601 52 38 de
5555 6601 110 41 bras,
5674 6601 25 33 d
5713 6601 189 42 épaules.

4920 6660 48 32 Et
4984 6659 80 33 l'on
5076 6657 159 34 admire
5254 6654 38 37 le
5308 6651 88 39 vrai
5417 6647 183 41 miracle,
5621 6646 44 36 et
5677 6645 11 35 l
5702 6651 55 30 on
5775 6648 129 39 songe

4920 6706 24 33 à
4968 6704 40 35 la
5035 6701 145 38 chaîne
5199 6701 51 35 de
5273 6696 194 39 miracles
5491 6690 194 40 indéfinie
5705 6697 82 27 que
5807 6694 96 29 sera

4921 6749 41 32 la
4980 6747 291 34 Science,pour
5296 6744 40 35 la
5356 6741 98 40 joie,
5472 6738 40 38 la
5529 6738 170 43 dignité,
5723 6738 39 31 le
5793 6738 118 29 bien-

4921 6795 88 31 ètre
5021 6792 111 34 aussi
5149 6791 51 35 de
5220 6784 256 42 l'humanité.
5495 6785 58 36 On
5570 6781 90 37 sort
5675 6781 111 45 plein
5800 6780 26 32 d
5840 6784 66 27 es-

4922 6839 111 35 poir;
5050 6847 54 27 on
5123 6847 45 27 se
5187 6835 61 37 dit
5263 6843 82 31 que
5361 6832 39 36 le
5425 6829 117 39 Salut
5559 6826 201 38 s'élabore
5777 6824 131 35 lente-

4920 6885 117 35 ment
5053 6892 73 28 sur
5149 6883 95 35 tous
5272 6880 61 36 les
5361 6876 137 44 points
5529 6873 51 36 de
5608 6872 40 36 la
5667 6872 167 45 planète
5854 6875 55 27 olt

4920 6930 74 32 des
5008 6930 192 32 hommes
5219 6925 155 37 calmes
5393 6919 237 39 observent,
5649 6919 260 41 expérimen-

4921 6975 131 34 tent...
5072 6975 44 34 et
5144 6972 80 37 l'on
5251 6969 131 40 plaint
5408 6967 51 37 M.
5489 6964 254 38 Brunetière,
5765 6960 148 44 syndio

4921 7019 207 38 halluciné
5146 7018 122 36 d'une
5286 7010 288 47 banqueroute
5589 7009 26 37 à
5632 7016 47 28 ce
5699 7008 118 45 point
5837 7008 80 31 fas-

4889 7057 9 45 I
4922 7069 162 34 tueuse.

5320 7101 337 40 MARY-LÉOPOLD
5676 7096 183 36 LACOUR.

5036 7238 736 118 POURQUOI
5812 7234 58 94 ?

4976 7462 164 35 Depuis
5167 7458 213 39 quelques
5414 7456 143 36 jours,
5574 7449 44 41 la
5641 7445 166 43 lecture
5832 7443 81 40 des

4926 7516 200 39 comptes
5145 7512 167 42 rendus
5327 7509 61 41 du
5414 7504 158 50 procès
5591 7497 191 53 Dreyfus
5802 7495 113 40 dans

4926 7570 65 33 les
5034 7568 150 35 divers
5227 7570 189 33 organes
5447 7558 56 40 de
5533 7554 41 41 la
5615 7559 153 44 presse
5801 7557 117 43 pari-

4928 7620 153 34 sienne
5116 7617 147 37 donne
5276 7613 88 39 lieu
5383 7611 27 38 à
5427 7609 80 39 des
5523 7609 333 44 comparaisons
5875 7601 44 36 et

4926 7668 28 34 à
4985 7669 80 33 des
5100 7662 308 38 observations
5438 7659 92 37 très
5560 7659 244 35 curieuses,
5821 7653 44 35 et
5889 7653 30 32 il

4927 7718 69 36 est
5011 7718 101 35 bien
5131 7710 266 44 intéressant
5426 7709 57 41 de
5517 7704 225 44 constater
5765 7709 27 32 à
5815 7700 103 49 quel

4927 7770 125 38 point
5065 7769 41 39 le
5122 7766 146 42 même
5287 7764 79 40 fait
5391 7761 108 47 peut
5520 7764 200 35 recevoir
5734 7752 28 42 d
5779 7752 136 39 inter-

4927 7819 243 46 prétations
5201 7812 269 43 différentes,
5499 7810 44 38 et
5567 7806 147 40 même
5749 7806 170 35 diamé-

4927 7867 235 43 tralement
5187 7863 230 53 opposées.

4978 7919 61 37 Là
5065 7919 58 36 où
5139 7926 114 30 vous
5271 7914 105 40 lisez
5395 7911 112 41 dans
5528 7907 14 41 1
5555 7906 187 42 "Aurore:
5767 7902 145 40 «Très

4928 7971 102 36 bien
5047 7970 9 36 !
5075 7969 143 37 Bravo
5237 7967 9 37 !
5264 7980 19 20 »
5306 7973 112 31 vous
5441 7962 182 37 trouvez
5635 7957 113 39 dans
5763 7954 14 38 l
5791 7954 120 38 J&cAo

4929 8019 55 41 de
5008 8017 128 42 Paris
5156 8027 11 28 :
5189 8031 21 20 «
5229 8014 97 42 Cris
5345 8013 55 39 de
5418 8005 288 56 protestation
5725 8017 38 23 ».

4978 8069 62 41 Là
5056 8069 58 41 où
5137 8065 39 44 le
5201 8062 142 47 Siècle
5366 8059 207 51 imprime
5594 8067 10 29 :
5625 8069 21 23 «
5664 8054 88 41 Des
5778 8053 140 40 accla-

4929 8122 191 39 mations
5133 8114 326 47 enthousiastes
5472 8108 331 52 remplissentle
5817 8108 100 46 pré-

4929 8175 112 37 toire
5060 8186 37 30 »,
5120 8170 40 39 le
5177 8168 110 41 Jour
5305 8165 92 41 met
5413 8174 10 28 :
5455 8177 21 20 «
5500 8164 62 37 La
5596 8159 106 39 salle
5734 8159 180 36 retentit

4931 8226 55 40 de
5004 8223 221 41 clameurs
5242 8214 232 53 indignées
5497 8226 38 24 ».

4980 8273 63 38 Là
5075 8274 59 37 où
5166 8271 107 40 chez
5303 8267 93 43 l'un
5423 8273 114 33 vous
5561 8269 138 42 voyez
5721 8268 12 30 :
5765 8270 22 22 «
5806 8256 113 39 Vive

4929 8324 78 45 Zola
5007 8324 47 45 1
5085 8338 21 23 »
5135 8321 108 43 chez
5273 8319 154 41 l'autre
5455 8313 109 44 c'est
5583 8323 11 30 :
5626 8325 21 23 a
5674 8309 42 42 A
5737 8309 82 40 bas
5855 8309 65 37 les

4929 8377 118 42 Juifs
5060 8376 10 38 !
5084 8390 20 21 »

4990 8425 302 48 Pourquoi?...

5711 8474 109 43 PUG.

4934 8614 106 74 LA
5064 8598 384 88 MÉTHODE
5470 8592 454 86 BERTILLON

4986 8763 182 35 J'avoue
5182 8754 259 40 hautement
5459 8750 174 43 blâmer
5651 8745 64 42 les
5735 8743 114 41 rires
5864 8742 66 40 in-

4937 8810 273 37 convenants
5239 8807 76 40 qui
5351 8805 79 42 ont
5463 8797 203 48 accueilli
5687 8796 43 42 la
5746 8796 185 40 savante

4939 8863 247 39 déposition
5205 8861 57 41 de
5288 8858 61 44 M.
5385 8853 225 45 Bertillon.
5646 8848 35 43 n
5713 8850 70 40 est
5801 8845 130 43 facile

4939 8920 57 33 de
5035 8913 239 40 s'esclaffer
5299 8920 91 33 aux
5417 8900 377 50 démonstrations
5822 8907 30 33 d
5869 8907 63 32 un

4939 8968 267 39 innovateur
5234 8977 12 30 :
5274 8962 32 44 il
5323 8960 137 45 serait
5473 8953 219 54 peut-être
5706 8951 104 55 plus
5825 8959 108 34 COD-

4942 9019 188 41 venable
5145 9018 58 41 de
5219 9015 156 43 tacher
5385 9012 58 43 de
5458 9009 68 44 les
5541 9005 296 54 comprendre
5854 9014 13 39 ;
5883 9011 53 34 ce

4941 9085 90 26 que
5050 9078 224 33 personne
5307 9066 114 44 dans
5453 9058 249 47 raadito&e
5720 9067 32 33 n
5765 9066 33 33 a
5822 9063 114 48 para

4942 9125 123 41 taire.
5065 9125 54 41 n
5139 9122 70 44 est
5222 9117 160 46 visible
5395 9125 90 41 que
5495 9113 43 44 le
5550 9111 152 55 public
5722 9109 74 43 n'a
5809 9119 63 44 pu
5889 9116 50 34 se

4942 9181 194 37 hausser
5146 9174 30 44 à
5185 9169 204 47 l'altitude
5389 9169 75 47 de
5479 9176 77 34 ces
5568 9164 372 44 transcendantes

5298 9221 61 50 et,
5390 9226 179 38 comme
5595 9216 83 45 des
5706 9216 234 47 vandales,

4945 9292 60 35 on
5018 9291 30 33 a
5071 9276 107 46 failli
5195 9277 103 41 tuer
5312 9283 51 34 ce
5391 9269 161 47 savant
5574 9270 201 45 homme.

5961 1877 131 44 Iliton
6113 1877 243 46 ilniHPi
6375 1873 188 51 IntiHirf

5938 1930 142 50 haque
6091 1929 105 50 jour
6207 1927 257 51 davantage!

5961 1980 62 41 La
6054 1978 171 43 science
6255 1978 57 41 de
6338 1978 62 42 M.
6418 1975 208 43 Bertillon
6660 1974 69 42 est
6758 1982 137 43 pour-

5938 2031 80 40 mt,
6064 2028 192 45 quoique
6289 2028 29 40 à
6356 2038 80 30 son
6481 2027 198 44 enfance,
6719 2023 176 41 arrivée

5941 2079 73 42 éjà
6029 2089 88 30 aux
6150 2081 100 40 plus
6266 2077 288 44 surprenants
6585 2072 220 41 résultats.
6837 2071 56 40 Et

5938 2140 88 30 our
6052 2128 40 42 le
6117 2137 209 35 prouver,
6369 2126 60 42 M.
6459 2121 223 47 Bertillon,
6718 2119 177 42 imitant

5938 2191 29 29 n
5993 2178 93 42 cela
6117 2180 40 39 le
6191 2178 107 41 haut
6324 2175 201 48 exemple
6563 2172 145 42 donné
6727 2181 80 41 par
6824 2170 63 41 M.

5938 2230 74 34 iota
6035 2227 239 41 lui-même,
6306 2226 148 45 quand
6480 2225 28 39 il
6529 2223 104 41 s'est
6659 2222 128 40 offert
6804 2229 92 31 aux

5938 2279 237 44 xpériences
6175 2279 87 44 du
6278 2279 182 41 docteur
6468 2274 234 48 Toulouse,
6723 2283 27 30 a
6763 2269 132 42 laissé

5944 2343 29 28 n
5992 2333 54 39 de
6061 2341 72 30 ses
6145 2329 145 41 élèves
6298 2339 54 31 en
6366 2328 110 41 faire
6493 2327 41 40 la
6545 2321 354 46 démonstration

5939 2392 54 29 ur
6006 2379 240 41 lui-même.

5965 2431 77 41 Cet
6059 2429 136 47 élève,
6216 2429 40 41 le
6281 2427 155 43 savant
6454 2428 60 41 M.
6535 2426 219 41 Diafoirus
6773 2423 123 51 (nom

5938 2479 279 47 aalheureux,
6239 2479 88 48 j'en
6357 2477 225 49 conviens,
6616 2477 112 41 mais
6758 2486 58 30 on
6840 2483 59 32 ne

5938 2531 330 47 hoisitpasson
6296 2529 136 49 nom),
6451 2529 104 39 s'est
6585 2528 109 40 livré
6733 2537 79 29 sur
6828 2525 65 40 M.

5938 2577 202 47 iertillon,
6157 2579 176 40 suivant
6353 2578 42 39 la
6411 2578 203 39 méthode
6634 2577 54 39 de
6709 2586 70 30 ses
6799 2584 97 41 pro-

5938 2636 84 32 pres
6034 2627 275 41 recherches,
6325 2627 28 40 à
6371 2638 86 30 une
6484 2627 113 41 série
6615 2625 285 51 d'investiga-

5938 2677 98 39 ions
6055 2677 107 38 dont
6183 2677 64 39 les
6277 2677 205 39 résultats
6516 2677 78 38 ont
6619 2675 145 44 établi,
6783 2675 112 39 d'in-

5938 2724 250 41 ontestable
6207 2725 140 49 façon,
6358 2724 272 39 l'infaillibité
6649 2724 55 38 de
6723 2733 49 28 sa
6800 2733 98 29 ma-

5938 2775 107 41 tière
6065 2774 55 40 de
6137 2774 227 58 procéder.

5972 2825 62 41 M.
6054 2823 220 41 Diafoirus
6303 2834 26 29 a
6357 2823 92 49 pris
6480 2822 179 40 d'abord
6679 2821 42 40 la
6750 2820 146 50 signa-

5944 2884 78 31 ure
6039 2874 57 40 de
6130 2883 81 29 son
6246 2874 157 39 maître
6426 2871 43 41 et
6484 2872 111 39 voici
6615 2881 48 29 ce
6698 2870 103 51 qu'il
6834 2881 28 38 y
6879 2880 23 29 a

5944 2924 137 40 rouvé
6099 2934 9 28 :
6144 2922 207 41 Bertillon
6386 2931 48 30 se
6468 2930 208 42 compose
6705 2919 54 41 de
6784 2920 119 39 deux

5938 2974 150 43 parties
6115 2972 371 52 logographiques
6511 2971 101 41 bien
6641 2970 228 40 distinctes
6888 2980 12 28 :

5938 3042 9 20 <
5968 3026 103 40 Bert
6089 3040 21 21 »
6129 3026 42 39 et
6185 3041 20 20 «
6225 3025 103 39 ilion
6346 3039 35 24 ».
6404 3022 99 41 Bert
6526 3022 119 40 étant
6664 3022 62 40 les
6746 3022 155 49 quatre

5938 3075 229 43 premières
6177 3075 150 40 lettres
6339 3075 55 39 de
6413 3072 165 46 Berthe,
6590 3072 120 39 doux
6728 3079 103 32 nom
6846 3072 56 38 de

5938 3128 155 40 'emme
6113 3137 89 30 aux
6229 3124 287 43 associations
6549 3133 175 35 suaves,
6754 3120 148 53 repré-

5938 3179 112 41 ;ente
6069 3177 41 41 la
6123 3177 139 48 partie
6279 3175 284 47 imaginative
6578 3175 42 40 et
6640 3173 136 41 idéale
6795 3183 55 30 de
6865 3171 44 42 la

5938 3228 284 41 personnalité
6237 3229 59 39 du
6314 3226 129 48 sujet.
6473 3224 241 42 lllonétant
6735 3223 42 40 la
6805 3233 103 30 con-

5938 3290 225 34 sonnance,
6180 3278 150 41 exacte
6342 3278 44 40 et
6400 3275 295 50 complète,du
6705 3273 91 40 mot
6810 3272 96 40 mil-

5945 3331 86 47 ion,
6057 3329 254 49 représente
6328 3327 43 41 la
6382 3326 139 50 partie
6538 3325 198 51 vulgaire
6747 3323 44 41 et
6803 3333 104 31 sen-

5938 3381 128 43 suelle
6077 3382 61 40 du
6146 3389 289 39 personnage.
6444 3376 107 50 Or,il
6566 3377 220 48 sauteaux
6786 3377 123 48 yeux

5938 3444 78 33 lue
6051 3433 113 40 dans
6198 3432 42 40 la
6275 3431 226 45 signature
6531 3427 287 49 authentique
6850 3426 60 39 du

5938 3484 163 47 nattre,
6120 3482 64 41 les
6202 3481 154 50 quatre
6375 3478 239 53 premières
6639 3477 148 41 lettres
6807 3475 101 41 sont

5938 3534 134 42 outes
6090 3544 57 32 en
6176 3532 137 43 déliés
6339 3532 44 42 et
6412 3530 40 43 le
6481 3529 117 44 reste
6627 3538 55 33 en
6706 3529 132 52 plein,
6859 3535 52 33 ce

5938 3586 64 45 lui
6020 3596 41 35 a,
6079 3596 105 29 sans
6214 3583 230 46 contredit,
6474 3583 111 39 cette
6613 3579 295 51 signification

5938 3646 78 34 jue
6042 3634 41 41 le
6119 3633 168 47 savant,
6320 3632 175 40 sautant
6523 3641 113 39 pour
6667 3629 112 40 ainsi
6812 3629 97 38 dire

5938 3696 95 32 ;ans
6051 3685 65 46 s'y
6133 3683 169 43 arrêter
6318 3693 79 31 sur
6413 3682 64 42 les
6495 3680 237 48 apirations
6752 3678 156 41 nobles

5938 3738 34 42 ît
5999 3736 187 47 élevées,
6211 3734 208 41 s'attache
6447 3731 45 43 et
6522 3729 283 54 s'appesantit
6833 3737 79 31 sur

5938 3790 56 40 les
6011 3789 79 39 bas
6109 3786 218 40 instincts.

5979 3839 113 40 Mais
6126 3836 94 40 cela
6251 3835 112 40 n'est
6388 3843 159 32 encore
6573 3832 109 39 rien.
6717 3831 60 41 M.
6813 3830 102 38 Ber-

5938 3888 114 42 Sillon
6070 3898 27 30 a
6115 3885 171 43 déclaré
6304 3895 86 36 que
6409 3884 65 42 les
6493 3881 243 49 expertises
6771 3878 146 42 seules

5938 3942 48 41 le
6003 3939 216 42 l'écriture
6233 3948 57 32 ne
6310 3936 196 42 donnent
6522 3943 173 33 aucune
6702 3929 213 45 certitude

5938 3991 190 41 ibsolue.
6150 3990 90 40 Son
6258 3989 137 44 élève,
6429 3988 61 40 M.
6523 3985 235 45 Diafoirus,
6790 3982 125 40 selon

5938 4043 36 40 la
5988 4040 206 43 méthode
6218 4040 60 40 du
6309 4039 171 45 maître,
6505 4036 104 41 s'est
6637 4035 114 40 donc
6777 4031 140 52 appli-

5938 4093 80 48 qué
6036 4092 27 42 à
6091 4092 193 49 dégager
6303 4091 79 41 des
6408 4086 222 55 multiples
6662 4083 256 43 ambiances

5938 4143 362 50 impersonnelles
6331 4142 40 42 le
6419 4140 103 42 trait
6559 4139 361 48 caractéristique

5938 4200 54 38 de
6007 4202 42 35 la
6065 4195 253 41 dominante
6338 4195 59 38 du
6415 4191 131 51 sujet.

5985 4247 68 39 Au
6073 4255 131 31 cours
6220 4245 54 40 de
6291 4253 71 31 ses
6381 4241 278 44 recherches,
6671 4239 29 38 il
6718 4249 26 29 a
6757 4237 161 39 décou-

5938 4298 95 43 vert
6050 4307 86 35 que
6165 4295 63 43 les
6253 4294 329 48 logogrammes
6609 4289 65 42 les
6701 4288 103 54 plus
6832 4285 89 42 usi-

5938 4353 64 37 tés
6019 4351 62 39 du
6108 4349 171 41 maître,
6310 4347 76 43 qui
6417 4343 259 43 reviennent
6703 4341 220 39 constam-

5938 4400 121 40 ment
6077 4399 110 40 dans
6222 4407 73 30 ses
6324 4396 218 44 discours,
6562 4393 101 39 sont
6685 4390 175 40 schéma
6877 4388 45 40 et

5938 4448 245 55 géométrie.

5989 4498 172 44 Schéma,
6161 4498 86 44 que
6247 4498 87 44 le
6347 4496 157 42 maître
6519 4502 223 37 prononce
6755 4490 167 46 skema,

5941 4564 27 29 a
5984 4562 113 34 pour
6112 4549 299 43 consonnante
6423 4548 42 40 la
6476 4546 100 47 plus
6595 4544 171 42 voisine
6783 4540 140 53 scalp.

5943 4604 61 41 M.
6042 4601 223 44 Bertillon,
6303 4608 223 37 prononce
6565 4597 114 39 donc
6721 4594 200 43 schéma,

5945 4663 106 30 sous
6069 4651 260 41 l'obsession
6355 4648 227 41 constante
6614 4646 55 39 de
6699 4644 227 40 l'horrible

5947 4701 225 47 opération
6199 4701 61 42 du
6287 4699 134 45 scalp.
6452 4698 33 42 Il
6507 4697 69 42 est
6603 4694 217 44 halluciné
6848 4700 82 44 par

5948 4757 79 39 des
6043 4753 309 44 imaginations
6377 4749 251 47 sanglantes
6654 4748 43 40 et
6720 4746 208 48 sadiques

5950 4807 56 37 de
6029 4804 219 39 meurtres
6276 4804 186 41 atroces,
6491 4800 75 45 qui
6604 4799 77 38 ont
6718 4795 215 40 certaine-

5953 4853 122 41 ment
6091 4852 119 42 leurs
6228 4851 170 41 racines
6417 4850 111 40 dans
6547 4848 64 40 les
6626 4848 80 39 bas
6725 4843 205 41 instincts

5954 4907 54 41 de
6022 4904 192 44 cupidité
6232 4902 101 46 qu'a
6351 4900 169 44 révélés
6552 4909 49 31 sa
6622 4897 240 51 signature.
6883 4892 54 43 Et

5953 4967 176 29 comme
6144 4954 308 39 confirmation
6472 4952 26 39 à
6516 4962 74 29 ces
6608 4949 260 41 déductions
6881 4947 58 37 ri-

5956 5016 258 32 goureuses,
6229 5015 57 31 on
6299 5006 156 38 trouve
6469 5003 111 39 dans
6595 5010 81 30 son
6691 5000 127 38 autre
6846 4994 96 42 mot

5957 5059 162 46 favori,
6136 5056 246 54 géométrie,
6404 5055 39 42 le
6463 5063 105 33 nom
6593 5049 141 45 entier
6757 5049 55 42 de
6845 5046 94 42 l'af-

5957 5115 133 39 freux
6122 5110 197 42 assassin
6339 5109 209 49 Géomay.

6005 5163 53 39 Je
6075 5162 148 42 répète
6241 5169 87 33 que
6362 5159 60 40 M.
6451 5155 221 42 Diafoirus
6711 5153 67 39 est
6795 5150 147 41 arrivé

5956 5214 27 39 à
6001 5223 73 29 ces
6097 5211 262 42 déductions
6387 5218 55 31 en
6467 5205 177 43 suivant
6674 5202 110 40 dans
6814 5202 125 39 toute

5956 5266 98 40 leur
6082 5265 184 42 rigueur
6304 5262 63 40 les
6415 5255 359 52 enseignements
6810 5253 56 41 de
6902 5251 38 41 la

5957 5313 209 43 méthode
6227 5308 545 48 déduco-intuito-astrasp
6781 5305 164 39 iradale

5957 5369 55 41 de
6048 5378 81 30 son
6177 5366 171 44 maître,
6401 5363 43 41 et
6487 5371 86 39 que
6623 5359 96 40 leur
6763 5354 178 42 conclu-

5958 5420 98 40 sion
6080 5417 176 43 logique
6301 5415 67 41 est
6394 5422 85 38 que
6507 5412 60 40 M.
6613 5408 208 41 Bertillon
6865 5408 78 38 de-

5957 5471 104 41 vait,
6077 5465 387 40 nécessairemeut,
6489 5471 48 34 se
6559 5461 232 42 retrouver
6809 5458 130 47 mêlé,

5957 5526 55 39 de
6026 5523 189 50 quelque
6246 5522 126 47 façon
6402 5526 86 42 que
6518 5525 51 31 ce
6593 5513 97 46 soit,
6709 5513 26 39 à
6754 5510 188 42 d'inten-

5955 5586 66 29 ses
6036 5572 200 55 forfaits.

6007 5625 73 40 Or,
6111 5623 28 42 il
6158 5622 67 43 est
6248 5617 204 46 constant
6466 5627 86 38 que
6580 5616 60 43 M.
6662 5614 206 42 Bertillon
6891 5621 41 37 à,

5948 5689 90 31 par
6051 5674 108 42 libre
6175 5674 119 46 goût,
6316 5671 140 42 choisi
6475 5680 88 30 une
6591 5667 251 53 profession
6863 5663 77 52 qui

5951 5731 45 37 le
6013 5728 89 39 met
6115 5724 342 53 journellement
6479 5731 56 30 en
6555 5724 173 35 contact
6747 5727 111 30 avec
6879 5718 65 36 les

5956 5779 118 52 pires
6094 5775 220 43 scélérats.

6007 5831 60 40 M.
6094 5827 221 42 Diafoirus
6343 5823 133 49 ayant
6504 5822 114 42 ainsi
6655 5819 189 53 prouvé,
6865 5827 81 42 par

5955 5881 62 40 M.
6035 5878 208 42 Bertillon
6262 5875 246 44 lui-même,
6531 5870 284 44 l'excellence
6834 5871 54 38 de
6905 5870 43 38 la

5957 5930 207 40 méthode
6194 5929 55 41 de
6277 5928 60 40 M.
6365 5924 224 46 Bertillon,
6613 5933 58 30 on
6698 5919 246 51 s'explique

5957 5981 304 40 difficilement
6293 5976 204 42 l'hilarité
6525 5975 56 39 de
6617 5971 204 41 mauvais
6857 5968 90 40 aloi-

5957 6034 73 49 qui
6051 6029 206 43 accueille
6276 6024 328 44 constamment
6621 6022 65 41 les
6695 6019 249 43 assertions

5958 6085 55 41 de
6031 6093 81 31 son
6135 6082 170 40 maître.

6008 6135 31 34 îl
6059 6133 132 36 serait
6203 6134 145 35 temns
6361 6126 223 43 vraiment
6601 6136 61 29 au
6678 6134 58 31 on
6757 6122 69 42 fût
6844 6119 103 50 plus

5959 6187 87 40 séri
6056 6197 102 30 eux.

6575 6223 365 52 BRADAMANTE.

5964 6368 348 176 PRIMES
6420 6360 532 176 GRATUITES

6030 6578 98 78 de
6186 6576 58 42 "
6284 6576 128 74 La
6460 6568 320 80 Fronde
6830 6566 50 36 "

6020 6738 92 41 Par
6127 6737 112 41 suite
6255 6735 41 40 cr
6300 6734 259 45 importants
6577 6728 147 42 traités
6746 6737 84 42 que
6851 6735 107 30 nous

5968 6799 162 30 venons
6141 6786 55 43 de
6204 6797 150 34 passer
6364 6793 103 32 avec
6484 6781 44 42 la
6541 6780 171 42 maison
6728 6777 234 50 Hattinger

5970 6847 43 34 et
6047 6840 46 41 la
6120 6837 171 44 Société
6320 6835 74 41 des
6424 6844 116 30 eaux
6570 6831 54 41 de
6658 6829 300 43 Remoncourl,

5969 6901 111 32 nous
6095 6899 187 31 sommes
6299 6887 28 40 d
6352 6883 140 43 même
6509 6880 174 53 <Toffrir
6701 6879 259 52 gratuite-

5971 6942 149 42 ment
6131 6939 29 41 d
6179 6949 79 31 nos
6272 6946 231 32 nouveaux
6520 6932 189 42 abonnés
6724 6931 62 39 les
6796 6935 165 46 primes

5969 6994 221 42 suivantes
6211 7001 13 28 :

6028 7047 40 31 1°
6087 7043 114 39 Une
6217 7039 131 43 Joue
6375 7037 211 41 montre
6603 7033 71 41 de
6699 7031 164 41 dame
6889 7036 75 32 en

5970 7092 181 39 nickel
6177 7100 71 31 ou
6263 7088 159 40 acier
6447 7081 196 50 oxydé,
6669 7080 163 42 d'une
6867 7087 98 30 va-

5970 7146 121 40 leur
6126 7141 71 42 de
6222 7137 76 42 20
6335 7136 193 42 francs
6547 7142 120 45 pour
6683 7140 63 30 un
6775 7129 189 39 abonne-

5971 7199 120 36 ment
6109 7191 55 41 de
6178 7193 31 37 Il
6231 7199 96 30 ans.

6021 7246 43 38 2-
6081 7242 77 40 Un
6186 7236 170 43 réveil
6380 7235 37 40 à
6442 7232 212 44 cadran
6677 7229 285 41 lumineux

5970 7305 115 40 pour
6099 7303 60 30 un
6177 7288 289 43 abonnement
6481 7282 106 42 d'un
6603 7291 73 31 an.

6020 7344 78 41 Ces
6114 7343 117 42 deux
6244 7336 170 46 articles
6439 7338 199 47 garantis
6656 7337 103 35 trois
6787 7329 167 40 années

5970 7401 163 33 sortent
6164 7393 55 41 de
6256 7391 45 41 la
6335 7388 209 48 fabrique
6576 7384 284 42 dhorloaerie
6892 7383 64 38 A-

5971 7449 293 47 Hattinger,
6285 7443 22 39 2
6307 7443 35 39 1
6363 7445 43 36 et
6420 7440 79 45 23,
6519 7447 78 31 rue
6616 7434 201 43 Grenéta.

6021 7502 42 38 3°
6082 7499 111 41 Une
6219 7495 181 43 caisse
6429 7490 73 43 de
6527 7489 126 50 cinq
6671 7481 287 46 bouteilles

5971 7554 162 33 d'eau
6165 7544 271 43 naturelle
6479 7541 72 43 de
6595 7539 368 42 Remoncourt

5971 7619 21 19 «
6014 7605 74 33 La
6113 7601 169 37 Reine
6308 7598 100 39 des
6428 7594 258 44 Vosee-»,
6705 7599 101 30 sans
6823 7585 139 40 rivale,

5972 7657 147 38 contre
6186 7645 185 46 diabète,
6407 7647 165 48 goutte,
6620 7636 206 56 gravelle,
6855 7636 108 59 rhu-

5972 7703 216 39 matisme,
6210 7696 186 46 anémie,
6428 7694 214 41 maladies
6675 7694 59 36 du
6756 7694 108 48 foie,
6885 7694 85 32 des-

5971 7756 127 38 reins,
6145 7750 193 44 coliques
6391 7743 320 51 néphrétiques,
6765 7740 201 49 hépatni-

5973 7817 119 40 ques,
6121 7809 97 40 etc.,
6246 7811 120 39 pour
6403 7809 64 28 un
6495 7793 289 43 abonnement
6815 7792 55 36 de
6897 7795 71 31 six

5979 7856 125 42 mois.
6777 7887 13 9 .

6023 7905 78 44 Ces
6114 7903 165 46 primes
6295 7902 98 39 sont
6418 7892 150 57 exposées
6568 7892 51 57 ,
6645 7901 93 33 aux
6769 7889 200 41 bureaux

5971 7958 56 41 de
6045 7956 48 41 la
6106 7952 191 46 Fronde,
6321 7951 74 44 14,
6414 7958 80 29 rue
6510 7947 355 43 Saint-Georges.

6116 8076 304 180 On
6508 8072 376 176 dit...

6327 8348 314 57 POLITIQUE

6020 8440 55 31 La
6095 8434 255 37 publication
6377 8432 57 37 du
6463 8427 123 40 traité
6612 8420 312 51 anglo-abyssin
6941 8428 30 30 a

5977 8484 128 35 causé
6136 8491 58 28 un
6222 8477 157 42 oertain
6406 8470 386 49 désappointement
6811 8469 26 36 à
6864 8469 109 35 Lon-

5979 8530 111 36 dres,
6107 8530 45 36 et
6160 8537 83 29 une
6251 8534 118 30 assez
6380 8523 97 39 vive
6492 8526 186 40 surprise
6689 8517 27 37 à
6729 8517 13 35 1
6757 8517 216 43 'étranger.

5979 8576 81 31 Des
6088 8571 250 36 principales
6371 8568 164 38 clauses
6552 8565 72 42 qui
6654 8571 28 36 y
6717 8565 95 32 sont
6831 8565 140 30 conte-

5979 8619 123 30 nues,
6119 8616 29 33 il
6167 8616 180 33 importe
6365 8611 166 38 surtout
6547 8607 93 37 d'en
6657 8607 158 35 retenir
6833 8606 111 34 deux
6962 8609 15 29 :

5979 8665 41 33 la
6049 8661 221 37 première,
6292 8657 88 41 très
6409 8653 294 45 satisfaisante,
6721 8650 128 48 ayant
6877 8647 103 40 trait

5980 8720 83 24 aux
6074 8707 202 37 relations
6292 8705 52 36 de
6363 8703 85 38 bon
6467 8706 215 38 voisinage
6703 8699 121 36 entre
6844 8697 135 36 Menu'

5982 8754 84 36 lick
6088 8753 46 37 et
6154 8752 40 38 le
6222 8749 174 39 Cabinet
6417 8743 285 47 britannique;
6736 8743 41 37 la
6797 8743 182 35 seconde

5982 8799 135 38 fixant
6128 8796 63 41 les
6208 8792 300 42 délimitations
6526 8790 75 39 des
6619 8789 264 48 possessions
6907 8794 78 30 an-

5985 8846 153 37 aises
6147 8852 63 31 -au
6226 8841 162 41 sud-est
6406 8839 51 39 de
6475 8836 310 47 l'Etbiopie,pu
6801 8836 185 46 laquelle

5985 8897 63 31 les
6058 8889 242 42 territoires
6311 8888 59 39 du
6395 8885 112 46 golfe
6530 8883 152 41 d'Aden
6701 8892 52 33 en
6772 8882 214 46 reçoivent

5985 8938 277 40 simplement
6273 8934 99 44 plus
6382 8930 38 43 (f
6422 8932 232 46 d'exteMton,
6669 8930 114 41 voilà
6798 8931 106 38 tout.
6920 8929 66 46 Or,

5987 8987 111 38 eette
6110 8983 199 42 dernière
6326 8980 149 41 clause
6497 8989 55 31 ne
6569 8978 185 41 satisfait
6767 8977 226 48 qu'impa..

5993 9029 206 45 faitenut
6199 9029 92 45 lm
6306 9025 310 49 ooloaiaux,qui
6631 9023 293 51 prétendaient
6937 9030 55 32 au
7040 9051 12 8 .

5992 9078 354 37 développement
6360 9074 78 41 des
6452 9073 180 42 sphères
6647 9073 249 38 d'influence
6920 9077 75 32 aa-

5996 9127 134 40 glaise
6142 9113 185 54 SooMÀ
6343 9121 60 43 du
6426 9116 79 51 Nil,
6517 9121 47 42 et
6591 9118 100 43 nrôs
6712 9118 78 41 des
6806 9117 88 40 lacs
6921 9117 76 41 Ro-

5993 9173 133 42 clolpbe
6126 9173 84 42 et.
6235 9169 240 46 Stéphanie.
6493 9166 123 43 A1I8ft
6639 9175 59 33 on
6713 9175 50 31 se
6791 9165 205 40 demande

5998 9230 105 33 aw
6121 9220 158 43 raiIoD.
6297 9219 29 41 à
6336 9216 198 47 Londres,
6549 9215 39 41 si
6609 9213 186 42 d'autres
6811 9217 190 35 COOveG-

5997 9263 541 48 tloudedéUmitetionde
6570 9261 171 47 récioos
6762 9261 236 40 n'auraient
