7584 9696
463 606 90 36 Crée
586 613 80 32 par
693 601 44 41 le
768 601 94 41 rime
882 602 56 40 de
969 603 212 39 Bartholo,
1198 601 98 41 Mlto
1324 599 137 41 Cécilê

460 648 267 42 MerguiJIier,
754 648 246 42 reprendra,
1017 649 108 41 dans
1153 648 42 41 le
1221 645 171 43 Barbier
1412 644 51 40 de

462 688 154 53 SéôiUe,
633 695 41 40 le
693 692 91 42 rôle
798 690 54 44 de
869 695 164 40 Rosine.

961 770 21 18 •

944 803 20 17 *
979 803 20 18 *

508 855 33 38 A
559 851 40 40 la
615 845 428 45 Comédie-Française
1062 856 11 25 :

506 900 59 34 On
609 895 141 39 répète
798 891 263 39 assidûment
1100 890 42 37 ta
1181 888 194 46 Martyre,
1417 886 41 40 le

463 947 144 33 drame
622 942 52 36 de
692 941 49 35 M.
766 939 102 36 Jean
886 936 212 44 Richepin,
1113 934 73 46 qui
1205 933 88 36 doit
1306 942 149 36 passer

465 988 122 47 après
604 982 262 50 épuisement
881 981 57 35 du
956 979 149 36 succès
1119 986 52 26 de
1192 978 219 34 Catherine.
1477 1013 3 16 {

951 1046 17 18 *

935 1080 16 16 •
965 1080 16 16 •

508 1135 31 31 A
566 1131 40 35 la
623 1123 444 43 Comédie-Française,
1087 1131 54 25 on
1161 1129 24 26 a
1211 1117 244 38 commencé

465 1176 23 32 à
507 1174 164 38 répéter
694 1172 38 36 le
758 1168 246 39 Chandelier,
1021 1165 179 36 d'Alfred
1218 1165 53 33 de
1289 1165 169 40 Musset,

466 1229 97 30 avec
582 1218 39 38 la
639 1214 269 39 distribution
928 1211 194 39 suivante
1139 1219 10 26 :

573 1261 250 41 Clnvaroche
994 1258 90 39 MM.
1105 1253 221 42 Proudhon

575 1311 143 36 Maître
744 1307 135 39 André
1111 1304 55 36 De
1186 1301 187 46 Féraudy

575 1355 195 38 Fortunio
1115 1346 171 46 Dchelly

573 1400 234 41 Guillaume
1113 1391 98 41 Paul
1231 1391 153 50 Veyret

575 1447 161 42 Landry
1109 1443 43 35 A.
1180 1439 188 47 Esquier.

574 1493 242 38 Jacqueline
954 1491 130 36 Mmes
1118 1488 108 35 Mars
1229 1495 24 36 y

576 1537 189 42 Madelon
1120 1530 114 38 Kalb.

955 1581 20 19 «

938 1617 21 20 <
973 1617 19 18 *

513 1659 284 37 Aujourd'hui,
817 1667 54 27 on
886 1663 291 30 commencera
1199 1653 25 35 à
1238 1649 168 47 répéter
1423 1648 39 36 le

471 1705 210 42 Bourgeois
697 1703 271 42 gentilhomme
996 1699 51 37 de
1075 1697 180 44 Molière,
1275 1694 73 49 qui
1370 1702 94 29 sera

471 1753 133 48 repris
622 1752 25 38 à
662 1749 220 40 l'occasion
901 1746 75 38 des
990 1745 121 47 jours
1130 1752 110 38 gras.

511 1894 231 41 Premières
777 1888 355 47 représentations
1176 1895 56 27 ou
1277 1883 184 47 reprises

468 1940 236 42 annoncées
724 1947 105 42 pour
849 1937 108 36 celle
973 1933 184 37 semaine
1175 1942 9 25 :

516 1991 86 30 Aux
650 1981 448 40 Fobes-Dramaliques,
1154 1974 219 42 mercredi,
1420 1974 40 35 la

468 2034 152 38 Femme
631 2033 26 34 4
665 2040 105 38 papa
790 2026 232 47 (répétition
1044 2021 192 45 générale
1249 2019 164 42 mardi).

515 2078 198 34 L'Œuvre
740 2070 246 42 n'avait-elle
1015 2079 73 33 pas
1113 2065 127 38 choisi
1264 2065 38 36 le
1323 2064 136 36 même

468 2123 97 48 Jour
577 2133 108 35 pour
707 2131 76 28 son
802 2117 196 50 prochain
1025 2110 230 51 spectacle?

517 2171 53 35 Ce
591 2169 98 37 soir,
715 2165 189 38 dernière
936 2160 327 46 représentation
1288 2159 52 32 de
1363 2159 97 32 Mlle

471 2213 203 45 Aiiouche,
689 2221 83 28 aux
801 2204 451 53 Folies-Dramatiques.

517 2261 109 34 Nous
649 2267 129 28 avons
805 2255 59 37 dit
901 2263 80 32 que
1016 2251 80 37 l'on
1122 2246 176 49 répétait
1327 2254 52 29 en
1413 2253 47 29 ce

470 2307 188 32 moment
679 2314 80 25 aux
795 2299 272 40 Nouveautés,
1111 2297 247 42 l'Inspecteur
1395 2294 66 32 des

479 2349 277 45 Wagons-Lils,
777 2344 184 36 comédie
992 2352 52 26 en
1070 2341 101 35 trois
1189 2340 128 40 actes,
1339 2337 53 35 de
1409 2337 52 35 M.

470 2393 229 42 Alexandre
718 2393 496 49 Bisson....

515 2442 113 38 Voici
651 2441 39 37 la
706 2436 265 40 distribution
991 2432 74 39 des
1083 2432 247 48 principaux
1351 2430 113 36 rôles

469 2486 55 37 de
542 2489 108 35 cette
669 2486 115 44 pièce
801 2495 10 24 :

538 2542 180 37 Georges
913 2536 89 36 MM.
1022 2532 194 38 Germain

539 2585 205 40 Godefroy
1024 2578 168 39 Tarride

540 2634 91 35 Mon
637 2631 123 39 pépin
1028 2624 222 43 Colombey

540 2675 128 39 Raoul
1035 2669 163 36 Laurel.

541 2721 207 36 Lucienne
887 2718 130 38 Mmes
1035 2712 191 40 Marcotte
1243 2712 157 35 Lender

542 2769 106 38 Mme
673 2764 221 43 Monpépin
1040 2760 147 40 Hosine
1206 2755 153 40 Maurel

543 2813 155 40 Angèle
1046 2806 162 37 Lamart

543 2857 109 39 J'ulie
1049 2852 153 35 Mériin
1208 2857 22 37 y

520 2914 98 35 Plus
643 2912 204 48 quelques
871 2909 112 40 rôles
1009 2905 265 41 secondaires
1304 2911 82 29 non
1407 2909 67 29 en-

479 2970 97 30 core
591 2959 239 39 distribués.

947 3033 15 13 m
975 3031 15 15 9

523 3074 55 34 La
601 3073 160 35 reprise
785 3071 123 37 d'Une
933 3067 157 39 Faillite
1125 3074 51 27 an
1214 3063 160 37 théâtre
1392 3063 80 34 An-

479 3121 126 34 toine,
627 3120 91 35 hier
733 3117 98 35 soir,
853 3127 22 25 a
896 3112 281 38 brillamment
1196 3108 149 38 réussi,
1361 3108 40 34 et
1419 3106 48 36 M.

478 3163 248 35 Lugné-Poé,
748 3163 37 35 le
826 3158 254 39 nilanflat.;tire
1105 3156 49 34 ïle
1190 3154 214 43 Il.imi-nson
1425 3171 43 5 —

479 3220 73 25 qui
569 3209 112 36 avait
698 3206 137 38 donné
853 3215 80 26 aux
963 3203 277 42 adaptateurs,
1271 3199 86 34 MM.
1383 3197 87 34 Jac-

479 3264 105 26 ques
612 3256 50 34 Le
667 3253 128 37 maire
820 3249 325 37 elSchnrmann,
1165 3244 297 35 l'autorisation

481 3299 51 38 de
557 3300 197 36 remettre
773 3298 107 35 cette
899 3293 106 37 belle
1021 3299 143 28 œuvre
1184 3291 22 33 à
1228 3290 36 33 la
1283 3289 122 33 scène
1423 3304 46 6 —

481 3354 89 27 apu
592 3342 276 38 télégraphier
882 3348 52 26 au
946 3336 126 44 grand
1088 3336 378 38 auteurnorvegien

483 3387 213 42 l'annonce
713 3386 95 37 d'un
827 3391 191 30 nouveau
1037 3379 157 37 succès.

963 3449 19 18 *

946 3484 17 14 ♦
979 3482 17 16 *

528 3533 32 29 A
596 3528 217 32 l'occasion
837 3523 73 36 des
937 3521 103 37 fêtes
1064 3519 54 36 du
1144 3516 253 38 Carnaval,
1428 3513 37 34 le

481 3575 170 33 Théâtre
680 3572 130 38 Cluny
840 3569 181 31 donnera
1053 3564 54 32 les
1136 3561 243 36 Demoiselles
1400 3561 65 31 des

481 3614 290 46 Saint-Cyrinis
790 3621 50 26 en
863 3608 191 38 matinée.

589 3658 241 40 Dimanches
847 3663 107 35 gras,
971 3653 46 35 20
1032 3649 151 38 février
1197 3660 10 32 ;

591 3704 126 40 Lundi
739 3711 105 35 gras,
866 3703 39 33 '!I
937 3697 173 42 février;

587 3750 253 44 Mardi-gras,
860 3749 42 33 22
925 3743 163 37 février.

951 3799 17 17 «

938 3832 14 15 •
966 3831 14 15 *

520 3879 60 28 Au
612 3872 132 35 cercle
775 3868 233 38 catholique
1043 3863 74 38 des
1147 3861 226 41 Etudiants,
1403 3860 55 42 18,

479 3933 72 21 rue
569 3921 55 33 du
643 3917 295 37 Luxembourg,
965 3914 23 34 à
1003 3913 21 34 8
1043 3910 40 36 h.
1107 3911 69 43 112,
1199 3906 260 46 représenta-

478 3968 83 33 Lion
576 3965 55 36 du
649 3964 168 37 Cluileau
829 3960 47 35 de
887 3957 266 43 Kœniysbury,
1171 3953 170 43 légende
1357 3953 102 33 alsa-

475 4012 144 30 cienne
648 4018 51 21 en
733 4016 106 23 vers,
861 4004 50 35 de
947 4003 49 35 M.
1035 4000 175 36 Armand
1247 4000 208 38 silvestre,

473 4057 191 32 musique
688 4053 50 36 de
753 4053 46 35 M.
822 4049 163 37 Francis
1000 4044 166 39 Thomé.
1184 4044 112 36 Cette
1318 4041 138 46 repré-

473 4101 216 34 seulalion,
710 4098 98 33 dont
837 4096 37 34 la
907 4093 131 42 partie
1068 4089 197 37 musicale
1282 4089 63 34 est
1363 4087 95 35 diri-

471 4147 37 32 gée
508 4147 37 32 de
566 4155 73 24 par
653 4145 48 34 M.
724 4141 162 37 Francis
901 4137 166 41 Thomé,
1085 4145 100 26 avec
1200 4134 37 35 le
1254 4142 202 26 concours

499 4201 23 22 e
544 4189 91 33 Mlle
672 4189 58 32 Du
735 4186 113 34 frêne
885 4185 41 34 et
961 4183 49 35 de
1036 4183 50 34 M.
1118 4179 206 37 Brémont,
1342 4178 50 34 de
1418 4178 39 34 la

470 4235 282 35 Renaissance,
765 4232 38 34 el
813 4230 51 35 de
873 4228 115 38 MUes
1005 4223 255 40 Lacombede
1280 4223 8 35 1
1305 4222 150 46 'Opéra;

470 4279 212 36 Schœtzié,
700 4280 40 35 et
764 4277 50 36 de
835 4277 48 35 M.
899 4275 181 40 Lat'argc,
1110 4280 92 26 sera
1222 4269 162 37 donnée
1404 4276 52 27 au

470 4325 123 34 profit
608 4325 72 34 des
698 4331 167 28 œuvres
883 4319 266 36 d'assistance
1169 4317 38 33 et
1228 4315 73 34 des
1319 4314 139 45 patro-

469 4380 126 24 nages
613 4365 276 35 Saint-Joseph
924 4364 51 35 do
1018 4362 37 35 la
1089 4358 367 42 Maison-Blanche,

467 4416 52 36 de
560 4413 262 39 Malmaisons
841 4410 41 36 et
911 4409 52 37 de
987 4407 170 37 l'œuvfe
1183 4405 32 37 si
1235 4403 223 38 touchante

467 4463 51 37 de
535 4462 38 37 la
593 4462 74 37 Mie
685 4460 51 37 de
757 4458 107 42 pain.
885 4458 57 35 On
963 4457 98 43 peut
1094 4464 44 27 se
1169 4461 198 39 procurer
1385 4450 73 36 des

467 4507 138 36 billets
619 4517 53 25 au
703 4504 138 37 Cercle
866 4502 236 41 catholique
1127 4499 74 35 dcs
1227 4499 229 37 Etudiants,

468 4554 54 39 t8,
541 4560 73 27 rue
633 4550 55 36 du
713 4547 299 43 Luxembourg,
1033 4545 42 34 et
1105 4544 100 35 chez
1231 4542 60 35 les
1313 4541 148 45 princi-

468 4606 106 40 paux
592 4595 184 38 éditeurs
791 4593 51 37 de
861 4591 205 47 musique.

939 4691 18 17 •
969 4691 15 16 •

508 4733 54 36 Le
591 4729 336 40 Cirque-d'Hiver
959 4733 188 29 annonce
1179 4731 105 37 pour
1321 4719 143 45 après-

469 4777 179 35 demain,
666 4773 206 39 mercredi
893 4774 44 34 i6
953 4770 167 40 février,
1138 4768 38 36 la
1195 4768 205 44 première
1414 4768 51 30 de

471 4823 68 40 Les
570 4821 132 45 Bleus,
737 4817 257 52 pantomime
1042 4812 197 40 militaire
1276 4810 24 37 à
1335 4810 129 46 grand

470 4868 220 49 spectacle.

948 4956 15 15 •
976 4955 16 16 •

516 4993 54 34 Le
586 4991 100 36 vent
705 4989 65 38 est
794 4997 81 28 aux
905 4982 376 41 manifestations...
1312 4979 105 37 mais
1444 4978 24 37 à

473 5039 225 36 rencontre
713 5037 51 35 de
781 5035 127 36 celles
933 5032 70 43 qui
1024 5041 45 25 se
1088 5028 245 47 produisent
1356 5026 112 45 jour-

475 5082 227 33 nellement
737 5080 104 34 dans
879 5079 61 33 les
978 5085 110 30 rues,
1117 5074 127 34 celles
1271 5080 81 35 que
1379 5079 90 34 pro-

475 5136 148 27 voque,
647 5125 161 38 chaque
839 5122 98 41 soir,
958 5129 55 27 au
1028 5116 383 44 Nouveau-Cirque,
1431 5113 38 35 le

476 5173 118 41 âéfilé
629 5172 75 38 des
737 5167 259 43 souverains,
1033 5163 227 48 interprélé
1287 5170 75 38 par
1393 5161 73 35 des

1514 597 183 40 enflants,
1720 604 57 31 ne
1797 595 99 39 nom
1909 592 216 42 troublées
2135 602 80 35 par
2234 600 164 32 4ditim
2412 593 100 44 not*

1514 640 278 42 dfum,dinte.
1798 639 33 40 11
1848 639 105 40 nVm
1970 638 154 46 qu'une
2141 641 98 37 voix
2255 647 109 35 pour
2371 636 139 42 accla-

1514 698 95 29 mer
1622 688 121 39 notre
1774 685 229 44 Président,
2035 685 198 38 recevant
2267 684 69 39 LL.
2359 684 89 39 MM.
2469 683 39 41 le

1515 735 63 35 roi
1596 731 166 43 Léopold,
1762 731 75 43 le
1853 731 65 37 roi
1935 729 53 38 de
2004 731 126 39 Biaxn,
2147 728 41 39 la
2201 729 117 38 reine
2335 730 173 37 Wilhel-

1516 778 126 40 mine,
1659 775 41 38 la
1714 775 116 37 reine
1847 774 194 41 Victoria,
2057 773 41 37 le
2113 776 89 34 tzar
2219 774 43 36 et
2277 773 42 38 la
2336 775 169 37 tzarine.

1514 822 116 35 Cette
1644 818 127 39 scène
1789 818 51 38 de
1865 818 41 38 la
1925 826 129 30 revue
2069 817 120 38 Paris
2201 818 70 46 qui
2293 821 114 36 trotte
2421 821 85 37 suf-

1513 866 112 45 firait
1641 873 108 38 pour
1783 864 149 39 attirer
1952 862 236 40 Tout-Paris
2214 873 55 30 au
2295 865 212 40 Nouveau-

1512 914 164 37 Cirque.
1696 910 101 38 Mais
1816 910 29 38 il
1863 920 28 35 y
1907 919 25 29 a
1947 918 151 30 enoore
2120 910 41 38 le
2191 910 130 39 ballet
2337 912 171 38 cycliste

1514 957 135 41 blanc
1668 955 63 35 les
1755 955 251 36 Moniteuses
2033 954 53 37 de
2113 955 209 42 Joinville,
2343 956 39 36 le
2415 967 97 26 sau-

1514 1002 94 35 teur
1639 998 183 46 Higgins,
1842 997 309 47 l'énigmaUque
2167 999 99 36 Miss
2286 999 169 45 Darling
2469 1001 43 35 et

1515 1046 94 38 tous
1649 1043 63 38 les
1758 1043 200 38 numéros
1997 1043 59 40 du
2093 1043 275 40 merveilleux
2408 1052 98 38 pro-

1512 1099 194 39 gramme
1725 1088 152 39 actuel.

1980 1187 16 15 •
2007 1185 18 18 •

1559 1220 32 36 A
1610 1216 40 39 la
1684 1215 230 45 Bodiniére,
1930 1215 279 47 aujourd'hui,
2228 1217 27 38 à
2281 1217 103 38 trois
2410 1217 101 38 heu-

1514 1274 83 35 res,
1615 1263 247 39 conférence
1895 1261 52 40 de
1977 1262 95 40 Mlle
2096 1263 146 39 Louise
2270 1261 145 42 Michel
2435 1272 76 29 sur

1515 1326 19 18 «
1555 1311 39 37 le
1617 1309 234 44 Vingtième
1880 1309 141 42 siècle,
2042 1309 245 38 l'humanité
2317 1308 195 39 nouvelle

1515 1358 43 34 et
1577 1355 41 37 le
1637 1354 351 46 développement
2004 1352 53 39 de
2075 1354 41 37 la
2141 1353 166 47 pensée.
2331 1365 23 19 »

2005 1409 17 17 •

1989 1440 46 20 **

1560 1461 32 35 A
1609 1457 41 38 la
1664 1456 218 40 Bodinière
1900 1466 12 27 :

1561 1503 142 41 Mardi,
1729 1504 25 34 à
1770 1504 24 34 3
1812 1503 43 34 h.
1871 1519 46 9 —
1933 1501 77 36 Les
2027 1502 130 34 Belles
2179 1500 213 41 Chansons,
2410 1507 99 28 cau-

1517 1548 107 38 serie
1641 1556 79 34 par
1742 1547 51 37 M.
1816 1545 180 38 Maurice
2025 1544 184 38 Lefevre.
2243 1546 31 35 A
2303 1545 21 37 4
2351 1543 41 38 h.
2417 1543 61 41 1/2
2497 1553 9 25 :

1515 1593 193 41 dernière
1726 1592 151 39 séance
1894 1591 57 38 du
1970 1598 125 31 cours
2113 1590 52 38 de
2183 1591 50 38 M.
2254 1589 253 49 Francisque

1516 1644 101 76 Sareey,
1617 1644 204 76 SlafUUUJl.povr
1848 1637 147 41 dames
2025 1637 45 37 et
2097 1636 152 46 jeunes
2281 1635 122 43 ftlles,
2434 1644 76 28 sur

1561 1728 211 43 Mercredi,
1794 1728 24 36 à
1833 1728 23 37 3
1873 1725 42 40 h.
1931 1745 46 7 —
2009 1725 77 38 Les
2116 1726 168 36 Amours
2312 1722 54 38 du
2385 1723 123 44 poète,

1517 1778 52 34 de
1582 1776 153 36 Robert
1748 1773 252 39 Schumann,
2019 1770 248 38 conférence
2282 1776 76 36 par
2371 1771 52 35 M.
2439 1770 71 35 Ar-

1515 1820 125 35 mand
1664 1819 211 36 Silvestre,
1895 1815 186 38 audition
2112 1824 77 31 par
2205 1812 97 39 Mlle
2318 1811 103 37 Jane
2440 1814 71 34 Ar-

1515 1876 87 25 ger.
1629 1866 73 35 A4
1733 1864 40 36 h.
1803 1863 67 38 1/2
1889 1872 9 25 :
1926 1860 26 37 V
1953 1861 145 35 Avocat
2123 1859 49 37 de
2200 1858 176 39 l'amour,
2407 1854 103 47 plai-

1514 1911 131 37 doirie
1682 1907 232 40 fantaisiste
1953 1905 127 38 ornée
2112 1904 52 36 de
2202 1903 220 41 chansons,
2458 1900 53 36 de

1513 1959 50 36 M.
1589 1958 44 36 G.
1653 1955 134 40 Lorin,
1820 1952 195 44 musique
2048 1949 52 37 de
2123 1950 51 37 M.
2194 1947 99 39 Paul
2319 1947 157 45 Bergon
2498 1955 9 27 :

1513 2002 116 38 Mlles
1645 2001 111 37 Julia
1769 1998 153 47 Depoix
1939 1998 43 36 et
1999 1996 115 45 Mary
2133 1994 145 43 Slelly.

1559 2046 132 35 Jeudi,
1713 2045 25 35 à
1749 2046 23 34 3
1787 2044 41 35 h.
1849 2062 44 6 —
1910 2043 76 35 Les
2001 2040 145 40 poètes
2158 2036 350 44 contemporains,

1515 2091 249 37 conférence
1784 2097 76 31 par
1877 2088 50 37 M.
1953 2084 201 42 Croisset;
2171 2082 63 38 les
2258 2080 165 48 poésies
2442 2087 67 29 se-

1515 2141 95 32 ront
1627 2138 107 35 dites
1753 2145 75 29 par
1846 2133 95 39 Mlle
1960 2130 183 39 Brandès
2161 2130 51 36 de
2236 2128 41 36 la
2296 2127 212 37 Comédie-

1521 2183 231 31 Française.
1769 2199 45 6 —
1831 2182 29 32 A
1886 2181 20 33 4
1929 2179 40 35 h.
1997 2179 61 37 112
2076 2187 9 23 :
2108 2177 54 33 les
2184 2176 134 34 Poètes
2345 2173 163 33 contem-

1509 2227 175 35 poraim,
1705 2226 61 36 les
1775 2223 164 37 poésies
1954 2222 52 37 de
2018 2222 51 37 M.
2081 2216 189 42 Edouard
2285 2215 218 39 Pailleron.

1512 2274 254 36 Conférence
1787 2281 75 29 par
1879 2270 50 37 M.
1951 2268 79 39 Léo
2049 2265 199 43 Claretie;
2271 2264 59 37 les
2347 2261 164 48 poésies

1515 2321 144 34 seront
1687 2319 107 35 dites
1831 2326 75 35 par
1938 2314 96 37 Mlle
2060 2311 297 42 Reichenberg,
2388 2308 52 35 de
2471 2308 39 34 la

1515 2360 451 44 Comédie-Française.

1562 2407 219 37 Vendredi.
1808 2427 38 7 —
1861 2408 30 34 A
1909 2406 23 37 8
1950 2403 153 39 heures
2123 2413 10 26 :
2155 2400 198 40 Chansons
2375 2407 48 27 en
2435 2405 74 29 cri-

1517 2457 144 33 noline.
1680 2476 45 5 —
1749 2458 31 32 A
1798 2456 21 34 4
1841 2453 39 36 h.
1905 2454 17 35 1
1931 2453 37 37 12
1992 2461 10 26 :
2025 2451 127 35 Revue
2173 2457 119 33 gosse,
2318 2443 190 38 fantaisie

1521 2512 51 25 en
1602 2510 58 26 un
1687 2501 104 36 acte,
1817 2498 51 34 de
1882 2498 90 34 MM.
1997 2494 201 43 Lafargue
2224 2492 41 35 et
2292 2489 216 48 Robiquet,

1517 2545 125 41 jouée
1657 2554 76 37 par
1742 2542 92 38 Mlle
1848 2538 247 48 Marguerite
2106 2535 122 39 Deval
2242 2536 43 36 et
2293 2535 50 36 M.
2352 2535 157 40 Prince,

1522 2592 51 37 de
1592 2590 176 38 l'Odéon.

1567 2635 162 34 Samedi
1755 2636 25 33 à
1815 2635 23 34 3
1861 2632 42 36 h.
1925 2642 9 24 :
1955 2630 173 37 l'Avocat
2150 2627 48 36 de
2225 2627 173 35 l'amour.
2425 2643 43 6 —
2483 2625 31 34 A

1523 2682 21 34 4
1565 2681 40 36 h.
1628 2683 60 34 112
1705 2690 9 24 :
1730 2681 62 33 Au
1813 2686 99 31 pays
1931 2675 67 36 des
2013 2674 154 43 cigales,
2179 2671 213 36 Chansons
2409 2668 51 35 de
2476 2667 39 35 la

1527 2726 225 34 Provence.
1781 2720 192 40 Causerie
2000 2719 51 37 de
2074 2719 52 37 M.
2158 2716 137 39 Clovis
2325 2716 188 42 Hugues;

1528 2773 184 37 audition
1755 2769 50 37 de
1837 2769 48 36 M.
1929 2764 213 44 Isnardon,
2180 2762 51 38 de
2263 2758 251 48 l'Opéra-Co-

1530 2820 153 44 mique,
1703 2817 42 36 et
1760 2814 93 37 Mlle
1869 2814 113 43 Mary
1999 2811 151 36 Auber.

2018 2865 17 16 *

2003 2897 16 17 •
2031 2897 16 16 •

1573 2931 51 32 M.
1644 2926 185 37 Fernand
1849 2927 50 36 Le
1919 2925 144 38 Borne,
2080 2919 101 40 dont
2203 2928 55 28 on
2287 2916 135 37 donne
2441 2923 74 28 au-

1523 2975 210 32 jourd'hui
1762 2974 173 33 l'Amour
1964 2968 105 37 trahi
2107 2975 81 27 aux
2224 2962 290 37 Concerts-La-

1529 3028 213 25 moureux,
1776 3016 86 35 doit
1897 3014 154 39 diriger
2080 3006 339 47 prochainement
2457 3013 56 27 un

1528 3065 193 33 concerto
1741 3059 196 36 consacré
1966 3060 25 35 à
2019 3055 210 39 l'audition
2260 3052 50 36 de
2338 3059 67 28 ses
2424 3058 90 28 œu-

1525 3121 109 21 vres,
1655 3111 25 28 à
1705 3104 280 35 Monle-Carlo,
2012 3103 42 36 et
2077 3111 45 27 se
2141 3098 150 38 rendra
2311 3097 159 37 ensuite
2490 3101 24 29 a

1527 3157 135 31 Milan,
1674 3155 53 33 où
1740 3152 78 36 l'on
1834 3158 186 28 annonce
2033 3155 107 33 pour
2152 3145 38 36 le
2202 3146 24 34 9
2238 3152 112 27 mars
2361 3141 149 37 Jlel/da,

1524 3212 46 19 sa
1601 3197 171 34 légende
1792 3194 248 37 Scandinave
2060 3199 52 27 en
2142 3188 103 36 trois
2283 3187 126 41 actes,
2441 3193 73 27 sur

1524 3255 56 27 un
1620 3229 146 60 poème
1791 3240 51 36 de
1884 3240 89 36 MM.
2002 3235 99 38 Paul
2137 3232 159 38 Ferrier
2333 3232 43 35 et
2413 3229 98 35 Paul

1523 3289 146 38 Collin.

2012 3353 17 15 «

1569 3417 53 33 La
1639 3411 216 39 deuxième
1875 3383 218 63 séanc'e'de
2105 3400 168 48 musique
2273 3400 84 48 de
2370 3399 140 36 cham-

1523 3463 73 27 bre
1611 3460 56 29 du
1680 3456 220 34 violoniste
1920 3449 80 39 Ed.
2000 3449 162 39 Nadaud
2183 3456 102 27 aura
2298 3449 96 37 lieu,
2412 3449 98 30 chez

1521 3501 149 32 Pleyel,
1687 3497 304 35 après-demain
2018 3492 147 41 mardi,
2205 3493 25 33 à
2258 3492 23 33 8
2308 3489 38 34 h.
2381 3489 127 42 Ii2du

1520 3547 98 33 soir,
1639 3553 101 24 avec
1774 3542 38 35 le
1849 3547 203 28 concours
2071 3536 51 35 de
2158 3536 106 35 Mme
2298 3534 44 34 H.
2361 3532 145 40 Jossic,

1520 3591 86 37 MM.
1633 3585 271 42 Hennebains,
1939 3582 177 41 Turban,
2133 3578 374 43 Cros-Saint-Ange,

1518 3635 236 37 Trombetta
1770 3633 41 34 et
1829 3629 149 37 Gibier.
2001 3629 61 35 Au
2087 3632 284 39 programme:

1563 3678 212 35 Quatuorà
1787 3674 146 38 cordes
1953 3669 332 43 (Mendelssohn).
2306 3687 44 6 —
2361 3667 147 36 Sonate

1521 3735 103 32 pour
1649 3725 133 42 piano,
1798 3719 204 48 première
2018 3716 184 38 audition
2225 3715 57 44 (A.
2301 3711 205 45 Gédalge).

1519 3792 43 6 —
1576 3767 229 36 Tarentelle
1825 3775 107 30 pour
1955 3766 115 39 flûte,
2088 3766 217 31 clarinette
2320 3766 42 28 et
2387 3766 121 37 piano

1517 3814 305 44 (Saint-Saëns).
1840 3832 43 5 —
1910 3807 233 40 Variations
2165 3803 343 41 déconcertantes

1515 3872 108 39 pour
1640 3859 148 40 cordes
1807 3856 108 48 (???).

2005 3917 17 16 «

1991 3949 16 15 *
2021 3948 15 16 »

1560 3994 221 37 L'éclatant
1811 3991 146 37 sticcès
1987 3997 85 34 que
2105 3984 274 47 remportent,
2411 3983 97 37 cha-

1515 4052 81 23 que
1626 4041 98 34 soir,
1746 4040 38 35 la
1805 4036 241 38 charmante
2074 4032 192 38 fantaisie
2300 4030 55 36 du
2381 4030 122 45 poète

1513 4091 166 30 Hugues
1705 4085 189 34 Delorme
1916 4094 9 24 :
1953 4081 153 37 Encore
2135 4088 75 26 une
2233 4085 137 28 erreur
2396 4074 112 45 judi-

1512 4134 132 32 ciaire,
1665 4133 41 33 et
1723 4130 60 36 les
1802 4128 108 36 deux
1935 4125 212 37 comédies
2165 4123 51 36 de
2235 4120 236 38 Courteline
2489 4129 11 25 :

1513 4180 97 28 Gros
1621 4176 183 35 chagrins
1824 4176 42 32 et
1885 4173 40 35 la
1948 4171 155 36 Voilure
2121 4169 129 35 versée
2274 4166 101 36 dont
2390 4165 117 35 bien-

1515 4223 59 35 tôt
1590 4232 54 26 on
1659 4231 53 26 va
1733 4219 106 37 fêter
1859 4217 39 37 la
1922 4215 205 37 centième
2157 4209 349 49 représentation,

1514 4269 75 33 fait
1619 4267 149 35 affluer
1796 4273 54 28 au
1883 4261 181 37 Carillon
2081 4268 58 28 un
2171 4259 141 43 publie
2344 4257 165 43 élégant

1514 4314 72 33 qui
1606 4323 24 23 a
1647 4313 74 34 fait
1739 4311 51 35 de
1810 4310 37 34 la
1861 4308 128 38 petite
2005 4306 125 36 scène
2146 4304 50 36 de
2220 4304 40 36 la
2275 4311 77 27 rue
2374 4301 51 36 de
2456 4301 53 35 La

1512 4357 396 42 Tour-d'Auvergne,
1930 4361 77 28 son
2032 4349 162 38 théâtre
2225 4349 52 34 de
2303 4345 205 48 prédilec-

1517 4404 101 38 tion.

1987 4485 17 16 •
2017 4485 16 17 »

1561 4519 55 33 De
1632 4517 142 35 Rouen
1795 4524 10 23 :

1564 4575 18 16 (f
1602 4563 32 30 A
1649 4560 41 33 la
1709 4558 107 35 suite
1833 4556 97 35 d'un
1945 4553 68 38 vol
2031 4552 51 37 de
2099 4551 128 42 15,000
2252 4549 139 35 francs
2403 4555 109 28 com-

1518 4607 80 33 mis
1616 4615 52 23 au
1698 4602 161 35 théâtre
1888 4600 74 37 des
1988 4599 95 37 Arts
2109 4593 246 42 avant-hier,
2375 4592 49 38 M.
2445 4592 67 37 Le-

1518 4654 141 34 feuve,
1689 4647 341 41 administrateur
2059 4640 169 48 général
2252 4639 56 37 du
2336 4638 174 42 théâtre,

1518 4699 126 32 ayant
1663 4696 74 32 fait
1756 4693 140 38 courir
1914 4692 38 36 le
1971 4687 114 40 bruit
2100 4697 82 33 que
2201 4696 47 26 ce
2274 4687 67 35 vol
2361 4693 27 27 n
2402 4687 112 33 avait

1520 4743 66 35 été
1602 4752 82 26 que
1705 4739 164 39 simulé,
1890 4739 49 33 M.
1965 4731 308 41 Melchissédec,
2291 4729 220 39 directeur,

1521 4787 59 34 lui
1599 4796 25 25 a
1650 4781 203 40 reproché
1873 4790 52 28 en
1952 4781 156 35 termes
2136 4779 96 38 vifs,
2249 4777 153 33 devant
2431 4781 82 26 une

1521 4831 112 35 foule
1673 4829 251 34 nombreuse
1966 4822 191 40 amassée
2203 4829 75 29 sur
2308 4820 38 36 le
2389 4826 125 28 cours

1522 4878 223 35 Boieldieu,
1766 4885 69 25 ces
1863 4881 153 31 propos
2029 4881 11 30 ;
2065 4869 94 41 puis
2184 4867 29 36 il
2241 4867 99 35 s'est
2366 4865 105 37 livré
2491 4871 25 28 a

1522 4923 74 34 des
1611 4921 115 34 voies
1745 4919 50 33 de
1813 4918 74 33 fait
1905 4924 73 26 sur
1997 4915 37 34 M
2067 4912 191 36 Lefeuve.

1568 4979 20 20 »
1615 4965 52 36 Ce
1686 4961 168 38 dernier
1880 4968 24 28 a
1934 4955 155 46 déposé
2115 4963 83 29 une
2225 4953 155 46 plainte
2399 4953 119 34 entre

1522 5012 62 37 les
1599 5010 135 38 mains
1752 5008 54 36 du
1824 5002 286 41 commissaire
2129 5001 50 37 de
2193 4999 147 47 police.

1568 5071 19 17 »
1612 5057 59 33 On
1703 5062 145 27 assure
1879 5059 81 31 que
1991 5050 49 35 M.
2073 5043 293 40 Melohissédeo
2390 5050 128 37 pour-

1524 5100 141 36 suivra
1683 5099 51 35 M.
1761 5096 175 37 Lefeuve
1955 5102 53 27 en
2026 5089 271 38 diffamation.
2318 5099 19 19 »

2121 5146 56 38 DE
2198 5145 237 37 BERGERAC.

2657 573 903 123 SPECTACLES

2795 705 96 42 du
2935 706 88 43 14
3054 706 257 42 février

2560 801 22 33 8
2599 802 41 35 b.
2661 806 71 40 »/».
2751 822 41 9 —
2809 807 138 35 Opéra.
2983 824 40 9 —
3040 805 152 35 Roméo.
3433 804 41 46 V

2562 853 22 35 8
2604 853 38 35 ï.
2663 854 60 42 ti4
2741 872 39 9 —
2797 858 200 42 Français.
3006 875 40 8 —
3064 857 206 36 Catherine.

2565 905 21 34 8
2605 905 37 34 h.
2665 906 59 41 1/2
2741 924 39 7 —
2791 909 324 38 Opéra-Comique.
3128 927 40 8 —
3188 910 164 37 Daphnis.
3370 893 190 54 eMÉÉPW

2564 946 92 32 Paul
2675 947 40 31 et
2721 948 179 39 virigiuîe.

2565 1002 22 31 8
2607 994 36 32 h.
2665 994 71 40 114.
2754 1011 39 8 —
2811 997 139 33 Ooiox.
2963 1014 39 9 —
3025 999 126 33 Cinna.
3173 999 49 32 Le
3240 998 185 34 Menteur.

2564 1044 22 34 8
2605 1044 38 35 h.
2670 1045 62 42 1/2.
2755 1062 39 9 —
2812 1046 265 38 Renaissance.
3105 1064 39 11 —
3173 1049 50 34 Le
3261 1048 142 35 radeau

2803 1087 167 37 Méduse.
2991 1107 40 9 —
3049 1089 260 36 L'Affranchie.
3461 1091 26 39 /

2565 1136 22 32 8
2605 1136 38 32 h.
2666 1138 69 38 1/4.
2753 1154 39 8 —
2811 1138 244 35 Vaudeville.
3080 1157 38 8 —
3137 1139 164 34 Paméla.
3427 1142 23 29 /•
3512 1170 7 5 .
3531 1122 18 18 v

2567 1184 22 32 8
2606 1184 38 33 h.
2664 1185 70 38 112.
2752 1201 40 9 —
2810 1186 191 35 Gymnase.
3036 1205 39 8 —
3105 1189 69 33 Les
3190 1188 357 44 Transatl&tttifttffc'

2568 1234 22 34 8
2607 1233 38 36 h.
2664 1234 72 42 8/4.
2753 1252 41 9 —
2812 1236 256 36 Nouveautés.
3097 1255 41 9 —
3175 1240 50 34 La
3241 1239 68 35 Dot
3326 1239 22 34 à
3378 1231 158 45 m*fll&

2842 1295 40 9 —
2896 1277 138 36 L'hôtel
3049 1279 51 34 du
3119 1279 107 35 Libre
3245 1279 179 42 Echangé.
3464 1294 21 11 -

3560 663 64 40 N
3634 643 56 56 W
3699 664 72 42 i/t.
3786 680 42 11 —
3845 664 127 35 GAITÉ.
3989 679 41 11 -
4046 664 53 35 La
4117 664 93 37 joue
4221 666 254 38 Parfumeuse

3583 724 40 36 *1
3639 724 40 36 h.
3699 726 69 37 -/-.
3785 738 41 13 —*
3841 726 290 33 Palais-Royal.
4151 742 41 10 —
4207 728 75 33 Feu
4297 729 177 35 Toupinel

3852 763 234 33 Chou-Chou.

3589 821 33 31 I
3636 812 28 35 h
3697 813 59 37 -/-
3780 827 38 16 —•
3840 812 429 37 Porte-Saint-Martik.
4285 831 42 12 —
4353 816 144 36 Cyrano
4525 816 47 34 de

3875 851 187 43 Bergerac.

3591 894 30 34 «
3641 892 38 36 h.
3701 893 69 41 1/4.
3789 909 40 10 —
3847 892 201 35 Chatelet.
4068 910 39 8 —
4124 892 49 34 Le
4192 894 100 34 Tour
4308 895 52 34 du
4377 895 134 35 Monde
4521 904 47 25 en

3813 933 42 31 80
3872 935 122 31 Jours.

3597 972 24 33 9
3639 970 39 33 h.
3703 971 69 37 »/-.
3790 987 40 7 —
3846 972 162 31 AMBIGU.
4027 987 39 10 -
4076 971 50 31 L&
4142 971 193 38 pocharde.
4593 965 3 26 !

3599 1010 23 33 8
3639 1008 39 34 h.
3700 1008 68 38 fit"
3787 1024 39 7 —
3849 1009 421 36 FOUES-Dramatiques.
4295 1024 41 11 —
4373 1008 198 34 MaIn'.Ue

3833 1045 193 35 Nitouche.

3594 1089 25 35 a
3638 1089 38 34 h.
3697 1086 71 40 1/4.
3789 1105 41 7 —
3853 1087 175 33 THÉÂTRE
4058 1086 177 36 ANTOINE.
4271 1107 39 7 —
4346 1085 227 38 Blanehette.

3580 1127 15 39 L
3647 1129 8 5 "
3855 1127 49 32 Le
3922 1125 143 33 Talion.
4085 1126 138 34 Boubou
4223 1126 139 34 roche.

3597 1173 22 33 8
3638 1171 39 34 h.
3701 1173 67 34 112.
3796 1187 39 7 —
3850 1170 134 31 CLUNY.
4021 1185 38 7 —
4106 1171 67 31 Les
4230 1173 237 32 Demoiselles
4508 1173 66 32 des

3854 1206 282 42 Saint-Cyriens.

3592 1250 26 35 8
3638 1250 37 37 h.
3699 1249 70 43 1/2.
3789 1266 38 9 —
3851 1248 184 35 ATHÉKÈE.
4063 1264 39 8 —
4121 1248 149 41 Cocher,
4292 1257 65 26 rue
4377 1251 195 34 Boudreau

4596 593 108 45 11*.
5197 596 243 43 fte«vuQtn,
5476 616 43 12 —
5541 601 53 38 La

4877 638 247 36 Bemraettère
5136 639 68 34 des
5217 639 206 35 Innoeeats.

4624 680 23 34 8
4661 679 40 36 la.
4721 679 63 39 1/2.
4804 695 41 12 —
4864 676 173 38 Défera.
5055 695 39 9 —
5109 679 159 36 Toutou.
5282 694 41 12 —
5337 679 72 35 Les
5420 678 116 35 Noms
5544 679 46 34 de

4917 718 87 37 Mlle
5025 717 184 41 Lori<juet.
5514 731 11 11 »

4624 758 24 32 8
4665 757 38 34 h.
4725 757 56 39 ete
4802 773 41 8 —
4852 757 352 35 BoU......-ou-MOBD.
5224 770 40 9 —
5281 754 52 32 La
5349 753 179 34 Porteuse
5545 755 46 32 de

4626 833 23 34 8
4666 833 40 33 h.
4726 832 59 37 1/2
4803 848 41 10 —
4983 831 163 38 -Cirque.
5173 847 39 8 —
5246 829 100 34 Paris
5381 828 63 41 qui
5480 830 115 39 trotte,
5616 791 13 71 I

4860 879 116 27 revue
4995 870 23 35 à
5046 869 118 39 gnnd
5197 868 199 39 spectacle.
5422 883 40 9 —
5476 868 48 35 Le
5545 868 53 34 fa-

4861 918 113 27 meux
4991 912 154 32 sauteur
5160 908 96 34 John
5277 907 165 41 Higgias.

4626 951 22 30 8
4665 950 39 32 h.
4726 950 70 32 i/t.
4817 965 39 8 —
4863 951 138 30 Cirque
5016 949 162 32 d'Hiver.
5198 963 39 8 —
5252 948 68 30 Les
5339 953 99 24 ours.
5455 961 37 7 —
5508 946 67 32 Jon

4921 987 108 33 gleur
5046 984 186 32 mondain.
5259 999 39 8 —
5316 984 68 31 Les
5413 981 179 34 Echasses

4628 1022 22 33 8
4668 1023 37 33 h.
4732 1022 70 41 1/2.
4862 1029 3 2 '
4882 1024 140 38 Cirque
5038 1022 194 33 MÉDRANO.
5253 1036 39 9 —
5307 1021 69 33 Les
5395 1019 104 34 lions.

4875 1073 184 44 CONCERTS

4628 1135 22 31 8
4669 1134 37 31 h.
4732 1135 69 34 1/2.
4820 1149 38 9 —
4877 1135 322 32 Folies-Bergère.
5219 1149 39 8 —
5275 1132 109 33 Little
5401 1131 105 32 Tich.
5530 1132 68 31 Po-

4865 1172 66 33 lio.
4953 1172 51 31 La
5039 1172 211 37 Tortojada.
5286 1169 165 34 Diamant
5489 1168 113 33 ballet

4867 1218 48 25 en
4930 1209 22 31 3
4969 1208 184 34 tableaux.
5172 1225 38 7 —
5225 1210 68 32 Les
5319 1208 147 38 Dantes,
5486 1208 112 32 Lidia.

4883 1249 139 39 Jeudis,
5062 1248 212 35 dimanches
5303 1247 39 33 et
5365 1246 101 40 fêtes,
5497 1247 103 34 mati-

4881 1289 97 33 néelf.

5642 606 24 35 8
5681 605 44 36 fa.
5746 608 71 38 •/•.
5830 622 43 14 —
5888 609 130 36 Scaxa.
6032 626 43 13 -
6099 601 120 45 ÉMb
6255 601 127 45 Ri-Bo,
6413 616 114 30 NIM
6561 610 50 36 tfl

5934 648 24 34 8
5985 649 105 38 "tu
6118 645 101 43 eiT
6233 648 183 40 UMmqx,
6433 649 48 38 de
6502 649 54 39 P.
6556 649 56 39 la

5937 687 111 36 Fiera.

5646 722 22 33 8
5685 721 37 34 h.
5744 722 70 38 lit.
5831 738 39 10 —
5887 726 197 34 Tréteaux
6108 736 47 26 de
6169 731 181 34 Tabarin.
6371 746 39 9 —
6422 730 182 33 Ma»*®#»

5937 762 81 45 1PIte
6058 765 142 40 »mi,
6241 769 138 38 ?ursy,
6416 768 190 39 Montera,

5937 806 99 26 Mme
6045 806 129 31 Auber.
6195 806 48 32 M.
6263 807 48 32 Le
6330 806 71 33 Gallo.
6401 806 42 33 t.
6478 823 40 10 —
6545 806 61 34 le»

5935 839 94 33 Trois
6045 840 69 34 Fils
6123 842 43 34 de
6183 845 86 32 Mme
6275 845 157 35 Durand.

5652 884 17 19 »
5687 873 37 33 h.
5745 873 69 41 -/-.
5831 889 39 11 —
5887 874 134 37 Casino
6040 886 44 26 DE
6116 882 124 33 Paris.
6258 900 39 9 -
6315 886 47 28 Le
6390 885 215 30 Biographe*

5904 914 51 33 La
5971 915 135 36 famille
6113 921 115 32 Ne!as,
6237 922 124 31 travail
6370 924 134 29 aérien.
6515 925 91 28 Miss

5905 952 172 40 Gontard,
6091 963 66 24 sur
6171 957 33 31 le
6225 958 39 32 fil
6278 960 44 31 de
6340 961 64 33 fer.
6416 964 66 30 Les
6495 962 113 32 WilI6

5905 993 91 28 dans
6018 994 98 29 leurs
6129 995 192 32 exercices.
6336 999 74 30 Don
6425 1001 93 28 Juan
6533 1007 76 22 suis
6710 1004 8 15 4

5906 1028 137 40 Enfers,
6074 1029 119 42 ballet,
6213 1032 83 35 Mlle
6312 1033 133 38 Angèle
6463 1038 146 33 Heraud

5908 1070 37 30 et
5965 1070 45 30 de
6022 1070 138 33 Pibrac.

5651 1102 22 31 9
5689 1102 37 33 h.
5751 1102 63 40 1[2.
5832 1120 40 10 —
5888 1105 50 33 LA
5974 1107 110 34 Boite
6114 1119 22 23 A
6165 1118 170 26 musique.
6364 1116 58 26 Les
6456 1117 150 29 Saisons*

5942 1145 121 32 Venez
6080 1155 46 24 en
6154 1147 292 37 Ombres-revue.
6465 1155 83 32 MM.
6566 1155 42 32 A.

5964 1183 126 38 Barde,
6118 1185 39 31 B.
6193 1186 121 38 Bloch
6348 1188 148 35 Méviato
6514 1191 94 33 atné,

5960 1223 89 32 Jean
6069 1223 175 35 Meudrot.
6282 1225 97 35 Mme
6415 1229 193 35 Laurence,

5965 1262 234 44 Deschamps.
6216 1264 51 38 73,
6285 1265 48 35 bd
6348 1267 44 33 de
6411 1268 137 44 Clichy.

3554 1428 432 84 OFFRES
4090 1428 136 78 ET
4352 1430 584 80 DEMANDES
5066 1432 578 80 D'EMPLOIS

2566 1634 400 64 PETITES
3032 1610 518 88 ANNONCÉS

2796 1736 62 42 du
2880 1734 182 46 LUNDI
3086 1740 42 38 et
3148 1734 174 44 JEUDI

3523 1800 6 5 1

2604 1817 195 32 Locations
2817 1813 274 36 dlmmeubles.
3107 1811 129 35 Hôtels
3251 1808 239 40 reemmand
3490 1808 54 40 m

2565 1856 182 32 Pensions
2774 1854 46 32 de
2839 1852 153 36 famille,
3018 1850 253 38 institutions,
3292 1850 116 34 Cours
3426 1850 39 34 et
3480 1848 67 34 Le-

2565 1903 101 30 çons,
2686 1893 120 35 Offres
2841 1892 38 33 et
2913 1891 208 35 Demandes
3156 1889 209 43 d'Emplois,
3388 1890 99 33 Gens
3500 1887 46 35 de

2565 1935 155 33 Maison.

2601 1985 91 33 Sont
2714 1983 164 34 insérées
2896 1991 47 25 au
2961 1983 83 41 prix
3061 1982 46 34 de
3147 1981 61 32 50
3233 1981 203 34 ee.llae.
3451 1979 37 34 la
3503 1977 43 34 li-

2563 2032 73 32 gne
2655 2024 46 32 de
2719 2024 41 31 32
2771 2023 141 32 lettres.

2604 2063 198 32 Minimum
2823 2060 45 34 de
2898 2060 144 38 chaqùe
3074 2059 181 34 insertion
3275 2068 9 22 :
3303 2059 99 32 deux
3416 2057 130 38 lignes.

2604 2103 15 18 T
2635 2110 38 11 ao
2694 2100 247 21 nKiiZtMAlinna
2961 2099 83 22 annl
3067 2098 165 23 maftifi/tact

2712 2204 232 78 HOTELS
2970 2192 434 88 RECOMMANDÉS

2824 2311 113 40 PAR
2961 2311 75 39 LA
3067 2306 229 44 FRONDE

2719 2424 183 38 MOTEL
2925 2417 473 43 CLEMENT-MAROT

2675 2497 42 42 7,
2737 2503 77 29 rue
2844 2489 370 45 Clément-Marot,
3237 2490 42 44 7,
3308 2484 139 42 Paris.

2709 2571 275 45 ASCENSEUR,
3004 2569 205 45 Billard,
3261 2563 149 48 BAINS,

2807 2650 199 38 LUMIÈRE
3023 2649 284 40 ÉLECTRIQUE.

2666 2714 326 45 IIII.GEIEITS
3021 2712 102 42 POUR
3154 2709 71 43 LES
3255 2706 201 43 FILLES

2843 2825 253 35 LOCATIONS
3109 2821 169 35 OFFRES

2631 2897 107 29 louer
2755 2894 21 32 à
2795 2895 129 31 Marne
2940 2888 141 38 -la-Coqti
3081 2888 100 38 ette,
3201 2884 89 42 jolie
3329 2883 111 43 petite
3462 2882 88 34 mai-

2568 2925 37 44 A
2623 2946 67 23 son
2711 2944 87 25 ave<'
2824 2935 128 34 jardin,
2962 2932 142 37 grands
3125 2929 139 34 arbres,
3285 2930 165 37 potager.
3464 2925 86 32 Prix

2568 2978 78 32 très
2657 2978 122 31 modéi
2789 2977 55 31 és.
2865 2975 124 31 l'ærire
3005 2980 95 33 pour
3117 2968 209 33 conditious
3348 2968 39 31 V.
3417 2968 42 29 G.
3475 2972 23 24 a
3513 2968 37 30 la

2567 3017 151 33 Fronde.

3365 3055 165 12 ____

2566 3102 106 31 Jolie
2692 3099 176 34 chambre
2900 3093 171 35 meublée
3105 3101 47 24 au
3187 3092 31 30 4,
3258 3097 66 25 sur
3360 3097 78 27 rue,
3465 3087 83 41 près

2633 3139 277 36 Luxembourg.
2943 3135 121 32 Ecrire
3097 3139 92 34 pour
3213 3132 331 36 renseignements.

2567 3183 49 31 M.
2638 3178 140 33 Vassal,
2800 3177 139 31 bureau
2956 3174 50 30 fl).

2764 3245 304 40 DEMANDES
3096 3241 288 37 D'EMPLOIS

2565 3376 125 27 Dame
2709 3370 178 33 situation
2906 3366 77 33 très
3019 3363 261 35 malheureuse
3309 3357 182 33 demande
3525 3356 22 34 à

2624 3412 126 28 entrer
2769 3410 92 30 dans
2881 3405 140 34 famille
3032 3409 145 27 comme
3188 3402 359 38 gouvernantc.Coii-

2565 3451 78 33 natt
2660 3449 156 39 anglais.
2837 3445 221 35 Références
3085 3441 199 35 sérieuses.
3303 3439 123 33 Ecrire
3445 3439 100 35 Mme

2564 3492 41 30 B.
2622 3491 46 32 M.
2696 3489 138 31 bureau
2854 3487 52 32 22.

3598 1612 75 45 Dame,
3673 1612 64 45 ...
3779 1610 148 44 parlant
3963 1609 172 41 français,
4165 1608 189 49 espagnol,
4392 1608 76 34 très
4504 1608 74 34 ins-

3662 1656 126 29 truite,
3804 1656 220 31 distinguée,
4046 1656 122 25 désire
4182 1656 100 30 place
4299 1656 109 24 dame
4419 1656 46 24 de
4475 1656 102 24 com-

3594 1688 148 46 pagnie.
3769 1688 147 37 Berthe,
3936 1688 69 36 lli,
4017 1695 66 25 rue
4103 1688 290 32 Saint-Antoine.

3590 1758 216 46 *ben«ère
3822 1767 42 31 26
3880 1773 80 28 ans,
3968 1764 400 40 eonnaiuantangtals.
4387 1765 189 39 espagnol,

3599 1812 35 25 n
3651 1805 142 32 italien,
3813 1804 184 32 demande
4016 1803 135 38 emploi
4171 1804 93 32 dans
4283 1803 144 32 maison
4443 1810 51 25 ou
4510 1803 68 32 hô-

3599 1840 50 38 tel
3669 1852 145 25 comme
3837 1841 208 42 interprète.

3639 1883 121 34 Ecrire
3780 1882 84 32 Mlle
3884 1880 276 40 Marie-Louise,
4191 1889 48 24 au
4256 1880 163 40 journal.

3599 1988 129 28 Jeune
3743 1984 139 32 femme
3896 1981 76 35 très
3990 1982 122 32 bonne
4121 1979 173 37 écriture,
4308 1979 186 37 instruite,
4514 1978 66 34 de-

3653 2023 133 32 mande
3806 2022 21 32 h
3841 2022 89 32 faire
3950 2021 88 32 chez
4064 2019 81 37 elle,
4182 2015 140 36 relevés
4341 2019 45 31 de
4413 2019 167 39 comptes

3603 2061 253 34 d'architectes
3875 2068 47 24 ou
3936 2058 200 34 mémoires
4149 2057 332 41 d'entrepreneurs.

3641 2102 50 34 M.
3711 2102 32 32 S.
3764 2108 46 25 au
3828 2099 139 34 bureau
3989 2098 49 34 du
4055 2097 151 42 journal
4227 2097 35 33 la
4278 2096 149 35 Fronde.

3839 2188 221 32 PENSIONS
4078 2187 58 31 DE
4150 2186 196 33 FAMILLE

3604 2268 125 33 Dame
3744 2263 228 38 professeur,
3987 2260 157 34 louerait
4160 2259 91 42 jolie
4261 2258 38 34 et
4309 2257 139 41 grande
4456 2256 126 34 cham-

3664 2304 64 32 bre
3741 2311 21 24 a
3782 2304 106 32 dame
3916 2304 174 34 sérieuse,
4125 2308 88 24 avec
4241 2308 47 24 ou
4309 2307 86 24 sans
4415 2300 166 39 pension.

3605 2342 299 41 (Luxembourg).
3927 2341 88 31 Prix
4033 2338 163 34 modéré.
4231 2338 49 31 M.
4317 2338 37 30 Z.
4375 2337 141 31 bureau
4529 2336 53 30 52.

3603 2415 160 36 Famille
3782 2412 211 39 honorable,
4029 2412 120 32 bonne
4180 2410 155 34 cuisina,
4355 2408 226 34 installation

3660 2454 241 36 confortable,
3940 2452 190 42 prendrait
4178 2450 271 44 pensionnaire.
4494 2450 89 31 Prix

3605 2495 162 32 modéré.
3788 2493 192 35 Hcrmitte,
4001 2493 49 36 12,
4070 2499 66 24 rue
4159 2493 145 29 liieher.

3605 2576 196 32 Personne
3822 2569 76 34 très
3917 2567 215 39 honorable,
4169 2565 169 35 habitant
4357 2562 226 46 magnifique

3664 2612 88 32 villa
3768 2619 86 25 avec
3873 2610 117 34 grand
4007 2608 140 36 jardin,
4169 2608 39 31 10
4219 2615 50 25 m.
4284 2607 45 31 de
4347 2607 105 31 Pans
4483 2607 100 37 (gare

3607 2653 187 28 Saint-Laz
3807 2651 64 32 .ro)
3891 2650 92 31 ot1're
4002 2656 22 24 à
4059 2649 108 30 dame
4195 2645 160 33 rentière
4386 2644 57 32 vie
4467 2643 45 32 de
4532 2643 52 31 fa-

3607 2691 114 37 mine,
3741 2691 102 32 soins
3863 2689 37 32 et
3918 2686 258 34 dévouement.
4198 2685 86 32 Prix
4303 2682 163 34 modère.

3645 2730 123 36 Ecrire
3787 2731 99 33 Mme
3905 2729 44 33 H.
3965 2729 54 38 D.,
4039 2726 22 34 à
4080 2727 34 33 la
4131 2724 148 36 Fronde,

3605 2811 168 31 Pension
3791 2818 87 24 avec
3897 2808 176 32 chambre
4095 2807 84 31 bien
4213 2803 182 37 meublée,
4415 2802 93 32 dans
4528 2801 55 31 fa-

3662 2850 112 37 mille,
3793 2850 97 31 Mme
3909 2849 53 36 L.,
3975 2848 51 36 25,
4048 2853 140 25 avenue
4209 2845 45 31 de
4270 2845 36 30 la
4323 2841 224 33 Gr.-Armée.

3601 2952 129 30 Jeune
3752 2946 136 32 femme
3906 2942 75 34 très
4012 2940 162 42 capable,
4196 2938 210 33 meilleures
4425 2934 160 34 référen-

3671 2995 71 27 ces,
3773 2984 180 33 demande
3989 2982 138 38 diriger
4157 2981 179 31 intérieur
4357 2981 88 27 chez
4479 2981 107 26 dame

3602 3026 116 32 seule.
3737 3024 42 33 A.
3799 3025 41 31 A.
3857 3024 50 36 41j,
3929 3030 64 24 rue
4015 3023 149 30 Servan.

3602 3114 196 29 Personne
3817 3117 38 21 st*
3861 3108 49 31 rii■
3918 3114 74 29 use,
4025 3106 77 30 1res
4123 3112 45 24 au
4201 3102 153 32 l'oul'.mt
4383 3101 64 30 des
4462 3106 125 33 opéra-

3660 3149 98 32 tions
3777 3145 230 36 nn:ut''icrcs,
4028 3143 183 33 demande
4228 3142 134 40 emploi
4383 3142 92 29 dans
4497 3142 89 27 Ban-

3602 3197 73 27 que
3693 3196 47 23 ou
3761 3193 220 28 commerce,
4000 3192 92 32 pour
4111 3181 330 41 correspondance,
4463 3185 121 32 comp-

3604 3226 154 38 tahilité,
3776 3225 70 41 lit]
3846 3225 28 41 u
3874 3225 156 41 hlaUI/Os,
4051 3223 69 31 etc.

3643 3265 123 33 Ecrire
3783 3264 221 40 comptable,
4027 3261 34 33 la
4078 3259 150 35 Fronde.

3602 3357 61 32 Iîn
3682 3351 280 38 garde-malade
3983 3349 181 32 infirmier
4175 3345 173 42 diplômé,
4369 3344 103 32 muni
4487 3343 97 31 d'ex-

3628 3388 8 39 j
3657 3391 175 33 cellentes
3864 3389 218 35 références,
4121 3388 182 31 demande
4339 3388 133 37 emploi
4493 3388 91 26 dans

3600 3431 153 39 famille,
3775 3429 81 42 prix
3872 3429 76 34 très
3967 3426 184 36 modérés.

3641 3471 114 33 S'adr.
3775 3470 126 33 Didier
3918 3469 78 38 Ed.,
4010 3468 69 38 149,
4091 3473 141 26 avenue
4246 3465 45 31 de
4303 3463 149 40 Choisy,
4466 3464 116 31 Paris.

4854 1626 186 38 COURS
5072 1628 70 35 ET
5168 1630 212 45 LEÇONS

4639 1709 171 39 inglaise
4829 1706 181 42 diplômée
5024 1708 250 36 demanderait
5295 1711 21 34 à
5334 1710 180 38 échanger
5548 1712 53 34 le-

4631 1747 36 35 A
4681 1757 90 30 çons
4789 1756 89 26 avec
4895 1747 108 34 dame
5034 1749 236 34 connaissant
5287 1751 85 33 bien
5387 1751 212 37 l'espagnol.

4630 1789 122 33 Ecrire
4769 1788 101 33 Mme
4881 1788 79 32 F.S.
4971 1787 140 33 bureau
5123 1789 142 32 restant
5275 1797 30 24 r.
5319 1788 292 35 d'AmtJteraam""

4632 1865 149 39 Demoiselle
4781 1865 82 39 dans
4880 1865 40 31 26
4935 1873 79 28 ans,
5033 1865 113 39 ayant
5174 1864 128 32 exercé
5323 1865 159 38 pendant
5498 1866 20 30 4
5535 1873 67 25 ans

4690 1905 93 32 dans
4802 1905 165 41 pension,
4984 1903 180 33 demande
5184 1904 123 40 leçons
5325 1912 22 25 a
5364 1904 181 33 domicile.

4671 1945 122 33 Ecrire
4807 1945 33 32 J.
4862 1944 62 39 M.,
4934 1951 66 26 rue
5019 1943 207 39 Boursault,
5245 1943 51 32 30.

4634 2035 146 35 (eçons
4798 2033 45 31 de
4862 2032 159 38 français
5040 2033 38 30 et
5095 2031 45 31 de
5161 2031 143 39 piano,à
5327 2031 80 39 prix
5425 2030 202 40 modérés,

4658 2077 11 27 1
4688 2080 64 23 rur
4770 2071 106 32 dame
4895 2069 193 43 diplômée,
5107 2071 33 30 J.
5164 2074 36 26 K.
5219 2070 49 30 22.
5291 2076 137 24 avenue
5448 2069 179 37 d'EylR,u.

4635 2169 146 31 Leçons
4797 2163 176 37 d'anglais
4993 2171 93 29 pour
5104 2162 134 38 jeunes
5258 2162 158 33 enfants,
5437 2160 81 38 prix
5537 2167 75 22 mo-

4688 2201 120 32 dérés.
4828 2202 122 31 Ecrire
4985 2200 219 32 chemiserie
5232 2199 130 37 Marot,
5387 2199 52 36 51,
5459 2204 66 25 rue
5544 2199 69 29 llo-

4637 2240 235 35 chechouart.

4635 2319 147 32 Leçons
4800 2315 45 30 de
4865 2315 107 36 piano
4990 2315 38 30 et
5045 2313 122 37 chant,
5191 2321 65 30 par
5268 2310 101 32 élève
5388 2311 50 31 du
5457 2311 154 31 Conser-

4692 2353 152 36 vatoire,
4859 2352 86 44 prix
4957 2350 245 34 raisonnable.

4675 2391 101 34 Erire
4793 2391 99 33 Jtilia
4909 2391 45 32 de
4974 2392 63 30 S...
5057 2390 50 38 20,
5128 2397 65 25 rue
5211 2387 339 34 Saint-Ferdinand.

4637 2471 226 37 Professeur
4881 2470 45 31 de
4949 2469 121 37 chant,
5087 2468 141 32 lauréat
5245 2469 49 30 du
5319 2468 287 34 Conservatoire,

4693 2508 193 33 donnerait
4901 2508 125 37 leçons
5039 2507 21 30 à
5077 2507 134 38 jeunes
5230 2514 92 30 gens
5335 2507 91 30 dans
5446 2507 165 38 pension-

4638 2549 64 33 nat
4719 2548 45 33 de
4782 2545 224 43 préférence.
5017 2545 135 39 Ecrire,
5166 2545 40 33 93
5223 2544 70 40 bis,
5307 2551 139 27 avenue
5465 2544 44 33 de
5529 2545 83 33 Ver-

4637 2589 136 38 sailles,
4794 2588 41 31 P.
4850 2587 32 32 J.

4637 2681 142 37 Préparation
4779 2681 107 37 autres,
4907 2687 73 24 aux
5001 2687 187 24 examens.
5218 2680 141 36 Brcet,
5380 2679 176 32 certificat
5574 2679 37 31 et

4695 2721 137 37 autres,
4853 2727 65 34 par
4947 2719 211 41 professeur
5193 2717 145 41 agrégé.
5361 2718 121 33 Ecrire
5500 2718 46 32 M.
5567 2718 42 32 V.

4640 2764 48 36 12,
4709 2761 139 33 bureau
4869 2759 150 39 restant,
5033 2767 139 26 avenue
5191 2760 44 32 de
5255 2760 35 32 la
5304 2757 305 35 Grande-Armée.

5031 2855 203 34 DIVERS

4640 2920 150 39 Corset,
4811 2922 43 31 Le
4882 2919 148 40 Cyclone
5067 2916 130 34 réalise
5230 2917 121 33 toutes
5382 2916 53 33 les
5453 2914 157 44 qualités

4697 2960 219 37 ù'élél,muce,
4942 2958 193 37 d'hygiène
5155 2959 38 30 et
5211 2958 44 31 de
5289 2958 71 31 bun
5391 2958 159 36 marché,
5571 2964 40 24 ce

4641 3002 62 41 qui
4725 2999 160 34 n'exclut
4901 3006 63 34 pas
4983 3005 42 23 sa
5045 2996 156 32 solidité.

4679 3041 50 31 m.
4751 3048 65 24 rue
4837 3039 46 30 du
4905 3035 297 34 Ch?de:1\l-dï':au.

4640 3123 131 32 Kobes
4790 3122 36 29 et
4844 3118 199 32 manteaux
5070 3116 102 38 façon
5209 3115 159 36 sui¡,wec,
5386 3116 79 38 prix
5488 3121 123 24 tauûc-

4701 3161 70 36 rés,
4793 3161 97 30 Mme
4912 3156 151 36 Poirier,
5078 3155 21 31 à
5120 3155 34 31 la
5176 3154 145 32 Fronde.

4637 3257 179 33 Sciences
4835 3251 175 37 occultes,
5049 3247 211 43 professeur
5292 3245 199 33 Dentzkoff.
5510 3247 18 31 4
5542 3246 68 39 bis,

4683 3304 66 24 rue
4769 3293 153 36 d'Orscl,
4943 3289 117 34 Paris.

4884 3341 158 41 GENS
5062 3340 82 38 DE
5172 3336 226 40 MAISON

4635 3423 137 27 Bonne
4807 3414 208 36 cuisinière,
5054 3411 237 35 connaissant
5328 3407 202 43 pâtisserie,
5558 3407 60 33 de-

4694 3459 135 34 mande
4849 3457 113 41 place,
4983 3453 222 34 références.
5225 3453 53 37 P.,
5311 3458 66 24 rue
5397 3449 148 37 Mozart,
5567 3449 51 30 58.

5653 1607 81 43 Bonne
5734 1607 54 43 ou
5805 1605 23 34 à
5856 1607 80 34 tout
5966 1608 90 34 faire
6091 1610 179 35 demande
6302 1612 98 38 place
6419 1613 95 33 chez'
6544 1620 69 30 une

5709 1652 47 25 ou
5775 1649 97 29 deux
5890 1655 208 32 personnes.
6119 1651 77 32 Sait
6229 1653 135 31 coudre
6381 1653 37 33 et
6435 1661 178 32 repasser.

5653 1683 144 33 Bonnes
5814 1684 216 36 références.
6043 1688 121 33 Ecrire
6181 1689 39 33 L.
6239 1689 53 39 D.,
6304 1690 31 38 5,
6354 1698 65 26 rue
6437 1692 177 35 Puteaux.

5654 1764 212 44 Cuisinière
5880 1767 136 33 faisant
6046 1768 156 40 ménage
6230 1770 178 34 demande
6420 1772 101 36 place
6528 1773 88 33 ches

5708 1809 74 25 une
5815 1811 47 24 ou
5890 1807 98 29 deux
6022 1812 211 34 personnes.
6268 1807 48 33 M.
6345 1809 52 37 B.,
6415 1809 50 37 38,
6486 1816 66 27 rue
6571 1810 46 35 de

5656 1845 308 36 Constantinople.

5669 1930 91 35 Ires
5778 1924 119 32 bonne
5927 1925 205 39 cuisinière,
6154 1929 125 31 munie
6313 1930 43 31 de
6379 1929 91 35 bons
6489 1932 130 33 certiti-

5719 1964 88 36 cats,
5827 1964 37 31 12
5882 1972 66 24 ans
5961 1964 22 32 à
5997 1964 203 42 l'étranger,
6210 1967 176 34 demànde
6399 1969 112 38 place,
6521 1970 39 33 F.
6575 1970 42 36 A.

5637 2022 2 33 I
5658 2000 52 35 32,
5729 2008 65 24 rue
5813 2002 63 32 des
5895 2003 170 39 Martyrs.

5663 2075 138 44 Demoiselle
5801 2075 88 44 mande
5909 2077 40 31 25
5960 2086 76 30 ans,
6058 2077 72 35 trè3
6151 2080 114 34 douce
6285 2081 43 34 de
6347 2083 193 36 caractère,
6559 2085 59 34 de-

5723 2118 131 30 mande
5871 2118 100 36 place
5990 2118 44 32 de
6061 2119 192 34 cuisinière
6285 2129 47 25 ou
6367 2122 118 32 bonne
6500 2124 22 30 à
6539 2125 81 29 tout

5666 2153 101 37 faire,
5787 2154 75 33 très
5887 2155 92 33 bons
6008 2153 326 40 renseignements.
6351 2163 41 30 G.
6415 2163 51 30 C.,
6485 2164 49 29 19,
6552 2171 67 22 rue

5667 2192 297 40 Sainte-Placide,
5985 2196 114 32 Paris.

5898 2278 180 33 FEMMES
6105 2280 57 32 DE
6182 2281 210 34 CHAMBRE

5665 2329 157 38 Femme
5849 2329 45 31 de
5926 2328 174 32 chambre
6131 2329 151 33 sachant
6313 2331 87 32 faire
6425 2333 193 34 costumes,

5718 2366 178 33 demande
5911 2367 111 40 place.
6041 2367 41 32 A.
6103 2368 36 30 E.
6158 2368 49 38 69,
6230 2376 62 25 rue
6312 2369 45 31 du
6378 2370 80 33 Bac.

5665 2460 155 24 a'ettune
5839 2454 44 31 de
5915 2454 173 32 chambre
6123 2454 162 32 sérieuse
6331 2457 176 31 dcmauttc
6525 2463 97 27 place

5664 2489 26 37 li
5716 2491 87 32 chez
5819 2500 72 24 une
5925 2501 48 22 ou
6005 2493 96 32 deux
6129 2501 210 29 personnes.
6376 2495 142 31 Bonnes
6537 2494 87 31 réfé-

5666 2537 135 25 rences.
5821 2529 203 33 S'adresser
6040 2530 42 32 A.
6103 2531 39 31 B.
6157 2531 30 38 8,
6207 2539 64 24 rue
6291 2531 49 32 du
6358 2532 137 33 Bouloi.

6047 2624 210 40 MÉNAGES

5664 2683 155 42 Ménage
5831 2685 39 31 28
5887 2685 37 32 et
5935 2685 41 31 30
5993 2693 76 30 ans,
6080 2685 258 34 actuellement
6354 2685 219 40 concierges,
6589 2685 35 35 le

5725 2724 92 33 mari
5837 2724 139 34 facteur
5999 2725 178 33 demande
6215 2724 119 36 même
6369 2725 111 39 place.
6502 2725 120 35 Ecrire

5665 2765 35 32 S.
5720 2766 37 32 F.
5769 2765 68 38 254,
5857 2763 196 36 boulevard
6067 2766 170 33 Voltaire.

5664 2851 166 41 Ménage,
5850 2853 96 33 valet
5971 2853 43 31 de
6046 2853 172 37 chambre
6254 2854 36 32 et
6319 2853 191 33 cuisinière
6529 2853 40 32 38
6585 2853 37 34 et

5724 2891 39 32 3G
5781 2900 75 30 ans,
5894 2892 176 33 demande
6101 2892 111 42 place.
6244 2893 142 33 Bonnes
6405 2892 218 36 références.

5666 2933 125 38 Bauet,
5811 2933 49 36 23,
5880 2941 63 24 rue
5958 2933 220 40 Montaigne.

5665 3015 156 40 Ménage
5836 3016 232 32 absolument
6099 3015 207 39 honorable,
6327 3017 177 32 demande
6523 3016 99 40 place

5666 3064 41 28 in
5725 3055 190 39 concierge
5934 3056 90 31 dans
6042 3055 141 32 maison
6203 3064 130 25 neuve.

5705 3095 120 32 Ecrire
5843 3094 41 33 A.
5899 3096 36 32 L.
5953 3095 38 33 13.
6006 3095 21 32 à
6046 3095 34 33 la
6095 3095 145 33 Fronde.

5667 3181 129 29 Veuve
5831 3186 85 24 avec
5950 3178 134 39 grands
6117 3178 154 37 enfants,
6303 3178 56 32 fils
6393 3178 153 38 tailleur,
6566 3179 54 32 de.

5678 3222 18 32 f
5719 3217 130 31 mande
5863 3217 98 40 place
5974 3218 199 39 concierge.
6183 3216 113 33 S'adr.
6307 3218 46 31 M.
6361 3219 40 31 P.
6410 3218 21 32 à
6439 3218 34 31 la
6479 3217 137 33 Pronde.

5670 3307 48 33 LA
5718 3307 50 33 a
5814 3306 217 34 FRONDE
6060 3318 20 19 »
6110 3309 198 39 aeeepte
6339 3307 87 33 des
6456 3305 163 44 petites

5715 3358 246 25 annonces
5971 3359 15 23 1
5998 3349 148 34 offres
6159 3350 48 32 et
6215 3349 259 33 demandes
6487 3348 131 34 d'em-

5716 3392 109 46 ploi,
5853 3403 61 25 au
5932 3392 116 36 tarif
6070 3391 151 37 réduit
6242 3393 61 35 de
6321 3391 64 37 50
6400 3391 220 37 eentime»

5716 3440 50 35 la
5794 3439 149 46 ligne.

3139 3852 109 30 Nous
3273 3842 341 37 recommandons
3633 3841 24 36 à
3675 3849 75 27 nos
3780 3837 200 39 Lectrices
4005 3837 42 34 et
4073 3834 201 43 Lecteurs,
4301 3841 121 38 pour
4446 3832 132 34 leurs

3185 3897 251 35 Etrennes,
3451 3889 61 38 les
3526 3886 166 40 articles
3712 3885 188 37 suivants
3924 3882 50 37 de
4000 3881 38 37 la
4061 3880 160 37 maison

3139 3948 40 20 H
3195 3948 19 20 A
3231 3940 285 28 TTIHfl1!
3560 3933 81 35 21,
3675 3942 87 25 rue
3796 3930 225 38 Grenéta,
4057 3926 152 41 Paris,
4245 3923 50 36 de
4338 3922 239 36 fabrication

3139 3966 122 51 UA1
3286 3966 22 51 I
3325 3966 35 51 il
3365 3991 18 26 i
3391 3966 39 51 II
3435 3966 35 50 II
3477 3966 43 50 II
3613 3975 193 39 brevetée
3840 3986 8 25 :
3882 3977 35 33 1"
3944 3975 249 35 REMONTOIR
4217 3972 23 16 "
4268 3970 136 34 SOLOR
4475 3975 104 36 pour

3141 4030 25 34 h
3171 4037 62 27 cm
3240 4036 78 28 me,
3355 4033 53 27 en
3443 4019 123 40 métal
3599 4021 241 43 inoxydable
3877 4021 41 34 et
3953 4019 390 37 indéfraichissable,
4381 4018 124 40 ayant
4540 4016 39 31 la

3141 4072 147 35 beauté
3307 4069 41 38 et
3366 4069 39 36 la
3424 4066 168 39 couleur
3609 4068 50 36 de
3679 4068 103 39 l'Or,
3805 4067 118 40 façon
3942 4065 184 35 montres
4155 4065 48 32 de
4231 4065 69 31 500
4318 4063 63 38 fr.,
4409 4066 170 28 mouve-

3141 4119 115 38 ment
3279 4114 155 46 soigné,
3461 4113 157 45 garanti
3640 4115 22 34 3
3683 4122 87 32 ans,
3801 4112 62 35 15
3885 4112 49 34 fr.
3946 4119 53 25 ou
4015 4108 62 36 15
4095 4108 48 35 fr.
4161 4107 65 35 00
4245 4105 31 35 fl
4298 4114 48 26 en
4363 4111 213 44 province.

3231 4165 36 33 2e
3292 4162 52 35 LE
3373 4160 123 35 MÊME
3522 4158 26 35 à
3563 4158 257 41 savonnette,
3848 4154 141 38 arlicle
4017 4153 84 36 très
4128 4152 125 41 riche,
4279 4149 65 36 20
4361 4149 135 35 francs
4523 4156 54 26 ou

3140 4206 66 36 20
3225 4207 50 35 fr.
3291 4205 66 35 00
3373 4204 1157 41 franco....

3143 4312 861 155 OBESITE

3325 4469 368 54 fnIIII.....
3693 4469 92 54 SI
3785 4469 62 54 m

3210 4564 556 108 RÉDUCTION
3818 4580 96 70 DE
3956 4558 83 114 1#9
4039 4558 63 114 19

4325 4705 145 33 colique,#.

2574 4876 42 131 I
2642 4886 440 121 Cigarettes
3128 4876 426 130 Indiennes
3598 4872 100 128 de
3746 4866 356 132 GRIlAUL
4102 4866 134 132 T
4282 4894 52 100 t
4380 4858 150 138 Ci

2576 5028 38 31 ■
2729 5005 53 35 0
3194 5030 142 34 Remède
3359 5029 31 31 le
3413 5029 74 39 plu
3509 5026 126 33 efficace
3659 5033 119 30 connu,
3801 5028 111 26 contre
4489 5014 40 39 ■

2577 5078 16 30 ■
2593 5078 25 30 1
2707 5086 25 22 f
2733 5083 155 25 ASTHME
2920 5076 210 32 rOPPRESSIOll,
3130 5076 60 32 ".
3213 5071 215 37 l'IMSOMNIE,
3453 5070 31 34 b
3508 5067 199 36 CATARRHE
3733 5071 33 25 et
3792 5075 82 29 pour
3896 5065 136 30 faciliter
4056 5064 143 32 tEXPEC
4204 5064 91 32 TORJ
4302 5064 93 33 MN.
4490 5059 38 38 N

2810 5107 194 48 PRIlVia
3106 5116 217 33 Pharmacie
3339 5112 125 34 VIA!..
3483 5112 19 29 1
3522 5118 68 23 me
3607 5110 237 32 Bourdaloue,
3861 5107 151 29 PARIS.
4059 5107 79 27 PRIX
4162 5115 7 17 =
4281 5108 20 26 f.
4489 5107 39 34 j

4871 3787 251 36 LOCATIONS
5161 3782 219 35 DEMANDE

4635 3858 69 28 ON
4731 3855 119 31 désire
4873 3853 114 33 louer,
5008 3850 20 32 h
5049 3856 71 26 une
5136 3847 114 33 heure
5270 3845 45 32 de
5335 3843 115 33 Paris,
5470 3841 144 33 maison

4691 3897 44 28 de
4755 3901 201 24 campagne
4973 3899 73 26 non
5078 3885 182 37 meublée,
5281 3885 75 32 très
5376 3885 238 33 confortable,

4635 3937 160 29 pouvant
4823 3935 76 31 être
4918 3930 146 35 habitée
5085 3929 102 32 toute
5207 3927 9 31 1
5230 3924 130 34 'année.
5379 3926 90 40 Cinq
5492 3930 48 36 ou

4635 3977 197 27 chambres
4851 3972 166 32 maîtres.
5030 3968 129 33 Jardiu
5179 3965 189 39 ombrage,
5379 3965 118 34 I,üWà
5514 3965 101 33 1,200.

4634 4017 134 37 Ecrire,
4791 4009 317 44 renseignements
5130 4004 180 43 complets
5335 4003 48 33 M.
5403 4003 41 31 P.
5467 4002 150 31 Fronde.

4791 4115 45 5 —
5193 4106 24 6 -
5528 4100 10 5 "
5610 4097 6 7 "

4634 4172 30 19 C
4678 4172 16 19 t
4708 4171 71 20 rr
4806 4166 191 25 miUr
5025 4161 45 30 de
5108 4160 43 31 1"
5179 4157 46 32 el.
5245 4157 73 31 Mm*
5347 4154 141 30 Nertot
5508 4149 109 33 traite

4634 4190 364 42 SAllHtilfflk
5023 4207 88 24 avec
5129 4195 131 34 succès
5293 4194 126 31 contre
5439 4190 178 31 «téHUW

4633 4247 36 27 et
4681 4244 178 30 maladies
4869 4244 64 30 des
4950 4241 171 32 fenuaM.
5136 4237 104 32 Mais,
5250 4235 44 32 de
5307 4240 132 34 reposa
5451 4231 33 31 la
5496 4236 118 25 camp.

4632 4286 120 33 Prend
4773 4291 103 28 pens.
4895 4282 21 32 à
4934 4281 123 33 toutes
5081 4278 173 41 époques.
5275 4273 276 33 Consultations
5570 4273 50 28 de

4632 4329 15 29 1
4668 4327 37 31 h.
4719 4326 21 31 à
4758 4325 18 30 4
4795 4324 49 36 h.,
4880 4321 68 37 103,
4970 4328 66 24 rue
5073 4321 242 29 Mcntmartt'c
5343 4321 50 31 pr.
5417 4318 30 24 le
5469 4318 143 23 boulev.

4633 4474 140 39 Pour
4805 4471 81 39 les
4917 4468 305 39 Annonces,
5247 4458 301 41 s'adresser

4748 4578 92 56 AUX
4892 4572 226 56 BUREAUX
5170 4568 62 54 DU
5286 4562 218 58 JOURNAL

4631 4659 58 40 et
4713 4656 133 40 chez

4870 4712 250 54 LAGRANGE
5156 4710 62 52 ET
5250 4706 124 54 CERF

4708 4824 64 46 6.
4800 4822 192 54 plaoe
5032 4818 90 40 de
5164 4814 64 42 la
5264 4810 272 44 Bourse

5059 4973 47 31 La
5133 4969 167 34 Gérante:
5331 4966 168 31 Durand.

4977 5067 50 30 M.
5049 5061 227 40 Barnagaud,
5298 5061 87 37 imp.

5704 3796 448 112 PILULES

6081 3943 54 29 DE

6016 3976 576 108 BLANCARD

5793 4124 22 39 «
5845 4120 184 41 L'tOOURE
6061 4121 48 39 DE
6146 4120 72 39 FER
6249 4113 263 45 INALTÉRABLE

5708 4170 237 48 Approuvées
5971 4178 76 35 par
6081 4167 223 36 l'Académie
6334 4166 44 34 de
6411 4161 185 38 Médecine.

6072 4259 174 45 ANÉMIE

5712 4312 352 40 MENSTRUATION
6105 4311 145 36 NULLE
6289 4316 53 27 ou
6382 4306 217 37 DIFFICILE

5822 4356 244 39 FAIBLESSE
6090 4356 58 34 DE
6172 4351 320 39 CONSTITUTION

5966 4399 288 44 RACHITISME,
6281 4397 74 35 etc.

5714 4496 262 123 Sirop
6016 4490 106 102 de
6162 4484 438 106 Blancard

5813 4628 27 42 à
5867 4625 182 44 Vlodure
6079 4625 52 39 de
6157 4623 79 41 Fer
6261 4617 244 46 inaltérable

6021 4677 240 43 DOSE
6285 4690 13 26 :

5714 4749 15 35 1
5760 4745 26 39 à
5810 4746 28 37 6
5864 4743 168 48 pilules.
6407 4745 77 40 par
6501 4736 100 46 jour

5707 4798 26 38 2
5760 4795 26 41 à
5810 4795 27 38 3
5863 4792 225 41 cuillerées
6103 4791 53 40 de
6175 4789 137 50 Sirop.
6471 4803 49 9 —

5709 4903 102 38 POUR
5855 4901 119 38 AVOIR
6011 4899 69 38 LES
6123 4892 241 44 VÉRITABLES
6409 4890 191 40 PRODUITS

5709 4951 130 39 Exiger
5857 4949 37 34 la
5912 4949 198 41 signature
6140 4939 294 39 BLWCAIID

5862 4992 188 37 l'adresse
6113 4989 78 40 40,
6215 4996 84 27 rue
6321 4989 281 37 Bonaparte,

5776 5041 40 32 et
5838 5039 34 34 le
5900 5038 148 34 Timbre
6075 5037 47 33 de
6149 5035 188 34 Garantie.

1956 5360 540 128 REVUE
2636 5320 988 156 FINANCIÈRE
3764 5332 200 124 DE
4100 5332 184 120 LA
4432 5312 668 136 SEMAINE

914 5684 143 42 Lundi,
1078 5683 42 37 14
1145 5679 152 38 février
1318 5678 98 35 iSUS.

521 5756 58 28 Ah
593 5754 11 30 1
631 5749 100 35 au'il
754 5748 64 36 est
833 5745 107 35 doux
958 5741 51 36 de
1024 5739 117 36 vivre
1159 5737 25 35 à
1203 5745 81 27 une
1303 5733 161 49 époque

482 5803 49 32 Dù
547 5800 82 35 l'on
650 5795 99 40 peut
779 5789 147 46 goûter
959 5795 51 26 en
1036 5783 137 45 pleine
1189 5785 195 30 maturité
1403 5782 62 30 les

483 5845 117 36 fruits
617 5841 121 37 d'une
758 5834 246 38 civilisation
1023 5834 179 30 avancée
1214 5834 9 25 t

525 5882 281 39 Aujourd'hui,
822 5889 45 28 ce
888 5878 102 36 n'est
1015 5874 92 43 plus
1129 5880 98 28 sous
1247 5878 56 27 un
1317 5865 148 47 simple

483 5935 140 30 chêne,
651 5940 96 25 sans
782 5933 146 32 pompe
966 5921 40 35 ni
1044 5925 224 39 pompiers,
1303 5921 81 37 que
1421 5920 44 26 se

481 5979 99 30 reml
601 5968 339 40 sommail'.>!llént
959 5974 80 27 une
1057 5964 154 35 Justice
1233 5964 232 40 primitive,

480 6027 99 28 o'est
603 6023 103 32 dans
725 6019 50 36 de
790 6017 129 36 beaux
936 6010 144 45 palais,
1094 6008 54 36 où
1179 6015 43 27 se
1250 6012 140 39 presse
1410 6009 55 29 un

479 6078 205 24 concours
697 6060 257 42 d'assistants
974 6056 287 46 respectueux,
1275 6053 193 32 desireux

480 6117 52 26 de
545 6110 257 33 contempler
825 6107 61 35 les
917 6101 237 42 magistrats
1176 6101 232 40 équitables
1427 6101 42 26 et

481 6161 196 31 Intègres,
708 6152 153 39 devant
893 6146 182 46 lesquels
1125 6141 183 48 plaident
1345 6141 125 32 libre-

479 6207 118 25 ment
632 6203 61 28 les
725 6197 197 35 lumières
949 6193 55 36 du
1037 6192 167 39 bareau,
1222 6192 42 32 et
1286 6191 180 33 défilent,

479 6248 240 31 empressés
743 6247 41 32 et
810 6239 223 40 déférents,
1053 6236 61 36 les
1147 6231 237 39 notabilités
1413 6237 57 27 ci-

481 6297 106 23 viles
607 6296 42 24 et
666 6289 230 31 militaires.
931 6286 57 34 On
1008 6282 64 35 est
1091 6278 148 38 touche
1258 6278 51 32 de
1323 6282 90 28 voir
1432 6278 39 28 la

480 6342 200 24 politesse
713 6336 51 30 de
799 6332 88 34 tant
907 6329 51 36 de
981 6327 125 37 hauts
1120 6328 293 38 personnages,
1431 6318 40 33 et

480 6364 213 56 F-éoclh'ange
723 6382 74 37 des
817 6373 199 47 procédés
1043 6371 238 49 dépourvus
1313 6364 25 37 d
1352 6364 120 37 obsé-

481 6433 191 34 quiosile,
695 6427 105 33 mais
818 6422 196 38 cordiaux
1026 6419 42 35 et
1080 6419 306 35 bienveillants,
1401 6419 71 36 qui

480 6476 214 49 président
719 6474 24 34 à
760 6471 114 36 leurs
892 6465 204 46 rapports.

523 6526 60 24 On
619 6520 66 30 est
707 6517 97 33 ému
841 6521 53 29 en
927 6520 44 28 se
1009 6503 177 42 rendant
1221 6499 165 47 compte
1423 6496 50 36 de

479 6570 110 20 cette
609 6564 230 26 généreuse
857 6557 83 33 soif
954 6555 53 35 de
1022 6551 176 39 lumière
1217 6549 42 34 et
1271 6549 51 33 de
1342 6549 132 32 vente

480 6613 72 24 oui
584 6607 178 30 s'écoule
790 6605 104 32 dans
926 6601 40 35 la
994 6606 90 31 rue,
1116 6596 42 34 et
1181 6589 180 38 déborde
1382 6589 92 43 jus-

480 6636 50 44 qui
530 6636 102 44 qu'aux
648 6651 148 29 quatre
821 6647 112 33 rives
947 6643 53 37 de
1015 6641 40 37 la
1073 6641 133 35 Seine.
1227 6637 57 35 On
1300 6637 172 34 admire,

481 6704 152 22 autour
663 6706 57 20 (Ju
751 6692 148 34 Palais,
928 6686 236 40 l'imposant
1197 6678 279 47 déploiement

481 6748 75 18 des
575 6742 152 24 gardes
752 6735 283 31 municipaux,
1059 6729 98 37 fiers
1181 6727 43 35 et
1252 6725 122 39 doux,
1399 6725 76 31 ali-

483 6792 105 18 énés
612 6797 54 13 en
682 6784 179 26 cordons
885 6776 152 34 serrés,
1064 6775 25 35 à
1119 6772 12 36 1
1146 6768 143 39 entrée
1306 6767 51 35 de
1385 6765 92 36 cha-

483 6845 84 18 que
585 6842 92 21 rue,
699 6831 43 32 et
760 6829 38 34 le
822 6825 87 36 zèle
939 6821 75 35 des
1043 6819 152 35 braves
1213 6812 194 46 gardiens
1425 6808 51 35 de

481 6862 44 47 &
543 6879 96 30 paix
657 6874 72 35 qui
750 6880 45 28 se
824 6863 256 46 multiplient
1105 6867 104 38 pour
1240 6862 177 30 faciliter
1453 6862 24 24 a

486 6923 249 19 circulation
777 6916 75 26 des
883 6917 185 25 curieux,
1098 6909 146 33 attirés
1276 6909 53 28 en
1370 6908 107 26 cette

482 6940 142 56 Sefne
659 6968 43 28 et
738 6961 124 35 noble
898 6955 94 41 cité,
1020 6962 55 28 au
1110 6958 117 29 cœur
1259 6945 138 37 même
1426 6946 51 32 de

480 7015 118 23 Paris,
631 7009 145 29 avides
801 7001 246 37 d'acclamer
1071 6995 124 38 l'élite
1225 6995 25 31 d
1267 6999 55 27 'un
1347 6995 127 38 grand

483 7036 173 51 Snnie
682 7056 75 31 Les
787 7051 217 36 étrangers
1028 7051 52 29 ne
1112 7036 181 51 peuvent
1308 7044 20 26 s
1342 7036 136 42 empê-

480 7110 103 22 cher
597 7106 52 26 de
665 7098 222 34 concevoir
902 7104 56 28 un
979 7091 156 39 certain
1161 7090 113 42 dépit
1293 7090 51 29 en
1363 7086 115 31 étant

482 7154 138 35 forcés
639 7151 51 30 de
713 7146 149 39 rendre
893 7141 222 40 hommage
1134 7135 25 35 à
1177 7141 77 28 nos
1269 7130 157 38 vertus,
1453 7137 25 23 a

481 7203 122 37 notre
620 7193 226 43 caractère,
863 7190 25 36 à
907 7187 121 37 notre
1047 7188 179 38 sagesse.

526 7236 422 31 Malheureusement,
982 7229 114 38 toute
1130 7220 194 43 médaillé
1356 7227 26 28 a
1420 7223 56 30 un

480 7302 159 16 revers,
653 7289 101 29 c'est
769 7293 48 25 ce
833 7281 72 37 qui
925 7276 194 42 explique
1138 7265 113 44 sans
1251 7265 135 44 doute
1386 7265 92 44 que

481 7340 62 25 les
578 7335 169 30 affaires
777 7326 137 39 soient
955 7321 247 39 médiocres,
1237 7317 42 32 et
1317 7317 79 39 que
1438 7317 12 25 1

483 7385 155 30 Course
656 7378 144 37 finisse
820 7373 40 36 la
873 7375 186 31 semaine
1078 7373 52 27 en
1150 7371 151 44 ^"sse.
1318 7366 60 49 ^
1394 7363 85 25 tra-

481 7429 82 18 VAil
585 7427 61 20 est
680 7417 165 30 négligé
878 7423 106 24 pour
1007 7419 71 28 ces
1108 7416 106 28 fêles
1247 7414 232 33 glorieuses

482 7476 106 27 mais
618 7471 29 32 il
679 7469 88 34 s'en
802 7463 91 40 faut
910 7455 195 43 consoler
1125 7458 163 32 comme
1307 7446 25 37 à
1351 7445 127 36 Home

482 7522 171 19 lorsuue
685 7516 63 25 les
777 7510 182 31 artisans
995 7505 337 35 abandonnaient
1365 7501 113 26 leurs

431 7592 6 4 .
482 7539 224 74 fet^ques
722 7566 108 41 pour
840 7554 108 37 fêter
958 7546 178 47 Pompée
1149 7551 42 29 et
1203 7541 126 37 César
1340 7539 140 33 triom-

484 7612 165 46 phants.

954 7657 22 19 ^

521 7743 83 22 No&
621 7734 229 31 Chambres
866 7726 97 39 sont
986 7721 149 41 saisies
1158 7716 98 38 d'un
1278 7709 136 51 projet
1429 7706 51 38 de

482 7763 1000 51 J™laWrux'jroRSdemutationparJece^

486 7825 312 32 Actuellement,
817 7830 70 27 ces
918 7813 134 41 droits
1088 7813 96 35 sont
1225 7813 152 39 perçus
1407 7813 67 22 sur

481 7857 130 51 rScUf
636 7855 99 53 bSt
765 7871 51 37 de
850 7867 38 39 la
915 7857 255 46 succession,
1188 7860 100 32 sans
1305 7855 176 32 défalca-

483 7927 88 26 Uon
585 7924 75 28 des
675 7921 148 31 dettes.
841 7915 31 37 11
890 7909 158 41 résulte
1063 7909 52 34 de
1134 7913 47 27 ce
1197 7907 188 38 système
1385 7907 95 38 que

483 7981 69 17 ces
580 7968 133 30 droite
736 7958 202 40 s'élèvent
961 7964 51 29 en
1313 7951 84 29 non

483 8016 189 24 montant
687 8021 82 21 que
787 8006 200 32 l'héritier
1003 8007 108 31 aura
1125 7997 26 37 à
1169 7997 188 36 toucher,
1374 7997 107 27 mais

481 8065 75 25 des
577 8062 135 28 dettes
739 8056 98 34 qu'il
865 8060 105 30 aura
1001 8049 26 37 à
1057 8051 142 39 payer.
1233 8040 77 37 Par
1333 8043 125 30 conse

483 8109 144 29 quent.
644 8106 123 32 moins
784 8103 28 35 il
839 8109 104 29 aura
961 8098 26 36 à
1004 8089 212 43 recueiUir
1231 8089 85 39 net,
1337 8089 40 39 pi
1394 8089 38 29 us
1451 8089 28 26 il

483 8136 105 46 Sara
604 8153 53 29 ae
671 8150 133 32 droits
819 8149 25 33 à
872 8152 143 30 payer.
1045 8140 29 37 C
1087 8138 65 37 est
1181 8136 42 36 là
1411 8136 69 27 ces

484 8199 182 30 «riantes
713 8192 231 37 anomalies
992 8180 245 49 auxquelles
1280 8184 58 29 un
1383 8180 98 37 long

486 8251 127 17 asase
628 8248 108 20 nous
750 8248 26 20 a
790 8231 206 37 habitués,
1008 8237 108 30 mais
1131 8233 72 35 qui
1219 8231 28 30 n
1260 8229 53 29 'en
1328 8228 66 29 est
1405 8229 75 36 pas

486 8298 139 18 80ms
653 8279 301 30 absurdement
981 8274 169 42 injuste.
1175 8272 75 36 Les
1270 8266 132 39 droits
1427 8266 53 36 de

488 8332 241 25 «accession
746 8325 200 32 s'élèvent
961 8330 52 27 en
1037 8326 141 29 raison
1199 8315 52 36 de
1269 8315 13 35 1
1297 8315 183 42 'éloigne,-

490 8376 120 29 ment
622 8375 54 30 de
693 8369 173 36 parenté
883 8378 10 25 :
922 8375 58 27 un
1007 8363 67 37 fils
1101 8369 53 29 ne
1178 8368 104 37 paye
1298 8366 82 37 que
1399 8356 83 42 1,25

490 8422 69 46 9/0
572 8419 108 40 mais
695 8426 58 30 un
779 8412 174 41 héritier
969 8417 85 31 non
1069 8405 149 63 parent
1237 8405 44 37 12
1293 8404 48 37 50
1352 8403 82 37 0/0.

535 8469 81 25 Sur
655 8473 58 21 un
769 8460 186 34 héritage
990 8454 102 38 dont
1147 8450 126 40 l'actif
1324 8449 66 39 est
1429 8446 52 39 de

492 8511 152 29 100.000
658 8509 52 31 fr.
727 8515 99 25 sans
837 8502 141 38 passif,
989 8509 58 27 un
1060 8498 69 37 fils
1141 8505 151 35 payera
1311 8497 107 34 t.250
1429 8493 50 36 fr.

492 8555 108 36 mais
615 8553 36 34 si
668 8552 66 37 cet
764 8549 104 38 aotif
896 8547 66 37 est
978 8542 128 45 grevé
1124 8540 52 38 de
1207 8541 130 35 50.000
1366 8540 50 35 fr.
1430 8538 52 35 de

491 8601 151 31 dettes,
662 8606 161 27 comme
843 8595 38 37 le
901 8593 66 38 fils
986 8590 92 39 n'en
1091 8595 153 38 payera
1264 8594 73 38 pas
1348 8591 135 31 moins

493 8648 107 31 1.250
617 8646 52 33 fr.
689 8644 31 35 Il
740 8652 50 27 en
811 8640 156 38 résulte
996 8646 83 33 que
1096 8636 40 36 le
1155 8635 97 36 taux
1271 8641 45 27 se
1331 8632 151 36 trouve

492 8691 124 31 porté
634 8691 26 31 à
673 8691 86 31 2.50
774 8689 74 33 OtO,
866 8681 246 41 c'est-à-dire
1128 8681 40 35 le
1186 8678 165 39 double,
1370 8684 113 37 puis-

493 8720 86 49 Sae
602 8742 49 27 ce
666 8733 67 36 fils
760 8741 52 28 ne
847 8728 198 39 touchera
1062 8733 83 36 que
1179 8723 131 37 50.000
1327 8720 51 37 fr.
1398 8720 84 37 net.

493 8768 69 46 f['il
582 8779 121 35 s'agit
720 8777 52 37 de
790 8775 254 39 collatéraux
1074 8778 57 31 ou
1151 8772 235 35 d'héritiers
1400 8772 85 30 non

492 8825 187 37 BMenta,
693 8832 54 30 on
761 8822 137 38 arrive
908 8821 25 37 à
946 8827 59 31 un
1023 8815 249 47 percentage
1289 8812 197 38 fabuleux

492 8872 75 38 qui
599 8870 101 40 peut
734 8866 204 39 atteindre
970 8866 48 36 50
1046 8864 76 46 0j0,
1136 8862 43 37 et
1207 8862 138 35 même
1375 8860 108 50 plus.

493 8919 51 36 Je
572 8924 55 29 ne
659 8913 132 38 serais
815 8921 75 34 pas
921 8909 187 46 surprise
1143 8909 124 41 qu'en
1305 8909 181 31 certains

493 8969 78 34 m
591 8967 56 32 on
671 8967 29 40 y
717 8953 66 44 frit
815 8957 53 38 de
885 8963 49 30 sa
960 8955 156 42 poohtl
1141 8955 62 36 UB
1301 8955 184 45 systèi#®

1518 5677 232 27 encourage
1774 5674 150 28 encore
1949 5664 43 37 et
2017 5661 197 43 légitime,
2260 5667 106 37 pour
2404 5654 108 38 ainsi

1518 5717 102 41 dire,
1647 5714 60 37 les
1735 5712 216 38 fâcheuses
1969 5707 281 46 acceptations
2269 5712 101 29 sous
2386 5702 128 35 béné-

1519 5763 77 36 fice
1614 5757 872 38 d'inventaire..

1564 5807 52 29 La
1635 5801 200 35 difficulté
1854 5797 180 39 consiste
2053 5796 25 35 à
2094 5796 170 34 trouver
2282 5798 151 36 moyen
2463 5791 51 31 de

1521 5849 189 37 modifier
1722 5847 39 38 la
1781 5845 170 41 loi,sans
1969 5844 95 42 trop
2075 5838 209 38 diminuer
2303 5836 40 35 la
2359 5834 155 36 recette

1520 5895 140 31 fiscale
1687 5905 9 21 ;
1717 5903 83 23 car,
1818 5900 52 26 en
1901 5898 45 26 se
1993 5889 243 33 contentant
2269 5886 25 29 d
2309 5885 204 30 admettre

1521 5939 221 33 purement
1767 5938 40 34 et
1826 5932 268 40 simplement
2120 5929 40 36 la
2189 5925 248 37 défalcation
2458 5925 55 31 du

1521 5984 135 36 passif
1671 5992 53 20 on
1758 5981 184 41 s'expose
1973 5977 26 35 à
2016 5980 170 31 creuser
2203 5979 57 27 un
2281 5972 93 33 trou
2393 5970 24 32 d
2435 5974 79 28 une

1521 6028 294 45 cinquantaine
1833 6035 52 27 de
1903 6020 193 41 millions.

1567 6078 49 27 M.
1644 6075 216 30 Poincarre
1893 6066 215 39 préconise
2127 6071 57 28 un
2217 6059 185 46 système
2417 6058 97 35 éta-

1523 6121 57 27 bli
1605 6121 105 27 dans
1728 6118 38 30 le
1796 6115 74 33 but
1887 6115 52 33 de
1967 6109 198 38 concilier
2184 6105 39 36 le
2250 6104 124 36 Sénat
2401 6104 43 33 et
2475 6104 40 31 la

1523 6164 219 33 Chambre.
1780 6162 53 35 La
1866 6154 204 41 Chambre
2103 6151 129 46 ayant
2267 6146 178 48 proposé
2463 6146 51 34 de

1524 6211 179 28 graduer
1721 6208 61 31 les
1801 6204 144 34 droits,
1963 6209 83 29 non
2065 6197 235 39 seulement
2317 6196 25 34 à
2367 6198 139 30 raison
2531 6216 3 7 ,

1525 6257 50 32 de
1592 6256 39 33 la
1648 6252 172 37 parenté
1839 6251 74 34 des
1933 6253 228 36 personnes
2178 6260 46 6 —
2243 6246 161 29 comme
2423 6237 89 34 cela
2532 6237 2 45 ]

1527 6302 64 25 n'a
1616 6297 117 30 cessé
1749 6295 194 32 d'exister
1957 6311 44 6 —
2015 6289 107 38 mais
2137 6288 25 35 à
2177 6293 139 28 raison
2336 6288 50 29 de
2407 6288 11 28 1
2433 6289 79 27 im-

1527 6347 197 30 portance
1759 6341 55 36 du
1851 6336 149 41 capital
2035 6332 106 44 taxé,
2179 6328 135 39 tandis
2351 6334 81 38 que
2467 6325 39 35 le

1528 6392 122 29 Sénat
1685 6387 159 34 voulait
1869 6381 223 40 maintenir
2128 6379 39 36 la
2193 6376 319 45 proportionna-

1529 6437 71 28 lité
1618 6435 172 29 absolue
1811 6432 104 33 dans
1925 6430 40 34 la
1981 6425 157 38 crainte
2157 6424 96 33 d'un
2272 6420 240 35 achemine-

1529 6481 115 32 ment
1665 6487 98 26 vers
1788 6473 159 40 l'impôt
1965 6466 243 47 progressif.
2233 6466 53 34 Le
2308 6463 138 50 projet
2463 6463 50 31 de

1529 6528 49 28 M.
1603 6525 219 29 Poincarré
1845 6518 168 39 gradue,
2043 6514 29 38 il
2098 6512 65 39 est
2179 6518 104 34 vrai,
2307 6512 61 31 les
2400 6512 114 30 taxes

1526 6570 164 31 d'après
1721 6567 285 34 l'importance
2031 6560 55 36 du
2114 6556 150 45 capital
2282 6556 106 39 taxé,
2408 6559 106 28 mais

1529 6612 39 32 la
1587 6613 214 31 gradation
1825 6611 65 33 est
1924 6604 206 39 modérée.
2162 6604 126 35 Ainsi,
2315 6606 51 26 en
2402 6600 112 38 ligne

1528 6659 169 25 directe,
1728 6653 222 31 minimum
2000 6651 17 33 1
2043 6645 63 39 0/0
2144 6653 54 28 au
2239 6645 174 32 dessous
2463 6643 51 29 de

1529 6705 107 26 2,000
1653 6703 66 25 fr,;
1737 6699 226 27 maximum
1977 6690 144 36 2,50/0
2133 6698 57 28 au
2206 6686 94 37 delà
2318 6685 50 35 de
2389 6685 17 35 1
2426 6683 91 36 mil-

1530 6749 98 29 lion.
1660 6746 122 32 Reste
1811 6744 25 34 à
1866 6739 139 38 savoir
2034 6747 34 26 si
2097 6734 108 38 cette
2235 6729 157 38 échelle
2425 6735 91 43 pro-

1531 6788 275 33 portionnelle
1825 6794 94 27 sera
1931 6780 218 39 suffisante
2172 6785 105 35 pour
2291 6777 225 40 récupérer

1531 6838 42 30 la
1588 6835 115 33 perte
1737 6841 81 27 que
1851 6826 207 38 causerait
2089 6824 39 34 la
2157 6820 246 36 défalcation
2442 6820 73 30 des

1531 6878 147 32 dettes.
1691 6877 57 33 En
1767 6874 92 36 tout
1868 6870 115 40 cas,il
2005 6867 89 37 faut
2112 6867 172 34 trouver
2295 6870 57 27 un
2367 6867 148 37 moyen

1531 6925 51 32 de
1607 6923 151 34 mettre
1777 6919 55 37 fin
1849 6919 25 35 à
1892 6924 82 28 une
2002 6912 175 45 iniquité
2201 6908 317 37 unanimement

1531 6966 267 41 condamnée,
1842 6963 94 36 bien
1981 6957 150 47 qu'elle
2174 6955 82 36 soit
2285 6955 149 42 depuis
2481 6959 34 26 si

1532 7015 236 44 longtemps
1792 7017 52 27 en
1863 7007 190 43 vigueur.

2017 7069 17 16 •

2002 7102 16 17 9
2031 7103 15 14 •

1577 7153 55 30 La
1662 7146 194 37 question
1894 7142 57 36 du
1997 7136 253 47 bordereau
2274 7131 26 37 d
2313 7130 125 45 agent
2468 7128 50 36 de

1532 7197 159 25 change
1709 7193 64 29 est
1791 7195 149 27 encore
1960 7193 81 29 une
2061 7183 79 37 fois
2159 7182 13 34 l
2186 7182 112 40 objet
2312 7182 51 30 de
2391 7182 39 29 la
2447 7182 73 27 sol-

1533 7240 155 27 licitude
1706 7239 74 28 des
1806 7232 312 35 réformateurs.
2135 7226 57 38 On
2212 7224 80 36 sait
2320 7229 82 38 que
2421 7229 21 26 c
2456 7221 63 33 est

1532 7288 41 29 la
1591 7287 56 30 loi
1664 7285 56 32 du
1737 7285 47 32 28
1801 7279 104 38 avril
1926 7278 90 37 1893
2034 7273 72 44 qui
2124 7282 24 26 a
2159 7269 93 38 créé
2271 7268 13 36 l
2298 7265 131 46 impôt
2447 7273 73 27 sur

1532 7333 62 27 les
1618 7328 238 32 opérations
1881 7324 52 36 de
1962 7322 168 37 Bourse.
2150 7321 49 31 M.
2219 7316 299 40 Fleury-Rava-

1532 7377 66 30 rin
1613 7373 164 34 nourrit
1800 7372 41 35 la
1865 7366 165 40 louable
2053 7362 203 38 intention
2285 7361 51 31 de
2369 7358 149 32 mettre

1532 7420 112 29 enfin
1662 7413 188 36 d'accord
1872 7413 38 36 le
1929 7407 178 42 Parquet
2123 7413 101 29 avec
2252 7407 40 31 la
2318 7406 197 32 Coulisse,

1532 7468 56 35 du
1606 7465 137 38 moins
1762 7471 52 29 en
1845 7469 47 28 ce
1923 7455 70 48 qui
2025 7458 203 34 concerne
2259 7447 106 37 cette
2395 7452 124 39 ques-

1533 7515 89 24 tion
1640 7512 56 27 du
1720 7507 245 32 bordereau.
1988 7502 108 37 Dans
2114 7507 46 27 ce
2177 7502 87 35 but,
2287 7502 27 26 il
2342 7502 176 36 propose

1533 7568 58 25 un
1621 7551 293 42 amendement
1945 7543 229 47 n'exigeant
2204 7541 39 35 la
2278 7537 240 46 production

1534 7605 97 20 d'un
1670 7598 230 27 bordereau
1941 7592 164 33 d'agent
2150 7592 50 30 de
2243 7592 157 33 change
2438 7592 80 32 que

1536 7648 138 31 toutes
1701 7644 61 35 les
1795 7641 79 38 fois
1904 7636 98 43 qu'il
2039 7633 119 45 s'agit
2179 7630 51 36 de
2260 7627 166 37 valeurs
2449 7623 72 36 ad-

1535 7694 128 32 mises
1682 7691 25 35 à
1729 7689 39 37 la
1787 7687 91 37 cote
1902 7679 204 43 officielle,
2127 7677 43 37 et
2197 7677 255 34 soumettant
2475 7677 45 26 ce

1535 7738 231 30 bordereau
1802 7734 25 34 à
1858 7739 56 29 un
1951 7732 191 33 nouveau
2173 7732 151 25 timbre
2353 7725 166 37 spécial,

1535 7782 157 49 gradué
1711 7777 167 39 suivant
1896 7771 282 46 l'importance
2196 7769 51 32 de
2267 7768 12 31 l
2293 7766 227 41 °Pe™tion.

1581 7829 32 35 Il
1631 7827 107 37 n'est
1757 7832 74 32 pas
1843 7816 198 48 probable
2057 7822 82 40 que
2154 7810 66 54 ceJ
2234 7817 92 47 a^f

1535 7878 82 23 soit
1631 7875 81 26 mis
1731 7881 51 20 en
1802 7874 177 27 vigueur
1996 7863 51 37 de
2067 7863 111 38 sitôt,
2200 7865 70 29 car
2289 7863 27 28 il
2353 7863 170 26 soulève

1536 7926 97 21 trop
1651 7922 51 25 de
1721 7915 216 32 questions
1954 7908 198 39 délicates
2167 7904 42 37 et
2215 7903 247 43 complexes,
2483 7900 41 32 et

1534 7979 54 23 ne
1615 7967 102 35 peut
1747 7963 89 39 être
1873 7955 138 42 étudié
2051 7961 82 41 que
2163 7945 361 41 concurremment

1534 8024 104 33 avec
1668 8013 41 38 la
1728 8003 331 53 réorganisation
2087 8000 193 47 générale
2321 8000 57 28 du
2422 8000 86 26 Mar-

1535 8062 91 42 ohé.

1727 8106 24 36 à
1766 8113 47 27 ce

1724 8147 137 41 fourni

1609 8195 211 43 Ministère

1534 8202 58 37 du
1597 8293 11 14 i
1664 8291 13 16 i
1683 8290 10 17 :
1789 8285 51 22 (la
1854 8284 155 23 nntlNA
2022 8272 149 35 Honnis
2183 8279 78 28 son
2272 8263 160 44 origine
2451 8271 11 27 :
2465 8215 61 38 les

2243 8310 215 43 U.758.M2

1535 8380 233 43 Banquiers
1791 8375 45 39 et
1851 8369 243 42 coulissiers
2244 8398 214 30 22.130167

1603 8429 53 40 de
1674 8427 116 39 Paris
1815 8447 11 13 -
1874 8445 13 13 -
2273 8452 18 17 i
2309 8449 68 20 w
2392 8445 66 24 m

1540 8479 105 37 Hors
1662 8476 117 36 Paris
2273 8467 18 22 1

1935 8442 13 15 -
1994 8440 16 14 -
2055 8437 15 15 -
2115 8434 16 16 o
2209 8515 35 10 _
2248 8535 215 43 34.596.000
2474 8531 53 37 fr.

1582 8614 61 33 En
1667 8600 247 47 comparant
1941 8607 73 31 ces
2040 8590 184 45 chMU,
2235 8595 55 31 on
2319 8581 107 41 n'est
2454 8585 75 42 Pas

1536 8656 154 42 étonné
1708 8650 52 82 que.
1760 8650 84 82 dénonoe
1844 8650 44 82 les

1538 8700 228 83 SSSL
1792 8688 196 87 d'immixtion
1988 8688 82 87 les
2098 8682 91 92 coulissiers
2189 8682 77 92 illégale
2288 8720 104 40 dans
2416 8716 116 40 leurs

1539 8792 209 42 fonctions
1765 8781 295 65 privilégiées.^

2021 8859 56 23 06

1584 8900 302 50 L'Imprimerie

1519 9003 9 4 -
1534 8952 46 44 lo
1592 8950 188 52 Bapport
1794 8946 51 42 de
1845 8946 69 42 sa
1924 8934 276 54 ceaMaiMtoa
2218 8928 316 44 deoonirt«eae

2569 5653 40 32 la
2627 5649 243 35 circulation
2890 5644 227 39 monétaire
3130 5651 52 27 en
3195 5642 165 35 France.
3380 5639 53 36 Ce
3456 5645 96 37 rap-

2571 5697 93 31 port
2677 5704 93 24 sera
2796 5690 139 38 publié
2947 5690 43 37 et
3004 5685 201 40 distribué
3223 5684 103 36 dans
3336 5692 82 27 une
3435 5689 119 39 quin-

2567 5742 117 33 zaine
2703 5739 50 36 de
2764 5739 132 36 jours.
2915 5737 51 36 M.
2987 5731 184 40 Edmond
3188 5729 133 46 Théry
3337 5738 53 27 en
3401 5727 149 41 donne,

2569 5787 103 31 dans
2687 5785 23 33 Y
2714 5782 237 36 Economiste
2977 5778 199 40 européen,
3195 5776 176 36 l'extrait
3387 5774 167 34 suivant

2568 5828 142 39 relatif
2732 5828 24 36 à
2793 5827 39 36 la
2865 5822 243 40 fabrication
3143 5820 74 36 des
3252 5816 216 39 monnaies
3501 5822 52 29 en

2569 5877 153 36 France
2750 5871 180 47 pendant
2942 5866 157 39 l'année
3113 5866 101 37 1897.

2614 5922 52 29 La
2684 5917 146 34 valeur
2859 5912 209 39 nominale
3099 5910 127 37 totale
3255 5909 73 35 des
3359 5912 194 30 monnaies

2569 5963 226 33 françaises
2815 5969 54 27 ou
2893 5957 239 39 étrangères
3162 5950 238 46 fabriquées
3424 5950 27 36 à
3478 5950 74 35 Pa-

2568 6010 58 29 ris
2643 6017 74 22 par
2735 6001 363 35 l'Administration
3123 5999 75 37 des
3222 5998 210 37 Monnaies
3456 6002 22 29 s
3490 5995 65 35 est

2568 6054 154 38 élevée,
2754 6061 53 27 en
2840 6052 100 36 1897,
2979 6048 25 36 à
3035 6043 234 41 344.481.417
3287 6041 51 37 fr.
3357 6041 58 43 21,
3453 6037 101 41 dont

2568 6099 107 34 voici
2689 6098 38 35 le
2743 6095 124 37 détail
2887 6091 165 39 résumé
3067 6101 10 25 :

3027 6148 166 35 Nombre
3217 6146 139 34 Valeur
3367 6140 187 36 nominale

3022 6190 46 34 de
3078 6187 122 45 pièces
3338 6184 138 34 Francs

2568 6277 183 27 Monnaies
2764 6273 200 35 françaises
3024 6265 187 36 34.256.977
3292 6260 206 35 222,823.MO
3538 6271 16 16 »

2568 6320 126 32 Autres
2712 6307 184 41 monnaies
2907 6321 14 22 :

2608 6354 358 37 Indo-Chine...
3026 6344 186 38 17.594.655
3313 6336 116 71 44.997^08
3429 6336 128 71 itomeMai90

2606 6395 124 60 Tunisie
2730 6395 235 60 Martinique...
3052 6425 164 39 „4®>.900
3333 6404 167 47 3£NM
3538 6429 15 16 »»

2609 6474 359 33 Bolivie.....
3052 6463 168 35 S."l5OJXX>

2609 6514 167 70 ^hioDie
2796 6534 12 12 '
2848 6532 12 14 '
2902 6531 12 14 '
2953 6530 15 53 !
3051 6542 92 36 2.617
3143 6542 77 36 BiO
3329 6534 171 36 3.757.860
3537 6546 15 17 »

2849 6573 13 13 '
2900 6571 14 14 '
3051 6554 97 56 Ï.S®
3160 6581 60 28 222
3331 6574 167 35 4.ot!.876
3515 6574 41 32 89

2610 6631 148 33 Russie.
2957 6608 13 13 .
3025 6614 203 41 *46.755.438
3312 6614 185 34 98.510J76
3538 6625 15 16 »

2760 6683 212 36 Totaux..
3029 6675 204 37 110.965.769
3291 6669 204 36 344.481.417
3515 6669 38 33 21

2616 6759 105 32 C'est
2740 6767 82 24 une
2851 6753 167 38 notable
3045 6746 310 45 augmentation
3388 6753 76 29 sur
3493 6742 61 38 les

2571 6803 236 33 opérations
2825 6801 52 35 de
2911 6796 157 39 l'année
3089 6797 101 39 i896,
3215 6792 101 37 dont
3344 6790 40 37 la
3410 6790 144 45 frappe

2571 6849 113 33 avait
2701 6847 65 35 été
2784 6845 51 36 de
2849 6843 212 37 62.524.483
3075 6840 151 42 pièces,
3246 6835 125 46 ayant
3388 6841 82 29 une
3487 6840 67 29 va-

2572 6892 92 38 leur
2686 6888 209 41 nominale
2916 6887 51 37 de
2991 6884 235 45 239JYl7.260
3241 6881 48 36 fr.
3309 6881 57 36 61.

2617 6940 75 35 Les
2709 6935 195 39 monnaies
2915 6931 214 48 françaises
3145 6939 45 27 se
3207 6925 261 41 subdivisent
3481 6931 51 30 en
3543 6931 9 27 :

2869 7010 165 35 Nombre
3107 7006 138 33 Valeur
3343 7001 139 34 Valeur

2856 7051 46 36 de
2920 7049 121 46 pièces
3109 7047 137 34 Francs
3345 7043 136 34 Francs

2699 7136 129 31 Pièces

2576 7179 44 32 de
2639 7177 41 33 20
2697 7177 46 33 fr.
2757 7176 43 40 (1)
2823 7170 185 38 11.068,977
3047 7170 207 33 221.379.5iO
3293 7165 205 33 221.319.510
3541 7171 16 17 »

2614 7216 141 42 Argent
2768 7225 8 23 :

2697 7255 128 34 Pièces

2575 7298 45 31 de
2626 7296 42 32 50
2673 7296 96 33 cent.
2777 7295 45 40 (2)
2896 7291 114 34 88.000
3139 7290 115 30 44.000
3385 7288 113 27 44.000
3539 7290 15 16 »

2613 7336 139 32 Bronze
2765 7343 9 22 :

2691 7373 129 33 Pièces

2575 7414 45 32 de
2653 7412 39 34 10
2723 7411 96 34 cent.
2859 7408 167 33 7.250.000
3121 7405 135 32 725.000

2575 7455 45 32 de
2671 7453 22 32 5
2727 7450 97 35 cent.
2846 7448 113 39 lf-600
2969 7447 63 33 000
3128 7442 68 45 630.000
3196 7442 68 45 25.000
3335 7458 164 29 1.400im
3539 7469 16 17 »

2575 7495 45 32 de
2671 7493 21 32 2
2727 7491 97 34 cent.
2867 7490 14 32 i
2889 7487 143 35 .250.000
3149 7486 115 31 25.000

2576 7535 44 32 de
2673 7533 17 32 1
2727 7530 97 35 cent.
2864 7527 166 34 2.000.000
3147 7523 116 33 20.000

2929 7581 174 35 Totai..
3135 7565 101 47 ":"'Fr.
3295 7574 206 34 22'l.823.MO
3541 7581 15 17 »

2621 7659 54 32 La
2707 7655 145 43 frappe
2878 7650 50 37 de
2965 7649 89 36 1896
3091 7643 153 40 n'avait
3279 7640 65 39 été
3385 7647 81 40 que
3508 7635 50 37 de

2579 7700 231 41 113.367.733
2828 7697 48 37 fr.
2897 7697 57 35 60.

2623 7749 53 32 La
2694 7742 191 39 nouvelle
2915 7739 115 42 pièce
3057 7737 50 35 de
3126 7732 220 48 cinquante
3362 7732 198 36 centimes

2579 7793 101 24 dont
2699 7790 69 29 j'ai
2793 7787 93 30 déjà
2911 7783 127 34 parlé,
3059 7791 25 26 a
3108 7783 74 33 fait
3200 7787 76 27 son
3300 7781 141 30 entrée
3459 7780 102 28 dans

2580 7839 39 31 le
2645 7838 162 32 monde.
2825 7832 167 37 Comme
3010 7834 53 30 on
3096 7825 64 36 est
3184 7831 74 39 pas
3282 7817 167 41 habitué
3473 7817 34 37 à
3507 7817 53 37 sa

2581 7878 299 36 physionomie,
2901 7876 27 36 il
2959 7884 53 28 en
3041 7870 155 40 résulte
3215 7878 55 28 un
3290 7869 150 35 double
3463 7869 99 31 effet

2581 7941 51 16 en
2657 7938 97 17 sens
2784 7922 206 35 contraire
3021 7927 115 28 assez
3165 7914 205 38 amusant.
3389 7913 75 36 Les
3481 7918 79 28 uns

2581 7978 40 23 la
2639 7970 220 31 regardent
2882 7975 100 25 avec
3005 7962 184 38 défiance
3207 7960 42 35 et
3278 7957 135 37 même
3432 7956 40 35 la
3493 7963 67 28 re-

2582 8018 150 36 fusent!
2743 8019 58 35 On
2814 8012 175 42 cherche
3001 8018 82 29 une
3097 8006 81 39 tête
3189 8001 259 53 symbolique
3457 7999 50 38 de
3521 7999 39 37 la

2581 8065 276 32 République;
2874 8071 54 26 on
2946 8053 248 44 accepterait
3212 8053 91 35 tout
3320 8053 51 32 de
3394 8053 106 32 suite
3521 8053 39 29 le

2583 8114 120 24 profil
2717 8106 290 32 sympathique
3019 8103 52 35 de
3083 8100 120 38 notre
3215 8096 225 41 Président,
3455 8100 105 29 mais

2580 8136 108 53 ceSe
2700 8136 860 53 flgev»V,wttemmi»to»i|utnon;

2582 8205 163 31 montre
2763 8208 83 26 une
2881 8195 112 39 sorte
3027 8191 51 38 de
3113 8189 226 45 baigneuse
3371 8188 136 41 jetant
3524 8188 38 29 le

2583 8251 117 32 grain
2715 8256 53 27 au
2787 8244 100 39 vent
2903 8249 57 32 ou
2981 8245 84 32 une
3083 8239 190 34 semeuse
3288 8238 55 31 on
3360 8234 200 45 peignoir,

2806 8300 74 23 pas
2910 8292 118 31 assez
3060 8282 244 38 clairement
3332 8282 58 36 «
3424 8282 138 40 publio

2585 8339 216 31 simpliste,
2825 8330 185 40 d'autant
3027 8328 94 42 plus
3150 8334 57 36 qu
3219 8332 54 29 on
3303 8322 89 37 voit
3418 8329 56 30 au
3494 8327 68 29 re-

2585 8396 97 21 vers
2696 8391 82 26 une
2797 8376 180 41 branche
2992 8373 52 37 de
3060 8370 192 47 feuillage
3270 8368 54 40 et,
3339 8368 32 36 Il
3391 8368 67 35 wt
3472 8370 88 31 vrai

2586 8418 548 94 ias.gsss
3148 8414 57 84 mais
3205 8414 34 84 de
3239 8414 115 84 fanl.&l8a
3354 8414 210 84 oottetDlcrip-'ws-

3477 8515 87 52 a-li-

3386 8570 180 40 tb2imil-

2585 8637 109 41 Iiionnnon
2694 8637 55 41 -de
2778 8633 121 46 pièces
2929 8628 46 36 de
2993 8625 23 35 5
3032 8623 47 36 fr.
3110 8629 48 28 en
3186 8626 43 28 or
3246 8617 54 44 (10
3326 8620 165 38 ■W»
3520 8617 45 31 de

3551 8696 17 33 t

2586 8768 110 67 Sim
2726 8792 103 43 Cette
2829 8792 155 43 trappe.
2997 8783 179 40 effectuée
3189 8790 49 27 en
3251 8779 38 36 18
3300 8826 51 31 m
3475 8706 25 27 n
3511 8775 57 75 di-t

3040 8874 68 38 par
3135 8864 37 36 le
3200 8860 128 39 dé«M

2585 8921 156 40 rembre
2756 8913 162 40 donder.

3606 5634 113 33 tique
3743 5632 42 35 et
3813 5639 83 27 non
3922 5638 52 26 en
4003 5625 105 42 style
4140 5624 51 35 de
4224 5619 202 42 médaille,
4446 5627 46 27 ce
4510 5626 70 41 qui

3605 5677 154 34 acnève
3778 5674 50 37 de
3841 5673 194 37 dérouter
4047 5679 52 27 en
4111 5668 182 36 donnant
4310 5666 272 43 l'impression

3606 5723 51 32 de
3675 5720 180 42 quelque
3882 5718 123 37 chose
4029 5712 239 39 d'incertain
4291 5711 43 36 et
4356 5717 83 29 non
4462 5709 26 34 d
4502 5715 80 28 une

3607 5767 115 44 pièce
3742 5766 50 34 de
3811 5762 191 37 monnaie
4019 5760 196 36 sérieuse.

3652 5811 79 35 Nos
3757 5808 292 38 dessinateurs,
4080 5803 71 43 qui
4180 5800 73 37 ont
4289 5800 212 41 beaucoup
4531 5799 51 31 de

3607 5855 141 35 talent,
3770 5863 51 27 ne
3845 5851 169 38 veulent
4036 5858 74 32 pas
4140 5845 268 45 comprendre
4433 5851 56 36 qu
4502 5849 81 27 une

3607 5899 191 35 monnaie
3816 5897 143 37 exclue
3984 5895 38 36 la
4054 5891 186 39 fantaisie
4267 5891 42 34 et
4332 5897 80 36 que
4437 5889 60 33 les
4515 5895 68 26 ca-

3609 5945 62 39 prices
3671 5945 71 39 taines
3771 5942 238 42 artistiques
4032 5937 179 47 peuvent
4236 5932 196 38 convenir
4449 5941 26 25 à
4495 5939 89 26 cer-

3638 5988 102 37 lines
3776 5984 226 44 médailles,
4036 5983 106 37 mais
4175 5987 81 29 non
4292 5983 25 31 à
4357 5984 81 29 une
4470 5983 114 38 pièce

3607 6032 241 47 monnayée.

3651 6080 196 32 D'autres,
3863 6076 84 36 loin
3959 6075 50 35 de
4021 6074 41 36 la
4074 6072 174 40 refuser,
4263 6070 39 36 la
4317 6065 269 39 recherchent

3607 6123 93 33 déjà
3720 6133 8 23 :
3764 6121 124 35 celles
3916 6120 164 36 portant
4106 6117 38 34 le
4177 6114 218 37 millésime
4423 6112 51 34 de
4497 6111 88 34 1897

3609 6166 248 35 deviennent
3885 6173 114 27 rares
4032 6163 42 36 et
4102 6161 89 37 font
4214 6158 143 44 prime.
4377 6155 130 45 Quant
4533 6163 51 26 au

3610 6213 102 36 petit
3729 6211 173 38 nombre
3921 6210 51 36 de
3991 6208 123 37 celles
4136 6205 70 44 qui
4230 6203 137 38 furent
4390 6200 196 48 spéciale-

3612 6258 114 36 ment
3738 6256 183 38 patinées,
3938 6252 214 38 réservées
4170 6260 105 34 pour
4292 6248 199 46 quelques
4507 6255 79 35 pri-

3612 6301 182 36 vilégiés,
3812 6300 100 36 elles
3930 6300 95 36 sont
4042 6297 98 37 hors
4166 6293 50 38 de
4241 6294 101 42 prix,
4363 6293 41 35 et
4421 6300 166 28 convoi-

3611 6348 87 35 tées
3717 6356 75 27 par
3819 6345 60 38 les
3905 6343 273 40 numismates
4195 6341 43 37 et
4263 6339 61 38 les
4351 6336 236 39 collection-

3611 6403 138 29 neurs.
3776 6391 31 39 Il
3825 6403 27 25 y
3871 6401 51 28 en
3937 6401 24 27 a
3979 6400 53 27 eu
4057 6389 69 48 qui
4145 6387 73 39 ont
4235 6386 65 38 été
4326 6383 162 50 payées,
4507 6381 80 38 dit-

3611 6449 66 34 on,
3693 6438 167 46 jusqu'à
3875 6437 94 36 cent
3986 6436 150 36 francs.

4075 6551 17 16 *
4104 6550 16 17 »

3654 6608 53 32 Le
3729 6602 169 38 marché
3913 6600 111 36 avait
4042 6598 74 35 fait
4139 6603 153 37 prouve
4301 6589 286 38 d'excellentes

3611 6648 224 31 intentions
3853 6645 71 35 qui
3941 6653 44 27 se
4010 6643 94 36 sont
4119 6639 209 37 modifléts
4347 6643 95 28 vers
4456 6639 40 30 la
4515 6639 69 34 fin,

3609 6697 43 34 et
3666 6705 52 26 en
3736 6701 173 30 somme,
3930 6698 53 28 on
3999 6697 24 28 a
4041 6684 157 40 clôturé
4223 6680 134 50 plutôt
4373 6689 52 27 en
4452 6678 134 37 baisse

3610 6750 76 36 par
3711 6736 286 45 comparaison
4026 6740 101 30 avec
4162 6729 40 38 la
4234 6733 182 31 semaine
4449 6729 137 40 précé-

3609 6785 135 37 dente.

3858 6859 179 37 Rentes
4059 6850 289 49 Françaises

3655 6961 81 23 Nos
3751 6956 149 28 Rentes
3917 6953 74 31 ont
4013 6959 81 25 peu
4111 6944 152 40 fluctué
4285 6955 9 24 :
4307 6942 38 37 le
4361 6943 22 35 3
4404 6939 61 45 0/0
4490 6947 25 27 a
4533 6945 52 28 eu

3613 7005 73 26 des
3721 6999 223 32 demandes
3984 7005 54 26 au
4087 6989 211 42 comptant
4342 6994 103 28 ainsi
4493 6991 56 35 qu
4563 6983 24 33 à

3590 7051 2 21 !
3614 7051 144 23 terme,
3778 7044 111 28 aussi
3908 7036 272 36 encaisse-t-il
4201 7035 101 37 trois
4331 7039 98 28 sous
4453 7038 25 26 a
4503 7030 13 33 1
4531 7035 55 27 un

3590 7088 2 39 !
3614 7103 160 24 comme
3800 7102 26 25 a
3841 7089 145 38 l'autre
4005 7094 121 30 cours
4146 7094 9 26 :
4176 7081 126 43 103,55
4319 7072 211 51 comptant
4546 7072 42 38 et

3615 7144 125 29 103,65
3754 7140 24 33 à
3797 7140 144 33 terme.
3975 7126 332 44 L'Amortissable
4339 7126 101 44 perd
4469 7126 117 41 quel-

3590 7182 2 29 I
3613 7197 103 15 ques
3763 7182 199 29 centimes
4003 7177 95 34 d'un
4140 7172 156 39 samedi
4329 7172 25 34 à
4389 7172 12 33 1
4415 7172 129 36 autre,
4564 7172 24 29 a

3614 7234 137 28 101,80,
3768 7230 43 32 et
3829 7228 149 34 102,02;
4008 7223 39 37 le
4073 7224 22 34 3
4115 7221 67 40 1/2
4208 7218 62 44 0/0
4287 7217 65 37 est
4352 7217 66 37 au
4453 7210 135 39 même

3612 7278 126 33 point,
3781 7283 53 28 au
3877 7267 223 44 comptant,
4140 7267 137 41 106,50,
4311 7261 240 38 seulement,
4565 7260 25 32 à

3613 7319 175 45 terme,il
3805 7325 131 39 gagne
3954 7323 57 28 un
4035 7321 95 36 gros
4144 7309 117 38 lotde
4276 7309 23 35 2
4317 7309 135 32 cent...
4472 7309 116 34 unes,

3615 7370 16 12 i
3648 7371 13 21 |
3669 7370 43 11 Art

3657 7415 73 28 Les
3749 7406 222 37 Coloniaux
3986 7401 95 39 sont
4096 7409 52 27 en
4176 7394 259 49 plus-value;
4462 7390 128 37 l'Obli-

3612 7457 138 33 gation
3769 7467 19 21 cc
3815 7453 79 35 Bey
3912 7465 16 17 Il
3945 7449 51 38 de
4015 7449 45 35 50
4083 7444 211 42 centimes,
4320 7441 24 36 à
4369 7441 147 41 502,50;
4552 7441 37 31 le

3610 7499 221 35 Tonkinois
3849 7498 50 36 de
3915 7496 68 37 dix
4001 7503 97 28 sous
4124 7499 109 29 aussi
4259 7497 25 28 à
4309 7489 124 40 91,10;
4461 7489 129 31 Mada-

3613 7557 145 40 gascar
3783 7544 115 37 seule
3914 7541 110 37 reste
4042 7541 25 34 à
4080 7539 106 42 91,25
4209 7544 97 27 sans
4329 7532 215 37 variation.

3787 7648 157 37 Fonds
3964 7644 175 36 d'Etats
4163 7643 256 42 étrangers

3659 7744 75 27 Ces
3766 7738 166 33 valeurs
3968 7734 113 37 n'ont
4116 7740 73 31 pas
4234 7730 212 41 beaucoup
4479 7734 112 27 varié

3616 7788 120 30 d'une
3755 7783 182 35 semaine
3967 7781 25 34 à
4019 7778 157 40 l'autre,
4209 7776 25 35 à
4262 7773 238 43 l'exception
4519 7769 73 34 des

3616 7830 132 30 Fonds
3760 7830 207 30 ottomans
3980 7823 69 37 qui
4065 7822 93 38 sont
4176 7829 51 28 en
4247 7817 163 39 notable
4423 7821 165 30 avance.

3616 7881 52 32 La
3693 7877 106 36 série
3819 7875 29 37 D
3880 7873 73 37 fait
3982 7872 124 41 22,65;
4139 7867 60 37 les
4217 7864 245 45 obligations
4480 7858 108 37 otto-

3616 7933 147 22 manes
3777 7919 172 33 Priorité
3978 7915 166 40 passent
4173 7912 51 36 de
4251 7912 127 39 40g,;Jt)
4396 7912 24 31 à
4449 7912 138 34 474,50,

3616 7971 79 30 soit
3713 7977 80 24 une
3813 7966 150 35 hausse
3981 7961 50 37 dl)
4049 7963 22 33 5
4099 7959 158 39 francs;
4288 7954 38 36 la

3615 8013 178 31 s'inscrit
3815 8013 25 30 it.
3865 8011 128 32 415,50
4021 8015 53 28 au
4105 8004 81 37 lieu
4210 8004 45 33 de
4255 8004 90 33 411;
4360 8008 9 27 ;
4403 8002 38 30 la
4470 8000 40 38 4
4510 8000 80 38 0/0

3616 8065 88 37 1894
3722 8061 63 37 est
3798 8060 24 36 à
3841 8059 67 35 440
3922 8055 141 37 contre
4090 8052 78 41 435,
4189 8048 41 36 et
4249 8045 39 37 la
4300 8057 21 24 5
4347 8042 69 48 0/0
4434 8042 88 36 1896
4543 8047 43 29 se

3616 8110 193 35 retrouve
3828 8105 25 35 à
3871 8104 495 38 438..

3662 8149 183 35 L'Italien
3870 8147 64 36 est
3951 8153 52 28 en
4023 8140 135 44 légère
4182 8144 156 40 reprise
4355 8134 24 36 à
4394 8133 105 42 94,15
4517 8139 72 27 sur

3615 8197 144 30 rachat
3777 8193 51 34 de
3848 8192 39 35 la
3917 8189 114 38 place
4062 8185 51 36 de
4140 8183 154 39 Berlin;
4328 8183 117 31 entre
4472 8183 116 29 alliés

3617 8243 89 29 faut
3731 8241 95 31 bien
3857 8246 47 26 se
3930 8232 142 40 tendre
4099 8229 39 38 la
4170 8234 125 31 main.
4322 8227 74 35 Les
4425 8226 162 38 Russes,

3616 8299 97 22 sans
3753 8283 225 38 variations
4011 8271 294 50 appréciables,
4343 8270 247 37 conservent

3617 8338 112 36 leurs
3747 8329 200 49 positions
3965 8324 50 36 de
4032 8324 39 36 la
4085 8319 188 39 dernière
4290 8323 194 29 semaine.

3773 8411 395 48 Etablissements
4194 8408 61 38 de
4279 8404 159 41 Crédit

3662 8516 74 27 Les
3755 8509 181 34 maisons
3954 8505 50 37 de
4022 8500 145 43 dépôts
4185 8517 44 8 -
4247 8507 73 36 pas
4338 8497 51 36 de
4405 8494 185 40 détenus,

3619 8555 222 35 quoiqu'on
3859 8560 105 30 VOUS
4000 8546 186 40 retienne
4216 8542 153 48 parfois
4398 8542 117 34 votre
4532 8545 62 27 ar-

3619 8606 97 29 gent
3738 8603 42 32 et
3803 8609 75 26 vos
3913 8597 119 38 titres
4063 8613 44 7 -
4135 8599 44 29 se
4195 8597 95 31 sont
4317 8589 277 35 diversement

3619 8648 270 32 comportées.
3940 8645 53 35 La
4045 8637 143 40 Vieille
4229 8636 123 36 Dame
4393 8634 99 43 perd
4541 8637 51 28 en

3621 8701 167 25 charme
3807 8703 46 23 ce
3869 8688 147 38 qu'elle
4029 8693 131 33 gagne
4178 8691 53 30 en
4241 8681 76 45 Age
4337 8689 9 26 :
4364 8681 79 34 elle
4461 8679 63 33 est
4541 8681 67 29 etr

3619 8740 193 38 nouvelle
3830 8738 136 38 baisse
3988 8734 51 37 de
4057 8734 58 40 20,
4139 8738 54 28 au
4208 8724 210 49 comptant
4433 8727 160 32 comme

3621 8793 25 30 i
3660 8793 144 30 larme,
3818 8785 26 38 à
3863 8783 107 40 3,525
3987 8780 43 37 et
4042 8780 22 35 3
4081 8777 79 37 530.

3665 8837 55 28 La
3737 8835 166 30 Banque
3919 8827 53 38 de
3985 8823 114 41 Paris
4115 8822 42 38 et
4164 8819 74 38 des
4249 8816 201 49 Pays-Bas
4465 8813 129 37 ferme

3620 8891 70 31 ses
3720 8877 188 50 guichets
3947 8874 27 38 à
4001 8872 93 44 938;
4136 8867 42 38 la
4207 8867 157 37 Société
4399 8863 213 41 Générale.

4638 5623 121 24 passe
4785 5612 24 35 à
4832 5611 66 35 544
4929 5610 41 33 et
4993 5607 39 35 la
5057 5607 165 40 Banque
5241 5603 212 35 Ottomane
5473 5595 83 37 suit
5575 5593 37 36 le

4635 5656 265 39 mouvement
4923 5653 72 34 des
5011 5649 129 37 Fonds
5153 5648 50 35 de
5220 5655 72 27 son
5314 5653 101 36 pays
5428 5651 51 27 en
5496 5650 19 25 s
5531 5645 83 30 ins-

4636 5703 159 37 orivanl
4819 5701 24 35 à
4860 5699 82 37 560.

5034 5777 180 35 Divers.

4680 5873 74 34 Les
4779 5869 165 38 valeurs
4979 5865 51 37 de
5066 5871 158 36 vapeur
5253 5859 72 37 ont
5344 5864 155 38 prouve
5526 5853 90 36 leur

4638 5916 178 31 légèreté
4842 5915 106 32 cette
4975 5910 195 32 semaine,
5203 5915 51 27 en
5291 5906 196 33 s'élevant
5513 5906 103 28 dans

4637 5961 51 26 de
4717 5960 123 32 jolies
4877 5955 273 35 proportions.
5174 5953 72 34 Les
5265 5949 157 35 actions
5452 5946 72 33 des
5555 5952 60 25 six

4639 6005 174 32 grandes
4856 6000 262 35 compagnies
5159 6000 73 33 ont
5265 5993 135 36 donne
5457 5991 37 34 le
5536 5991 78 33 bon

4639 6049 184 34 exemple
4862 6049 41 34 et
4944 6046 123 37 celles
5103 6044 73 35 des
5208 6041 140 36 autres
5385 6047 23 26 n
5425 6036 71 36 ont
5544 6043 72 37 pas

4639 6096 125 33 voulu
4780 6096 133 33 rester
4925 6102 50 26 en
4994 6090 156 37 arrière
5164 6099 9 30 ;
5190 6096 74 33 par
5282 6082 334 41 suite,ensemble

4639 6140 51 35 de
4710 6141 148 34 hausse
4875 6138 71 35 des
4973 6136 93 39 plus
5099 6130 287 39 satisfaisants.
5407 6130 73 31 Les
5507 6128 108 31 loco-

4640 6185 175 32 motives
4833 6183 50 34 de
4904 6182 107 35 l'Est,
5031 6188 97 28 sous
5159 6176 186 41 pression
5367 6174 247 34 continuelle

4642 6229 220 33 marquent
4891 6229 103 33 1.100
5019 6235 51 26 au
5099 6220 283 40 mamomètre,
5402 6218 43 34 12
5470 6216 145 43 degrés

4640 6276 50 30 de
4709 6275 93 31 plus
4817 6273 97 33 qu'il
4928 6281 24 25 y
4970 6281 24 25 a
5010 6270 90 36 huit
5113 6269 131 37 jours.
5266 6267 50 33 Le
5329 6261 117 41 Nord,
5465 6268 149 36 poussé

4641 6331 74 24 par
4731 6321 36 34 le
4783 6304 116 51 soleil
4918 6317 70 38 qui
5009 6314 159 38 revient
5185 6312 54 35 du
5251 6308 88 38 Midi
5357 6307 101 45 (1440
5476 6305 138 35 contre

4643 6370 15 28 1
4681 6366 93 32 430),
4804 6365 138 33 monte
4981 6363 24 35 à
5034 6361 104 37 2.075
5181 6367 53 26 au
5271 6359 80 32 lieu
5401 6355 50 31 de
5485 6354 125 36 2.0CO;

4641 6412 162 31 P.-L.-M
4824 6419 119 25 passe
4959 6408 50 35 de
5030 6407 101 35 1-864
5147 6405 23 35 à
5185 6404 115 37 1.878,
5321 6397 191 38 l'Orléans
5533 6403 80 26 em-

4642 6457 209 33 magasine
4881 6455 101 33 1.895
5005 6452 113 34 litres
5155 6449 50 33 de
5238 6445 195 41 vinaigre.
5455 6443 28 33 L
5494 6443 122 31 Ouest

4643 6501 231 38 transporte
4900 6498 103 35 1.230
5041 6492 149 38 vaches
5218 6488 180 38 laitières
5428 6489 189 31 norman-

4641 6548 73 36 des
4735 6558 9 24 :
4764 6555 53 27 on
4836 6554 44 27 se
4901 6543 59 36 les
4978 6538 183 40 arrache.

4685 6592 109 24 L'Est
4824 6587 187 31 Algérien
5024 6592 124 26 passe
5163 6583 24 33 à
5212 6581 68 34 735
5295 6589 9 27 ;
5326 6577 12 35 1
5353 6573 135 40 Ouest,
5507 6572 50 34 de
5576 6572 38 35 la

4641 6634 133 28 même
4800 6632 192 34 province
5018 6628 72 34 fait
5124 6627 80 34 686.
5228 6617 309 40 Bône-Guelma,
5561 6624 51 25 au

4642 6689 100 30 pays
4754 6678 72 35 des
4849 6675 132 36 dattes
5002 6671 84 43 (qui
5106 6679 51 27 en
5182 6675 102 39 paye
5296 6664 18 35 ?
5333 6664 37 36 le
5386 6666 228 32 Gouverne-

4642 6724 126 43 ment)
4789 6731 44 26 se
4849 6719 149 37 bonifie
5017 6717 24 35 à
5059 6718 422 39 835..

4684 6770 72 30 Les
4776 6765 106 35 Rails
4907 6764 223 36 étrangers,
5157 6766 50 27 en
5238 6756 103 35 bons
5356 6750 252 39 marcheurs,

4639 6812 183 29 arrivent
4838 6821 9 17 :
4865 6807 393 32 Madrid-Saragosse
5281 6800 25 34 à
5331 6799 64 35 144
5411 6806 10 32 ;
5442 6799 104 32 Nord
5562 6799 49 28 de

4641 6857 208 30 l'Espagne
4866 6855 46 32 79
4931 6862 9 25 ;
4971 6851 60 35 les
5061 6846 275 37 Méridionaux
5363 6840 166 46 passent
5560 6845 52 27 au

4641 6898 213 33 kilomètre
4873 6897 68 34 089
4953 6906 9 25 ;
4982 6894 59 37 les
5060 6890 216 38 Orientaux
5293 6887 79 41 500,
5393 6886 67 34 400
5478 6886 135 32 francs

4639 6946 137 47 riyés,
4795 6943 94 37 sont
4907 6942 24 36 à
4945 6939 123 43 490,et
5086 6936 60 38 les
5165 6931 259 41 Autrichiens
5443 6929 171 37 courent

4678 6992 78 34 732.

4684 7035 39 37 Si
4739 7033 71 37 des
4823 7028 190 40 Chemins
5029 7026 50 38 de
5096 7025 62 38 fer
5172 7032 105 30 nous
5288 7019 188 50 passions
5493 7018 23 36 à
5528 7016 90 37 leur

4641 7078 183 42 matériel
4839 7077 17 37 ?

5106 7162 15 15 •
5134 7161 16 15 •

4685 7218 53 29 La
4755 7212 157 34 Société
4930 7211 50 31 de
5005 7205 186 42 matériel
5210 7205 50 37 de
5285 7201 185 40 chemins
5488 7200 51 36 de
5558 7198 62 37 fer

4642 7263 55 30 du
4715 7262 104 31 Haut
4835 7258 125 37 Volga
4980 7256 62 37 fut
5057 7253 117 38 créée
5193 7252 38 36 le
5252 7251 103 36 17i29
5374 7247 80 37 mai
5475 7245 140 43 1897,et

4643 7318 66 21 ses
4725 7305 149 34 statuts
4892 7300 232 39 approuvés
5149 7307 74 32 par
5245 7297 36 35 S.
5299 7296 50 35 M.
5368 7294 11 35 l
5396 7294 223 42 Empereur

4644 7354 103 32 lli23
4765 7349 103 37 avril
4893 7345 233 41 precédent.
5145 7346 81 34 Son
5256 7338 148 47 capital
5435 7337 64 36 est
5529 7337 51 32 de
5599 7360 20 9 ~

4644 7397 179 33 millions
4844 7394 50 35 de
4920 7390 165 38 roubles
5101 7388 105 42 or,et
5225 7394 74 28 son
5325 7388 109 42 siège
5454 7385 123 31 social
5595 7385 23 29 à

4643 7438 409 35 Saint-Pétersbourg.
5069 7433 84 38 Elle
5175 7442 23 27 a
5217 7438 105 34 pour
5344 7429 111 43 objet
5475 7436 8 24 :
5504 7429 37 31 la
5560 7429 58 31 fa-

4645 7488 197 33 brication
4861 7485 51 32 de
4954 7479 185 40 matériel
5181 7477 51 37 de
5251 7475 185 38 chemins
5465 7471 51 36 de
5544 7471 72 40 fer,

4643 7536 183 31 voitures
4840 7534 23 33 à
4875 7537 241 30 voyageurs,
5127 7532 171 35 wagons
5311 7522 40 34 et
5361 7520 195 41 fourgons
5569 7520 49 30 de

4645 7583 93 28 tous
4756 7581 130 32 lypes,
4900 7577 42 31 et
4954 7574 39 36 la
5012 7570 229 38 fourniture
5253 7567 50 35 de
5318 7566 89 34 tout
5424 7571 46 27 ce
5486 7569 69 37 qui
5575 7568 44 25 se

4646 7626 190 29 rapporte
4846 7630 78 25 aux
4938 7617 185 38 chemins
5135 7614 50 35 de
5199 7613 73 40 fer,
5286 7612 224 38 tramways
5517 7614 25 24 à
5554 7612 66 25 va-

4648 7671 139 31 l'eur,A
4797 7666 171 36 traction
4977 7660 222 42 électrique
5208 7666 52 27 ou
5267 7653 351 38 animale,comme

4645 7727 52 18 au
4714 7712 144 33 travail
4884 7710 49 35 de
4953 7710 92 34 tous
5065 7704 175 38 métaux,
5262 7701 23 35 à
5310 7701 90 33 leur
5421 7701 197 28 transfor-

4646 7761 152 28 mation
4818 7758 41 31 et
4887 7756 23 33 à
4932 7753 89 35 leur
5041 7753 243 32 commerce.
5304 7747 51 31 La
5373 7744 244 38 Compagnie

4646 7804 97 26 peut
4770 7802 116 28 louer
4925 7797 55 33 du
5013 7790 184 39 matériel
5236 7795 79 28 aux
5356 7788 260 37 compagnies

4643 7828 53 49 Su
4711 7857 79 20 aux
4807 7837 314 40 pttrliculiers,et
5145 7832 97 45 peut
5256 7838 108 30 aussi
5389 7828 227 36 construire

4643 7897 41 23 et,
4698 7892 198 29 exploiter
4909 7888 73 30 des
5000 7892 114 29 voies
5130 7881 153 37 ferrées
5299 7876 41 36 et
5354 7876 150 39 autres,
5513 7876 26 30 d
5553 7878 61 28 in-

4643 7939 105 38 térêt
4771 7933 165 44 général
4967 7940 53 27 ou
5051 7926 128 48 privé,
5197 7923 121 46 après
5347 7919 267 36 autorisation

4642 7983 176 42 spéciale
4848 7986 104 39 pour
4981 7975 158 44 chaque
5168 7979 82 32 cas,
5284 7975 159 50 doi|nf.®

4641 8024 322 37 gouvernement
4992 8024 199 37 impérial.
5223 8024 71 27 Ses

4642 8078 78 26 blis
4753 8077 23 27 à
4803 8074 116 30 Tver,
4939 8070 25 34 à
4979 8067 67 37 450
5077 8060 239 40 kilomètres
5341 8060 49 33 do
5414 8060 202 33 Saint-Pé-

4643 8122 215 27 tersbourg
4875 8117 42 32 et
4939 8115 25 34 à
4985 8113 66 36 150
5073 8109 49 36 de
5147 8108 175 38 Moscou,
5340 8106 94 32 sont
5458 8103 156 33 desser-

4642 8169 62 26 vis
4723 8174 74 21 par
4825 8162 38 33 le
4894 8157 162 38 chemin
5071 8155 50 35 de
5154 8153 62 35 fer
5245 8153 209 37 Nicolas,et
5454 8153 95 37 par
5576 8148 38 30 la

4642 8209 152 45 grande
4831 8201 211 36 chaussée,
5071 8198 128 38 allant
5235 8194 51 37 de
5329 8193 287 35 Saint-Péters-

4643 8259 132 40 bourg
4792 8254 24 38 à
4837 8253 774 38 Moscou.....

4687 8305 73 25 Les
4782 8297 176 33 terrains
4978 8292 100 38 dont
5106 8289 164 41 dispose
5297 8284 41 39 la
5363 8279 157 42 Société
5546 8279 72 39 ont

4643 8358 81 14 une
4743 8344 173 28 étendue
4942 8340 50 32 de
5017 8340 46 32 95
5080 8336 188 36 hectares
5281 8341 11 31 ;
5320 8333 14 33 l
5348 8336 118 28 usine
5493 8335 44 26 se
5551 8329 67 32 dé-

4644 8393 172 26 veloppe
4839 8395 73 24 sur
4933 8391 82 28 une
5041 8379 161 40 surface
5233 8375 51 37 de
5311 8375 43 35 18
5371 8371 188 37 hectares
5579 8371 42 34 et

4645 8442 62 29 se
4707 8442 189 29 compose
4925 8431 78 37 de:
5034 8432 234 39 magasins;
5300 8419 221 39 bâtiments
5547 8417 73 35 des

4645 8484 129 29 chaud
4780 8484 11 29 i
4795 8470 91 43 1res
4923 8478 42 35 et
4999 8472 211 40 machines
5222 8480 12 32 ;
5279 8470 223 33 bâtiments
5548 8472 73 26 des

4647 8531 135 26 forges
4801 8538 10 18 ;
4839 8523 164 34 ateliers
5032 8519 73 35 des
5135 8513 137 42 outils,
5292 8512 73 34 des
5395 8512 224 38 machines,

4645 8575 51 39 de
4715 8577 39 35 la
4774 8567 240 43 fabrication
5029 8562 73 38 des
5120 8568 136 34 roues,
5276 8557 92 43 etc.,
5386 8555 78 36 etc.

4693 8623 52 24 La
4763 8614 156 33 Société
4945 8617 203 30 anonyme
5172 8605 72 38 des
5268 8604 173 36 travaux
5464 8597 97 50 Dyle
5580 8597 42 39 et

4647 8665 171 30 Bacalan
4837 8672 25 23 a
4875 8657 144 38 dressé
5034 8656 62 36 les
5114 8653 119 42 plans
5247 8649 73 37 des
5339 8646 198 43 usines,el
5561 8645 61 37 les

4646 8724 25 15 a
4689 8711 74 28 fait
4779 8705 191 34 exécuter
4986 8709 99 30 sous
5103 8707 47 29 sa
5178 8698 198 35 direction
5388 8703 9 34 ;
5416 8694 80 35 elle
5526 8700 21 27 s
5560 8694 64 33 est

4647 8766 147 21 encore
4809 8749 179 38 engagée
5002 8748 25 39 à
5050 8755 53 31 en
5134 8740 218 43 surveiller
5379 8739 39 37 la
5441 8738 179 41 marche,

4627 8822 2 5 1
4647 8805 42 33 et
4711 8805 29 33 t
4762 8799 159 39 fournir
4949 8796 39 39 le
5017 8789 220 49 personnel
5263 8789 289 44 d'ingénieurs,
5571 8785 51 34 de

4647 8845 313 47 contremaîtres
4982 8837 165 45 dressés
5176 8836 104 42 dans
5295 8842 70 33 ses
5381 8836 182 41 ateliers,
5581 8836 43 33 et
5638 8836 4 34 j

5666 5607 24 29 â
5709 5606 136 30 livrer,
5861 5604 23 32 il
5901 5602 37 34 la
5958 5598 155 38 Société
6129 5597 55 35 du
6203 5596 102 36 Haut
6321 5592 233 44 Volga,tous
6573 5601 61 29 ses

5669 5648 193 34 procédés
5881 5646 49 35 de
5952 5642 251 38 fabrication,
6221 5649 66 25 ses
6304 5635 194 43 modèles,
6522 5637 113 43 plans

5669 5697 41 33 et
5724 5693 173 37 dessins.
5917 5687 233 43 L'outillage
6176 5683 240 45 mécanique
6435 5680 49 36 de
6509 5680 39 36 la
6569 5681 64 35 So.-

5669 5739 102 33 ciété
5787 5738 53 34 du
5861 5735 102 37 Haut
5985 5733 139 39 Volga,
6146 5739 103 33 pour
6267 5729 38 35 le
6335 5729 145 34 travail
6505 5729 55 32 du
6580 5729 54 32 fer

5669 5787 41 30 et
5727 5784 55 33 du
5800 5778 294 39 bois,préscilte
6117 5776 59 34 les
6195 5773 182 35 derniers
6397 5771 239 45 perfection-

5669 5826 187 33 nements
5891 5821 169 38 réalisés
6103 5829 52 25 en
6187 5818 171 39 France,
6394 5816 244 42 Allemagne,

5678 5872 228 34 Angleterre
5926 5870 40 34 et
5984 5875 80 28 aux
6093 5861 222 40 Etats-Unis
6329 5871 9 30 ;
6361 5858 25 38 il
6420 5859 218 46 permettra

5669 5919 50 34 de
5754 5915 192 47 produire
5975 5921 100 27 avec
6107 5909 37 37 le
6178 5906 216 37 minimum
6429 5904 48 35 de
6513 5904 127 36 main.-

5669 5962 193 37 d'oeuvre.
6200 5996 9 11 ,
6337 5992 111 15 ,...

5714 6008 165 30 Comme
5911 6002 59 36 les
5999 6000 162 37 besoins
6187 5996 49 37 de
6266 5993 184 39 matériel
6482 5990 160 39 roulant

5671 6053 72 33 des
5762 6050 184 35 chemins
5962 6047 50 36 de
6033 6047 61 35 fer
6107 6054 50 28 en
6177 6041 154 42 Russie,
6353 6041 93 35 sont
6467 6040 91 34 tous
6585 6036 56 37 les

5669 6108 75 25 ans
5761 6097 201 36 énormes,
5982 6093 87 34 tant
6088 6099 104 34 pour
6216 6085 224 45 compléter
6459 6084 13 35 1
6487 6084 155 35 'insufil-

5671 6151 121 26 sance
5805 6137 173 39 actuelle
5995 6144 79 33 que
6092 6142 103 35 pour
6209 6134 202 32 satisfaire
6425 6136 78 27 aux
6515 6132 128 39 lignes

5669 6185 225 32 nouvelles,
5915 6183 59 34 les
5994 6180 88 37 prix
6091 6176 50 38 de
6154 6178 120 36 vente
6289 6176 179 39 étant,en
6488 6176 153 38 Russie,

5670 6233 84 30 très
5790 6225 293 38 sensiblement
6125 6221 237 42 supérieurs
6391 6219 23 35 à
6442 6226 101 28 ceux
6570 6216 73 36 des

5669 6279 139 24 autres
5853 6282 102 27 pays
6002 6270 218 39 d'Europe;
6271 6271 171 31 comme,
6484 6262 25 34 d
6525 6262 117 34 autre

5671 6324 103 39 part,
5797 6320 59 36 les
5874 6317 129 36 droits
6022 6313 69 45 qui
6107 6311 216 47 protègent
6337 6307 226 37 l'industrie
6577 6313 65 29 na.-

5672 6376 149 35 tionale
5857 6375 93 36 sont
5977 6369 264 39 exorbitants,
6273 6375 54 27 on
6353 6364 97 47 peut
6475 6361 167 38 estimer

5669 6433 82 30 que
5778 6421 38 36 la
5835 6418 155 38 Société
6015 6417 54 35 du
6095 6417 103 34 Haut
6213 6412 122 44 Volga
6354 6413 62 33 est
6432 6409 169 44 appelée
6619 6409 22 34 à

5671 6476 56 27 un
5743 6465 166 37 brillant
5923 6462 649 40 avenir...

5715 6512 73 29 Les
5805 6509 157 32 actions
5981 6505 50 36 de
6053 6504 38 36 la
6118 6499 156 40 Société
6299 6498 55 37 du
6378 6495 104 38 Haut
6502 6493 138 45 Volga,

5669 6555 245 31 introduites
5939 6550 112 31 lundi
6070 6547 175 34 dernier,
6271 6553 73 27 sur
6362 6542 38 36 le
6413 6540 165 37 marché
6588 6545 51 29 au

5669 6600 222 31 comptant,
5921 6603 97 28 sous
6046 6593 59 35 les
6134 6590 188 41 auspices
6344 6586 50 35 de
6421 6585 39 35 la
6476 6585 164 39 Banque

5669 6645 49 34 de
5737 6643 111 36 Paris
5863 6641 41 35 et
5922 6639 72 35 des
6013 6635 209 44 Pays-Bas,
6243 6631 72 35 ont
6333 6629 54 35 du
6414 6629 109 34 reste
6547 6629 93 39 déjà

5668 6688 142 43 acquis
5829 6685 39 37 la
5893 6685 143 35 faveur
6049 6679 54 37 du
6121 6677 148 45 public.

5713 6732 105 37 Elles
5833 6731 95 35 sont
5944 6723 245 39 demandées
6201 6723 24 35 à
6236 6722 79 38 635,
6335 6727 121 27 cours
6470 6725 56 37 qu
6529 6715 8 12 t
6539 6715 99 37 elles

5669 6777 167 37 doivent
5855 6770 257 48 rapidement
6130 6767 209 46 dépasser.

6139 6859 19 17 •

6126 6896 16 16 V
6156 6892 19 18 »

5713 6969 51 31 Le
5780 6966 214 34 compteur
6012 6961 51 36 de
6084 6960 39 36 la
6141 6954 246 46 Compagnie
6406 6949 235 49 parisienne

5672 7013 52 32 dn
5745 7012 76 33 Gaz
5839 7020 25 25 a
5875 7008 55 36 dû
5949 7005 251 40 enregistrer
6217 7010 80 27 une
6325 7000 100 34 fuite
6454 7004 151 36 puisqu
6619 6999 27 30 'il

5673 7057 213 34 décompte
5906 7063 70 28 un,
5994 7052 24 38 à
6049 7051 121 40 1,149;
6197 7047 37 38 le
6253 7047 78 37 Gaz
6358 7044 49 36 de
6438 7044 210 35 Bordeaux

5674 7115 44 22 se
5737 7105 192 32 retrouve
5949 7100 24 37 à
6001 7099 123 38 2,015;
6155 7095 37 37 le
6221 7095 78 36 Gaz
6326 7090 154 38 central
6514 7107 43 6 -
6577 7094 71 39 qui

5675 7152 103 32 n'est
5787 7146 230 38 cependant
6035 7153 73 31 pas
6121 7143 50 35 de
6187 7139 183 45 l'empire
6386 7136 56 35 du
6459 7136 136 34 Milieu
6604 7148 43 10 —

5675 7196 149 37 flambe
5853 7195 25 37 à
5911 7193 114 43 1,570,
6066 7190 42 36 et
6147 7185 105 39 celui
6288 7191 104 40 pour
6431 7182 13 34 1
6459 7182 190 41 étranger

5674 7244 24 35 à
5714 7244 80 35 690.

5717 7289 51 27 Le
5792 7287 100 29 Suez
5911 7293 23 23 a
5953 7291 55 25 vu
6028 7289 76 27 son
6123 7278 131 38 éliage
6279 7273 161 37 monter
6458 7269 50 35 de
6527 7266 118 48 quel-

5674 7341 102 21 ques
5795 7330 148 32 petites
5959 7327 141 35 lignes,
6122 7325 24 34 à
6163 7321 123 41 3,432;
6306 7318 13 36 1
6333 7315 222 44 obligation
6572 7315 73 32 Ca-

5676 7377 66 36 nal
5777 7375 51 36 de
5865 7370 190 38 Corinthe
6084 7370 24 33 6
6140 7367 61 43 0/0
6235 7367 64 31 est
6329 7369 53 27 en
6415 7360 231 43 plus-value

5718 7464 174 27 L'action
5916 7457 196 34 Omnibus
6131 7453 73 38 fait
6234 7449 119 41 1.835;
6381 7445 60 38 les
6455 7443 188 37 Voitures

5674 7507 257 32 s'inscrivent
5955 7506 25 33 à
5997 7504 80 35 787.
6094 7502 50 35 La
6177 7501 239 38 compagnie
6453 7489 189 50 générale

5674 7556 50 29 do
5737 7552 187 32 Traction
5935 7555 118 32 passe
6069 7546 24 34 à
6106 7544 76 39 132,
6197 7541 43 35 et
6253 7539 60 35 les
6329 7539 122 43 petits
6467 7538 178 32 Bateaux

5675 7597 199 43 parisiens
5891 7590 223 40 naviguent
6127 7587 23 35 à
6162 7585 79 35 844.

5717 7644 51 22 La
5786 7641 245 27 Compagnie
6049 7632 199 30 française
6261 7625 73 37 des
6352 7624 160 37 Métaux
6530 7631 23 25 a
6572 7622 74 36 des

5673 7683 220 33 demandes
5909 7682 24 34 à
5949 7680 80 36 690.
6048 7678 74 37 Les
6145 7673 165 39 valeurs
6326 7667 227 48 cuprifères
6574 7666 72 50 oaj

5673 7731 63 31 été
5752 7737 115 24 assez
5884 7725 154 34 calmes
6052 7721 150 38 durant
6231 7727 69 27 ces
6319 7722 169 29 séances
6503 7722 9 33 ;
6533 7715 113 34 aussi

5672 7776 59 27 les
5762 7775 366 27 retrouvons-nous
6147 7773 97 27 sans
6271 7761 277 37 modification
6578 7765 68 36 ap-

5673 7817 203 35 préciable
5891 7825 9 26 :
5916 7814 70 38 Rio
6005 7808 37 44 à
6042 7808 92 44 722;
6134 7808 168 44 Tharsis
6321 7807 24 35 à
6364 7805 136 42 192,50,
6511 7801 135 37 Mokta

5671 7865 23 39 à
5705 7867 79 43 980,
5802 7861 192 42 Laurium
6009 7868 96 40 grec
6124 7857 23 39 à
6166 7857 45 37 84
6236 7854 42 38 et
6299 7854 105 46 Cape
6434 7850 162 47 Copper
6622 7857 26 29 à

5672 7915 62 36 13t.

5715 7960 74 29 Les
5805 7957 127 32 Mines
5950 7953 88 36 d'or
6051 7952 73 37 ont
6138 7948 66 38 été
6223 7947 90 37 tout
6335 7943 112 39 aussi
6466 7940 183 40 hésitan-

5672 8005 60 36 tes
5769 8003 42 38 et
5836 8000 157 40 faibles.
6025 7997 177 44 Champs
6219 7993 88 37 d'or
6326 7999 120 40 passe
6477 7988 50 37 de
6558 7988 41 35 41
6627 7987 22 36 à

5670 8053 64 33 40;
5755 8049 39 37 la
5810 8045 221 41 Chartered
6060 8045 66 37 est
6148 8052 52 28 en
6216 8041 115 45 perte
6351 8040 25 35 à
6389 8040 69 39 81;
6496 8040 40 31 Fi
6546 8040 102 46 enço

5670 8095 112 39 Rand
5801 8095 75 37 fait
5899 8095 46 36 46
5959 8104 9 30 ;
6000 8090 132 38 Sheba
6160 8089 106 42 59,50
6277 8095 10 33 ;
6308 8086 74 48 Rip
6426 8085 100 33 Gold
6578 8085 70 31 Mi-

5671 8142 99 45 ning
5781 8142 58 43 30;
5859 8137 111 41 enfin
5989 8135 183 39 Ferreira
6196 8132 179 36 s'inscrit
6392 8133 25 31 à
6433 8132 81 31 624.

6279 8236 306 44 TRIBOULETTE.

5692 8498 170 102 /Ta
5870 8510 170 72 SIROP
6060 8500 282 88 PHENIQUE

5687 8603 44 21 m
5747 8587 145 37 combat
5913 8585 54 39 les
5983 8581 176 41 microbes
6177 8592 48 27 on
6255 8588 139 36 germes
6406 8577 46 35 de
6468 8582 112 29 ma»-
6604 8577 43 33 ■

5685 8640 39 30 N
5748 8637 78 33 diet
5839 8633 47 37 de
5900 8632 174 38 poitrine,
6087 8628 135 38 réussit
6241 8623 341 41 merv«lllee*waent
6608 8622 40 39 N

5689 8688 43 29 m
5751 8681 92 37 d*»»
5858 8678 54 36 les
5938 8677 106 41 Totue,
6063 8675 161 43 B&M"M<,
6239 8669 197 41 Catarrhes,
6470 8669 113 31 Brm-
6608 8669 40 28 M

5691 8716 61 41 W
5798 8723 114 44 chile*,
5945 8720 146 48 Grippe,
6127 8719 253 41 Enraiement»,

5820 8771 111 44 Dép*
5944 8780 11 27 :
5967 8769 185 42 Ph"TlAL,
6161 8769 33 41 1,
6203 8775 65 29 r—
6279 8761 226 40 BOW"OM

2572 9118 52 16 -
2636 9084 358 62 JMFfUtfBSIK
3010 9080 106 56 Dg$
3140 9076 150 56 ART?
3310 9060 572 74 JgflttNOPACTCRES.
3910 9058 66 48 O,
4002 9052 114 46 BVE
4140 9038 402 56 PAUL-LEWS(l.
4558 9056 54 14 -
4636 9028 168 56 PAM

3317 9189 9 21 i.
3400 9174 44 39 V1
