7520 9728
761 683 106 52 ceci
880 682 196 45 profond
1106 691 120 44 pour
1239 680 133 45 leain
1374 679 198 47 tentions
1583 682 63 45 de
1655 682 110 45 na.-

761 738 117 44 lear,
897 734 77 51 qui
1002 733 107 43 sont
1131 734 105 44 bien
1264 733 32 44 à
1320 735 252 54 apprécier,
1589 735 30 45 à
1634 736 130 44 noire

760 788 177 49 époque
955 787 57 40 de
1026 787 281 60 cabotinage.

813 837 121 39 Dans
963 835 67 42 les
1062 837 122 40 deux
1200 841 151 43 pièoes
1366 835 61 45 de
1439 837 222 50 Parsifal,
1680 849 85 31 no-

761 885 238 48 tamment,
1039 885 31 42 il
1103 897 30 31 a
1173 887 89 42 mis
1296 898 92 33 une
1424 889 252 51 perfection
1707 891 58 41 de

761 949 199 31 nuances
998 938 30 42 à
1073 938 191 49 laquelle
1299 951 118 33 nous
1451 953 201 33 sommes
1674 954 88 37 peu

759 989 226 43 habitués.
1005 992 62 41 Le
1084 993 183 41 concert
1291 995 148 41 entier
1462 995 74 41 n'a
1551 995 71 42 été
1646 1004 118 38 pour

761 1040 63 40 lui
842 1041 165 49 qu'une
1039 1041 167 52 longue
1232 1044 117 42 suite
1379 1044 251 43 d'ovations
1653 1046 109 40 bien

763 1091 227 51 méritées,
1023 1093 46 43 et
1102 1094 78 51 qui
1208 1095 81 43 ont
1321 1094 64 44 dû
1421 1095 64 42 lui
1510 1095 95 43 être
1624 1095 139 43 sensi-

761 1144 112 43 bles.

814 1198 63 39 En
896 1200 199 48 premier
1114 1199 106 47 lieu,
1250 1209 118 31 nous
1395 1209 143 31 avons
1565 1211 57 29 eu
1641 1201 121 40 deux

762 1248 254 44 fragments
1034 1251 58 37 de
1113 1248 266 49 Lohengrin,
1398 1248 42 40 le
1455 1248 190 40 Prélude
1658 1250 45 38 et
1721 1249 40 38 le

761 1295 102 41 rêve
880 1296 166 49 d'ElsG,
1057 1299 160 41 chanté
1234 1309 56 31 en
1303 1297 222 42 allemand
1539 1308 84 42 par
1637 1298 123 40 Mme

759 1348 147 49 Mottl,
925 1360 110 32 avec
1054 1359 89 34 une
1160 1351 105 42 voix
1283 1350 91 41 très
1388 1360 114 42 pure
1519 1351 45 40 et
1579 1360 61 30 un
1654 1359 99 31 sen-

760 1402 162 38 timent
965 1403 174 47 exquis,
1173 1402 103 47 puis
1321 1401 333 39 l'Introduction
1695 1401 61 39 du

761 1450 230 41 troisième
1022 1452 111 44 acte,
1168 1451 128 39 iouée
1322 1459 110 30 avec
1456 1449 96 40 tant
1567 1450 58 39 de
1658 1449 99 39 fou-

759 1513 90 40 gue
867 1514 87 41 que
973 1503 61 43 M.
1055 1501 143 49 MoUl,
1217 1499 160 44 cédant
1390 1509 91 33 aux
1497 1498 259 56 applaudis-

759 1558 218 43 sements,
998 1568 28 28 a
1043 1556 62 40 dû
1130 1554 44 41 la
1190 1554 187 51 répéter.

814 1607 129 43 Mais,
965 1606 27 38 à
1006 1616 104 28 mon
1128 1604 112 45 avis,
1255 1603 43 39 là
1307 1602 228 40 l'éminent
1545 1612 59 28 ou
1610 1601 145 50 capel-

761 1665 75 30 me
879 1657 69 38 ister
975 1665 30 30 a
1048 1655 70 39 été
1147 1651 235 48 supérieur
1423 1650 31 41 à
1502 1649 247 46 lui-même,

756 1706 112 40 c'est
895 1707 112 38 dans
1034 1705 121 39 deux
1182 1702 248 44 fragmente
1456 1701 56 41 de
1529 1698 219 48 Parsifal,

757 1756 41 41 le
828 1756 187 40 Prélude
1046 1756 44 39 et
1128 1752 380 42 l'Enchantement
1539 1752 62 40 du
1629 1744 119 47 Ven-

755 1805 293 44 dredi-Saint,
1068 1804 76 48 qui
1165 1805 80 40 ont
1261 1804 69 40 été
1346 1803 170 41 rendus
1529 1811 110 32 avec
1658 1811 92 30 une

756 1854 333 50 incomparable
1109 1854 262 48 perfection,
1387 1852 114 42 ainsi
1531 1860 89 44 que
1643 1850 28 41 F
1673 1861 79 32 ou-

756 1910 181 42 verture
982 1908 79 43 des
1089 1905 180 44 Maîtres
1299 1904 258 48 Chanteurs,
1586 1903 163 43 eúcu-

760 1962 70 38 tée
862 1972 108 29 avec
990 1971 89 29 une
1108 1960 214 46 maîtrise,
1352 1969 88 29 une
1466 1966 196 36 carrure,
1686 1967 62 28 un

757 2013 181 46 rythme
954 2011 76 46 qui
1054 2010 106 40 l'ont
1176 2009 172 41 rendue
1368 2005 382 43 méconnaissable

754 2071 119 38 pour
891 2072 113 29 ceux
1032 2060 76 46 qui
1138 2058 109 42 Font
1278 2059 222 41 entendue
1531 2057 28 41 à
1577 2057 174 52 l'Opéra

758 2113 39 39 si
824 2111 257 41 mollement
1109 2110 226 47 oxécutée,
1376 2119 57 31 ne
1466 2108 162 41 faisant
1659 2117 92 31 res-

757 2163 138 40 sortir
916 2162 298 40 aucunement
1244 2161 63 39 les
1338 2160 174 40 thèmes
1542 2158 76 50 qui
1636 2158 113 40 s'en-

753 2212 262 41 chevêtrent
1029 2214 163 38 autour
1210 2211 54 41 de
1283 2211 43 41 la
1345 2211 182 41 Marche
1543 2207 80 43 des
1642 2209 106 41 Cor-

755 2265 275 50 porations..
1060 2263 145 52 Après
1236 2259 378 55 Siegfried-Jdyll,
1637 2271 57 30 on
1721 2269 28 31 a

757 2317 187 39 terminé
991 2326 81 40 par
1114 2314 41 42 le
1199 2313 185 53 prélude
1422 2314 57 41 de
1516 2313 170 40 Tristllll
1704 2316 43 36 et

760 2366 146 42 Yseult
931 2369 42 38 et
1002 2367 40 41 la
1073 2366 119 42 mort
1217 2364 215 49 d'YscoJt,
1451 2364 186 41 chantée
1665 2373 82 41 par

754 2419 126 39 Mme
902 2418 138 40 Mottl.

807 2466 324 43 Evidemment,
1165 2465 83 39 elle
1275 2465 190 48 possède
1500 2463 30 39 à
1559 2462 109 39 fond
1700 2460 45 38 la

751 2517 210 45 musique
983 2515 327 46 wagnérienne,
1331 2513 129 46 mais,
1483 2511 31 40 il
1535 2520 74 31 me
1623 2520 118 30 sem-

751 2570 72 40 ble
836 2568 155 44 qu'elle
1006 2568 183 43 apporte
1205 2566 27 39 à
1249 2576 81 29 son
1343 2561 232 43 exécution
1591 2560 147 40 moins

751 2621 57 39 de
843 2620 175 38 flamme
1053 2620 43 35 et
1130 2616 208 38 d'ardeur
1365 2623 87 38 que
1484 2611 106 40 Mlle
1625 2610 111 38 Küt-

751 2670 197 39 scherra,
969 2667 73 42 qui
1056 2664 80 45 fut,
1149 2673 73 29 ces
1245 2661 201 40 derniers
1463 2659 162 50 temps,
1646 2667 89 29 une

750 2707 302 53 Brfinnehilde
1085 2711 328 49 incomparable
1453 2710 112 39 dans
1605 2707 128 52 Sieg-

741 2769 127 40 fried
892 2770 41 36 et
953 2767 38 37 le
1020 2758 258 46 Crépuscule
1301 2761 74 39 des
1396 2760 158 40 Dieux.
1574 2759 63 38 En
1661 2758 71 38 ré-

741 2817 147 40 sumé,
926 2813 220 47 triomphe
1175 2821 115 38 pour
1318 2811 62 39 M.
1411 2808 129 41 Mottl
1570 2808 44 38 et
1638 2807 92 38 très

741 2866 142 45 grand
918 2863 154 40 succès
1107 2872 116 35 pour
1259 2860 121 41 Mme
1412 2858 153 46 Mottl;
1611 2865 117 31 nous

738 2917 186 39 n'avons
942 2913 136 45 qu'un
1111 2911 162 45 regret,
1302 2910 107 39 c'est
1437 2919 88 39 que
1542 2916 57 31 -ce
1625 2917 102 29 con-

736 2968 94 38 cert
849 2966 128 38 doive
1009 2964 93 38 être
1139 2962 39 39 le
1211 2959 95 41 seul
1336 2961 55 39 de
1420 2960 114 39 cette
1567 2957 155 45 année,

737 3017 189 43 puisque
958 3014 38 40 le
1018 3013 128 39 court
1179 3011 154 43 séjour
1348 3009 144 45 parmi
1524 3018 116 30 nous
1669 3007 73 46 de

737 3080 74 29 ces
831 3069 117 38 deux
963 3065 177 41 artistes
1164 3073 56 31 ne
1247 3063 98 41 leur
1367 3060 173 54 permet
1562 3070 81 41 pas
1669 3058 56 41 de

735 3131 116 29 nous
876 3119 174 39 donner
1062 3126 159 30 encore
1239 3125 86 30 une
1341 3113 214 40 audition.

789 3171 57 38 Le
881 3169 176 38 concert
1087 3167 157 38 s'étant
1273 3165 189 39 terminé
1493 3173 125 31 asses
1645 3161 78 47 tôt,

739 3221 69 37 l'ai
828 3232 58 34 pu
911 3219 211 39 entendre
1142 3216 107 40 salle
1265 3215 260 41 d'Harcourt
1560 3213 95 41 l'air
1671 3213 55 39 de

736 3266 224 47 F!urcstan
997 3270 111 40 dans
1141 3265 183 48 Fidelio,
1341 3266 160 41 chanté
1523 3276 108 30 avec
1663 3275 61 28 un

737 3323 113 48 style
867 3322 191 49 superbe
1095 3331 80 40 par
1200 3320 61 40 M.
1282 3319 200 48 Lafarge,
1499 3317 76 50 qui
1608 3316 119 40 avait

736 3373 363 49 précédemment
1118 3370 239 50 interprété
1371 3370 94 38 l'air
1479 3369 56 39 de
1547 3369 176 50 Joseph,

738 3435 104 28 avec
862 3424 140 47 grand
1037 3423 169 40 succès.
1242 3421 60 40 Le
1335 3420 178 41 concert
1541 3430 49 30 se
1608 3429 119 30 com-

739 3477 143 45 posait
901 3486 159 28 encore
1080 3475 54 39 de
1165 3473 268 39 l'ouverture
1451 3473 56 39 de
1529 3470 46 41 la
1598 3469 130 42 Flûte

740 3525 250 44 enchantée,
1023 3526 54 37 de
1117 3523 42 38 la
1182 3525 42 36 20
1243 3523 265 48 symphonie
1530 3522 56 38 de
1620 3520 107 39 Bee-

741 3577 179 45 thoven,
941 3576 54 39 de
1029 3574 267 40 l'ouverture
1327 3572 60 40 du
1418 3572 149 50 Songe
1597 3569 131 41 d'une

738 3628 97 39 nuit
852 3626 166 40 (Tétéet
1030 3627 135 44 enfin,
1183 3626 59 38 du
1277 3624 143 52 Largo
1439 3625 56 38 de
1515 3621 210 50 Haendel,

740 3677 270 39 redemandé
1029 3676 26 38 à
1070 3675 286 39 l'unanimité.

788 3728 54 38 Je
874 3727 112 37 tiens
1021 3725 27 39 à
1078 3723 206 50 signaler,
1302 3733 56 30 en
1396 3721 253 45 terminant,
1685 3721 42 39 la
1778 3729 3 9 '

738 3775 215 46 complète
1005 3775 187 39 réussite
1232 3785 58 28 au
1323 3773 181 39 concert
1532 3773 192 39 Lamou-
1778 3775 3 19 1

738 3839 109 27 reux
865 3828 54 38 de
936 3827 25 38 Y
964 3826 167 40 Amour
1147 3824 132 46 trahi,
1301 3825 157 45 poème
1478 3823 173 47 lyrique
1667 3823 56 39 de
1776 3819 5 55 j

734 3878 61 39 M.
816 3877 40 38 J.
878 3877 59 37 Le
974 3877 158 43 Borne;
1156 3875 64 39 les
1239 3875 119 39 deux
1376 3873 230 40 dernières
1623 3883 100 39 par-

734 3927 82 38 ties
837 3926 174 38 surtout
1030 3927 77 37 ont
1127 3924 226 40 vivement
1372 3922 91 52 plu.

785 3978 59 39 M.
873 3977 39 39 J.
937 3977 57 39 Le
1030 3976 143 40 Borne
1195 3975 83 49 est,
1298 3975 142 51 parmi
1460 3984 83 30 nos
1560 3974 160 50 jeunes
1775 3985 6 38 1

730 4028 343 50 compositeurs,
1089 4039 61 28 un
1163 4028 55 39 de
1233 4038 113 29 ceux
1360 4025 109 41 dont
1487 4025 42 41 la
1547 4025 173 41 science
1774 4041 7 27 1

728 4082 45 38 el.
794 4079 37 39 le
864 4079 134 39 talent
1027 4078 271 47 promettent
1316 4078 40 39 le
1376 4077 114 47 plus.
1516 4077 90 39 Son
1623 4087 95 28 œu-
1773 4078 8 35 i

729 4139 80 29 vre
827 4141 27 26 a
872 4130 68 38 été
969 4129 265 49 interprétée
1261 4138 107 29 avec
1389 4139 59 27 un
1480 4127 241 38 sentiment
1772 4123 9 33 1

727 4179 280 54 dramatique
1037 4180 89 40 très
1147 4179 121 41 élevé
1296 4189 80 36 par
1394 4176 104 44 Mlle
1517 4177 108 41 Lina
1643 4177 77 40 Pa-
1772 4176 9 29 <

726 4243 119 39 cary,
867 4245 75 37 qui
979 4232 105 41 s'est
1103 4232 200 41 montrée
1338 4241 89 31 une
1456 4231 168 48 grande
1651 4241 67 29 ar-

727 4284 103 38 tiste
847 4286 113 36 dans
980 4284 41 37 la
1038 4285 132 37 scène
1200 4283 131 38 finale
1364 4284 61 37 du
1459 4280 260 54 Crépuscule

728 4333 56 39 de
788 4348 13 20 s
830 4332 155 48 I)ieiix,
1006 4333 74 49 qui
1098 4344 26 28 a
1142 4334 68 38 été
1230 4332 40 40 le
1289 4332 156 39 succès
1463 4332 54 38 de
1536 4334 42 36 la
1593 4332 125 48 jour-

727 4386 96 39 née.
847 4385 60 40 M.
927 4384 252 41 Chevillard
1194 4394 29 30 a
1237 4384 68 40 été
1327 4382 193 42 acclamé
1537 4393 81 43 par
1635 4392 79 30 son

725 4438 255 38 nombreux
1022 4437 148 47 public
1202 4447 116 37 pour
1347 4445 49 27 sa
1412 4435 184 48 parfaite
1613 4434 102 38 exé-

726 4487 149 37 cution
899 4487 58 36 du
979 4485 225 47 Capriccio
1216 4483 230 49 Espagnol
1457 4485 55 37 de
1529 4483 187 48 Rimsky

729 4534 251 41 KorsakoJT.

1184 4594 220 44 Gabrielle
1426 4594 213 42 FERRARI.

720 4764 236 108 LES
1008 4760 704 112 JOURNAUX

1027 4902 73 34 DE
1127 4900 73 36 CE
1228 4899 186 36 MATIN

764 5039 86 40 Des
870 5037 142 39 Droits
1025 5037 54 39 de
1094 5036 28 39 V
1126 5035 186 41 Homme
1335 5047 11 27 :

759 5105 138 41 Q\wllo
935 5102 177 44 justice!
1150 5104 107 35 Avec
1287 5100 205 46 angoisse,
1512 5098 198 48 l'opinion

713 5151 201 35 demande
941 5150 38 35 lu
1013 5148 187 36 lumière.
1243 5149 57 35 On
1344 5148 39 35 la
1419 5147 87 36 met
1526 5155 103 27 sous
1664 5145 38 35 le

715 5197 204 35 boisseau.
964 5196 76 33 Par
1083 5193 73 34 des
1194 5191 210 36 subtilités
1439 5192 196 34 savantes
1658 5189 53 35 de

712 5239 265 42 procédures,
1010 5248 52 25 on
1094 5236 198 45 empêche
1327 5244 81 37 que
1434 5235 40 36 la
1494 5234 144 42 vérité,
1660 5252 48 8 —

711 5288 109 33 celle
856 5284 131 36 vérité
1029 5284 88 35 tant
1148 5281 197 37 attendue
1379 5290 76 36 par
1493 5280 62 36 les
1594 5289 116 27 cons-

712 5332 164 34 ciences
901 5328 217 43 inquiètes,
1138 5348 45 4 —
1199 5337 44 27 se
1269 5327 139 42 puisse
1439 5325 175 37 révéler.
1634 5327 74 34 Les

711 5376 279 42 s\<'"pbantes
1015 5375 49 34 de
1085 5373 99 37 robe
1203 5372 179 37 écarlate
1403 5371 144 37 tachée
1568 5370 138 38 d'hcr-

711 5423 124 40 tni))'',
857 5420 173 41 chargés
1043 5420 51 35 do
1108 5420 108 35 cette
1233 5418 168 46 parodie
1413 5417 292 45 judiciaire,en

709 5466 246 36 surveillent
983 5466 35 34 le
1051 5466 75 34 rite
1147 5463 363 45 ponctuellement.
1534 5463 51 34 Ils
1602 5472 103 26 ven-

710 5513 96 35 dent
832 5513 22 34 à
877 5511 89 35 leur
989 5509 301 45 ellmploil',IlOU
1320 5508 38 37 la
1387 5507 191 43 lumière,
1599 5507 105 36 mais

709 5558 60 36 les
798 5557 42 41 t<
840 5557 168 41 ttct'i'es;
1033 5566 79 25 non
1138 5556 38 35 la
1197 5554 144 43 vérité,
1370 5554 106 36 mais
1511 5553 191 43 l'erreur;

708 5612 79 26 non
825 5603 35 34 la
891 5603 202 34 bravoure
1134 5601 42 35 et
1215 5600 39 35 la
1288 5599 216 42 vaillance,
1519 5599 107 36 mais
1659 5599 40 35 la

707 5647 208 45 du")i<'it'',
939 5648 36 34 la
997 5645 169 47 perfidie
1186 5646 40 35 et
1244 5644 268 47 l'imposiure.

755 5694 106 34 Dans
890 5703 46 24 ce
961 5692 166 36 combat
1154 5691 213 43 singulier,
1398 5710 46 6 —
1473 5689 55 37 oh
1543 5689 10 35 !
1587 5698 114 27 com-
1719 5708 2 15 i

707 5739 93 37 bien
829 5760 36 3 --
886 5737 262 44 aujourd'hui
1170 5736 157 44 engagé
1354 5737 119 35 entre
1495 5735 39 37 le
1554 5734 147 37 minis-
1717 5747 5 17 <

707 5785 86 36 1ère
815 5785 137 43 public
970 5787 40 33 et
1026 5783 127 38 Emile
1170 5784 107 42 Zola,
1297 5783 38 37 la
1355 5781 118 45 lutte,
1492 5780 210 40 vraiment

704 5832 198 35 demeure
931 5840 74 32 par
1030 5832 92 40 trop
1145 5829 173 43 inégale.
1340 5829 100 35 D'un
1476 5827 106 43 côté,
1611 5827 91 35 tout

705 5875 211 44 l'appareil
939 5875 144 35 sévère
1113 5875 50 34 de
1198 5874 40 35 la
1272 5873 54 37 loi
1343 5883 9 25 :
1374 5873 176 36 l'avocat
1579 5871 125 43 géné-

712 5922 78 37 ral.
805 5921 36 36 le
858 5920 211 37 Président
1088 5919 50 37 de
1152 5919 39 36 la
1201 5920 108 36 Cour
1325 5928 51 27 en
1394 5918 124 36 robes
1530 5926 165 35 rouges,

717 5966 61 35 les
798 5966 161 40 gardes,
992 5965 40 34 la
1055 5965 81 39 Loi,
1155 5983 45 5 —
1219 5973 53 25 ou
1309 5962 137 44 plutôt
1472 5962 159 43 l'esprit
1649 5961 53 35 de

709 6019 22 26 c
747 6010 161 39 lucane,
935 6018 71 25 car
1026 6008 38 34 la
1100 6007 67 35 Loi
1198 6016 50 26 ne
1269 6006 167 35 connaît
1451 6005 117 45 point
1586 6005 120 34 telles
1722 6012 4 35 ;

707 6054 228 36 sinuosités
951 6052 225 39 d'arguties
1196 6049 244 39 misérables
1456 6059 76 32 par
1550 6049 54 36 où
1625 6049 81 37 l'on
1723 6053 3 33 ;

707 6111 146 23 esviye
883 6098 252 36 d'entraiuer
1151 6097 39 35 la
1209 6097 170 34 défense
1393 6097 25 33 à.
1433 6105 47 25 sa
1503 6095 128 37 perte.
1650 6095 56 34 De
1723 6090 3 40 i

707 6144 160 38 l'autr'',
882 6142 190 39 l'accus",
1090 6141 89 35 seul
1199 6150 101 26 avec
1317 6150 44 25 sa
1375 6141 135 33 bonne
1526 6138 176 40 foi,avec
1724 6133 2 38 !

707 6199 45 26 sa
771 6189 207 39 .a.i'ance,
1000 6196 101 26 avec
1129 6195 75 27 son
1226 6185 64 36 bel
1305 6181 290 45 cutêlcmculdc
1595 6181 112 45 ju--

707 6235 80 35 tice
818 6235 35 33 et
883 6233 50 35 de
966 6231 143 43 vérité,
1132 6252 46 4 —
1206 6230 54 37 tel
1289 6230 37 36 1f1
1355 6229 149 42 Christ,
1534 6227 170 44 là-haut,

705 6289 74 27 sur
799 6291 42 23 sa
862 6279 124 41 croix,
1008 6279 119 35 autre
1157 6277 145 39 apôtre
1334 6275 69 47 qui
1442 6275 64 37 fut
1535 6273 171 37 exécuté

706 6335 105 35 pour
827 6334 74 25 son
923 6333 148 25 amour
1086 6323 51 34 de
1160 6320 258 38 l'humanité.

751 6369 94 33 Oiiel
883 6368 125 34 siècle
1036 6367 50 34 de
1115 6365 231 36 décadence
1374 6366 41 33 et
1441 6363 51 36 de
1521 6362 184 38 veulerie

705 6422 38 29 ni
767 6413 122 36 -raies
908 6413 105 36 relui
1035 6413 53 35 où
1106 6411 51 37 de
1178 6410 78 38 tels
1283 6409 233 47 spectacles
1535 6418 45 27 se
1605 6417 100 37 peu-

703 6462 94 33 vent
843 6458 258 42 contempler
1116 6458 10 34 t
1174 6459 100 38 Non,
1322 6456 38 36 la
1406 6455 157 36 Justice
1601 6455 104 35 n'est

702 6504 94 40 fdiis
833 6505 107 33 celle
978 6502 146 36 déesse
1158 6511 82 26 aux
1275 6502 120 34 traits
1435 6499 175 40 sereins,
1649 6507 54 27 au

722 6550 86 36 roui
836 6548 180 43 radieux,
1037 6557 53 27 au
1110 6546 137 47 glaive
1267 6555 200 38 vengeur,
1488 6553 83 39 que
1598 6542 105 39 l'hu-

700 6596 155 37 manité
897 6595 161 37 adorait
1109 6596 24 35 à
1183 6602 177 38 genoux,
1416 6601 126 37 parce
1578 6592 123 46 qu'en

1813 683 86 43 eUt
1913 695 49 32 se
1992 687 206 43 rémma
2226 690 93 41 kmt
2343 699 83 33 au
2457 690 111 41 Idéal
2598 688 54 41 db
2679 688 129 44 tarte

1814 730 159 49 équité,
1997 734 194 44 d'anoor
2220 739 46 38 et
2295 737 57 41 de
2393 738 159 44 pardon
2562 737 13 39 l
2619 737 101 40 Non
2757 742 49 32 ce

1815 781 108 37 n'est
1937 783 98 46 pI8
2064 784 265 45 finjwriitto
2362 790 167 39 tagosa§
2550 784 63 38 de
2635 781 173 40 Tttémis

1815 828 194 44 apaisant
2038 828 64 39 les
2131 829 180 43 coafKts,
2328 829 212 43 imposant
2564 828 243 37 rharmeuia

1815 871 121 38 entre
1967 871 64 39 les
2059 873 194 38 hommes
2264 873 13 38 1
2311 874 101 42 Non,
2430 882 49 30 ee
2500 873 109 39 n'est
2637 872 95 44 plus
2767 871 41 37 la

1814 914 136 50 figure
1982 918 210 47 classique
2223 920 45 39 et
2293 929 121 36 pure,
2433 919 45 39 et
2503 917 195 48 vénérée,
2717 925 90 31 4IM

1814 965 281 47 respectaient
2118 963 67 43 Jet
2208 966 124 47 booa,
2353 976 84 38 que
2460 964 262 50 «teignaient
2744 968 63 34 les

1815 1013 263 36 m6ëbUI&L..

1859 1071 56 37 La
1942 1071 167 46 justioe,
2139 1072 277 45 aHjoQrdTmi,
2438 1072 130 45 opère
2597 1071 107 38 dans
2731 1070 76 38 des

1814 1116 209 38 ténèbreB,
2058 1128 80 26 par
2164 1118 63 36 les
2255 1117 277 37 traquenards
2557 1117 161 37 légaux.
2749 1116 57 38 Ce

1813 1163 107 38 n'est
1936 1165 118 43 point
2064 1167 48 36 la
2125 1164 139 39 Vérité
2278 1152 57 58 4U
2335 1152 96 58 eUe
2455 1163 177 39 cherche
2658 1165 27 38 à
2701 1162 105 40 foire

1813 1209 158 37 briller.
2014 1210 86 36 Elle
2134 1219 26 28 a
2182 1210 182 37 d'autres
2394 1210 153 43 soucis,
2583 1209 82 37 elle
2703 1209 103 38 veut

1810 1252 179 44 égopper
2005 1253 38 36 le
2058 1253 126 42 Droft.

1859 1295 48 37 Et
1924 1296 101 38 c^est
2046 1306 109 32 pour
2171 1297 91 37 cela
2287 1305 84 34 que
2398 1295 170 39 Tbémts
2582 1304 28 28 ft
2623 1294 89 42 jeté
2726 1303 76 27 son

1810 1338 192 42 diadème
2037 1342 245 43 pur-dessus
2316 1341 64 40 les
2414 1340 244 45 Basiliques,
2681 1340 45 38 et
2755 1348 47 29 sa

1810 1386 121 38 coiffe
1946 1389 260 37 maintenant
2229 1389 53 37 -de
2299 1387 250 45 FEteig&oir,
2567 1405 48 8 —
2631 1395 48 28 ce
2702 1384 100 38 cha-

1811 1439 108 36 peau
1936 1431 53 36 de
1999 1432 169 45 jésuite.

2359 1484 183 40 Marcel
2568 1483 163 39 Huart.

1858 1643 64 41 De
1940 1641 360 54 rln&tmigeaw
2311 1654 14 30 :

1849 1733 53 36 M*
1936 1731 160 42 Labory
2129 1731 214 45 comptait,
2356 1740 100 30 sans
2495 1739 140 31 aucun
2666 1729 128 39 doute

1802 1775 145 47 étayer
1980 1788 50 27 sa
2071 1777 216 39 plaidoirie
2331 1787 78 29 sur
2454 1776 204 39 l'attitude
2699 1776 95 40 flot-

1803 1822 114 37 tante
1951 1822 57 38 du
2047 1823 329 44 gouvernement
2397 1823 57 42 et,
2485 1823 124 44 grâce
2640 1823 27 36 à
2688 1821 106 37 l'ini-

1802 1866 144 40 Mativo
1962 1866 190 40 d'Ernest
2175 1866 268 49 Roehe^voilà
2458 1874 84 41 que
2565 1866 41 40 le
2618 1874 176 41 paver-

1802 1914 171 38 nement
1997 1914 59 38 lui
2072 1914 75 39 fait
2161 1914 97 39 faux
2281 1914 125 40 bond.

1845 1961 124 37 Notre
2001 1961 184 44 tactique
2215 1960 161 39 devrait
2407 1960 161 38 donner
2584 1969 58 28 un
2661 1968 82 36 peu
2767 1960 25 36 à

1802 2004 192 38 réfléchir
2007 2005 25 37 &
2041 2005 267 44 l'impétueux
2317 2007 161 42 avocat,
2498 2005 73 45 qui
2588 2014 55 28 en
2662 2013 26 28 a
2690 2004 96 45 jus-

1801 2049 124 47 qu'ici
1945 2050 180 47 manqué
2146 2049 259 39 totalement.

1846 2096 122 36 Aussi
1993 2095 167 44 JAurès,
2191 2095 103 38 dont
2336 2096 97 43 plus
2467 2104 84 35 que
2584 2102 206 37 personne

1795 2139 193 44 j'admire
2024 2140 40 38 le
2105 2140 133 38 talent
2271 2141 43 37 et
2343 2150 83 33 que
2452 2139 46 44 je
2537 2138 170 45 déplore
2737 2138 51 36 de

1801 2185 93 38 voir
1928 2185 105 37 dans
2079 2186 108 37 cette
2236 2185 188 42 bagarre,
2473 2193 51 28 en
2570 2184 116 37 a-t-il
2722 2182 66 37 été

1800 2230 137 36 réduit
1961 2231 26 36 à
2006 2231 163 37 tomber
2197 2231 29 36 à
2250 2231 98 36 bras
2377 2229 235 37 raccourcis
2643 2235 76 29 sur
2747 2226 39 37 le

1799 2275 272 38 cléricalisme
2117 2277 42 37 et
2189 2275 41 38 le
2269 2275 273 37 militarisme.
2576 2274 80 37 Son
2689 2272 99 45 long

1798 2321 202 43 discours,
2019 2321 103 38 dont
2149 2330 47 29 sa
2222 2320 236 45 déposition
2487 2319 141 37 n'était
2645 2326 83 37 que
2745 2316 39 38 le

1796 2368 200 46 prétexte,
2013 2376 46 28 se
2078 2367 137 36 réduit
2235 2367 25 35 à
2278 2376 69 26 ces
2365 2365 147 47 quatre
2526 2363 145 46 lignes:

1844 2425 18 18 «
1888 2411 30 36 Il
1939 2422 27 25 y
1983 2421 25 25 a
2034 2412 91 35 tout
2157 2410 83 36 lieu
2271 2410 53 35 de
2342 2410 134 35 croire
2500 2417 82 30 que
2608 2407 174 40 Dreyfus

1795 2455 65 33 est
1887 2454 215 41 coupable,
2118 2454 108 34 mais
2252 2453 72 35 j'ai
2356 2461 84 26 uue
2469 2446 99 40 telle
2605 2451 178 35 horreur

1793 2496 56 36 du
1890 2497 261 36 militarisme
2192 2497 44 35 et
2275 2496 56 36 du
2377 2494 274 37 cléricalisme
2700 2501 81 38 que

1785 2540 143 47 j'aime
1949 2550 151 29 encore
2123 2540 141 39 mieux
2288 2539 206 38 admettre
2510 2537 101 49 qu'il
2631 2537 65 38 est
2722 2545 59 29 in-

1790 2586 163 37 nooent.
1979 2601 21 18 »

1834 2630 250 41 Seulement,
2111 2629 29 35 il
2159 2629 65 35 est
2240 2627 170 36 difficile
2423 2628 56 34 de
2505 2626 274 44 comprendre

1787 2681 52 28 en
1883 2674 97 40 quoi
2007 2673 39 37 le
2081 2673 61 36 cri
2173 2672 74 36 des
2282 2671 108 37 amis
2433 2679 54 28 ou
2531 2670 247 36 défenseurs

1785 2718 51 36 de
1874 2718 96 37 Zola
2008 2729 10 25 :
2054 2731 20 19 «
2105 2717 99 38 Vive
2241 2716 39 36 le
2317 2715 159 38 colonel
2501 2713 162 47 Picquart
2663 2713 55 47 1
2756 2728 20 20 »

1782 2763 66 34 est
1880 2763 136 35 moins
2051 2771 83 27 une
2178 2761 329 36 démonstration
2540 2761 51 34 de
2628 2759 148 37 milita-

1781 2805 130 35 risme
1918 2815 82 33 que
2011 2805 109 35 celui
2134 2805 65 35 de:
2211 2818 19 18 «
2246 2805 101 35 Vive
2360 2804 39 35 le
2407 2803 158 36 colonel
2575 2804 137 43 Henry
2725 2802 49 43 1»,

1780 2849 179 40 puisque
1989 2849 95 38 tous
2115 2848 109 38 deux
2249 2848 97 37 sont
2364 2847 196 37 officiers.

2246 2931 150 37 Henri
2423 2930 279 37 Rochefort.

1830 3090 62 41 De
1909 3089 43 41 la
1963 3087 145 43 Petite
2117 3086 271 56 République
2398 3096 17 32 :

1825 3172 210 37 Finissons
2062 3181 76 35 par
2156 3171 38 37 le
2217 3170 376 38 commandement.
2613 3169 157 38 L'Etat-

1778 3218 131 45 Major
1921 3217 9 35 1
1959 3217 288 45 L'Etat-Major.
2264 3236 45 7 —
2323 3217 149 44 simple
2480 3215 286 43 chancellerie,

1778 3274 24 26 a
1815 3264 128 41 dit,en
1968 3263 134 45 pleine
2122 3263 177 43 tribune,
2310 3263 48 36 M.
2388 3264 52 34 de
2458 3262 236 37 Tréveneuc
2721 3281 46 6 —

1777 3309 107 37 mais
1898 3319 105 27 nous
2020 3309 38 36 le
2075 3309 269 37 connaissons
2360 3307 270 37 maintenant.

1824 3356 110 36 Nous
1942 3363 153 29 savons
2113 3354 51 36 de
2174 3353 137 45 quelle
2330 3354 119 39 façon
2465 3352 60 37 les
2540 3353 158 37 secrets
2713 3352 51 36 de

1780 3401 40 36 la
1843 3400 170 36 défense
2027 3410 25 34 y
2071 3400 95 36 sont
2181 3409 51 27 en
2246 3398 153 37 sûreté.
2422 3399 174 44 Dreyfus
2611 3398 65 43 (de
2696 3397 72 37 l'é-

1780 3445 229 47 tat-major,
2021 3456 45 36 je
2080 3445 164 47 pense?)
2258 3445 65 37 est
2338 3444 229 38 condamné
2587 3454 105 38 pour
2705 3443 61 38 les

1778 3493 118 36 avoir
1915 3492 127 36 livrés
2061 3494 23 34 à
2103 3491 263 44 l'Allemagne
2382 3502 10 30 ;
2412 3501 53 26 on
2481 3500 149 26 accuse
2652 3491 114 35 Este-

1780 3537 140 42 rhazy,
1941 3536 195 36 l'homme
2159 3545 83 27 aux
2267 3549 19 17 «
2307 3535 130 36 belles
2469 3534 144 36 lettres
2629 3548 33 26 n,
2681 3534 85 38 d'a-

1778 3581 93 38 voir
1893 3580 105 37 écrit
2017 3580 73 37 des
2103 3579 255 39 bordereaux;
2367 3580 227 46 ;Picquart,
2611 3578 157 38 d'avoir

1779 3627 171 38 éventré
1968 3627 74 37 des
2071 3627 195 36 dossiers.
2296 3627 47 36 Et
2366 3636 70 26 ces
2463 3626 167 45 papiers
2663 3625 103 37 libé-

1777 3673 165 35 rateurs
1969 3673 202 34 revenant
2199 3681 53 25 au
2276 3670 157 36 bercail
2459 3672 103 34 dans
2580 3671 62 34 les
2673 3670 93 34 des-

1778 3725 101 26 sous
1896 3715 213 44 parfumés
2122 3715 76 36 des
2225 3715 143 35 dames
2385 3715 161 35 Voilées
2559 3714 18 34 ?
2595 3715 55 34 De
2669 3713 97 45 quel

1778 3760 90 36 côté
1896 3761 96 35 sont
2010 3759 60 37 les
2089 3759 236 46 coupables,
2347 3759 35 37 ie
2401 3769 53 27 ne
2473 3759 95 40 sais,
2590 3758 105 37 mais
2711 3759 53 35 où

1776 3806 124 46 qu'on
1919 3805 61 36 les
2000 3815 169 37 prenne,
2191 3804 183 47 lesquels
2405 3804 123 46 qu'on
2550 3804 213 42 choisisse,

1776 3851 51 35 ils
1859 3852 97 35 sont
1994 3851 189 45 toujours
2223 3851 53 34 de
2307 3851 276 44 FEtat-Major,
2615 3851 147 35 n'est-il

1776 3905 74 36 pas
1869 3895 117 36 vrai?
2784 3914 3 17 ;

1818 3941 49 35 Je
1886 3940 108 36 creis
2012 3949 83 34 que
2112 3938 136 37 même
2269 3948 107 34 pour
2392 3939 62 37 les
2477 3939 112 42 pires
2600 3937 163 43 sourds,

1775 3985 39 38 la
1839 4000 17 17 «
1877 3985 158 45 grande
2063 3985 157 37 muette
2237 3998 19 19 »
2290 3994 24 27 a
2341 3984 93 46 trop
2464 3983 127 46 parlé,
2623 3993 55 27 ou
2709 3982 55 37 du

1775 4031 136 37 moins
1928 4031 82 37 elle
2024 4041 24 27 a
2066 4030 96 46 trop
2178 4030 76 36 fait
2274 4030 142 38 parler
2426 4029 133 37 d'elle.
2585 4031 51 35 Sa
2660 4029 104 36 mise

1775 4078 23 35 &
1834 4077 40 35 la
1910 4076 182 37 réforme
2119 4077 183 44 figurera
2326 4075 302 36 certainement
2662 4075 102 35 dans

1775 4123 93 34 tous
1898 4122 61 34 les
1988 4129 304 38 programmes,
2339 4129 81 27 aux
2447 4120 201 36 élections
2674 4128 91 36 pro-

1775 4166 179 39 obaines.

2333 4229 121 36 Paul
2470 4230 224 35 Brousse.

1954 4400 596 78 L'ASSURANCE

1813 4577 129 39 Toute
1961 4586 207 37 personne
2186 4577 125 47 ayant
2324 4586 59 28 un
2402 4575 152 39 intérêt
2565 4576 26 38 à
2609 4575 41 39 la
2668 4585 94 29 con-

1770 4626 209 36 servation
2022 4625 122 37 d'une
2181 4624 124 37 chose
2349 4623 272 47 quelconque,
2662 4627 100 43 peut

1770 4671 211 41 l'assurer,
2002 4671 42 34 et
2074 4670 150 42 même,
2245 4669 104 35 dans
2373 4669 179 35 certains
2578 4677 82 33 cas,
2681 4670 80 34 doit

1769 4715 209 36 l'assurer.
2009 4715 107 34 Dans
2149 4713 251 36 l'assurance
2425 4714 143 34 contre
2592 4712 169 37 l'incen-

1769 4759 79 43 (lie,
1872 4770 47 25 ce
1944 4758 104 38 n'est
2067 4768 73 36 pas
2173 4757 232 38 seulement
2433 4757 38 38 le
2489 4757 270 48 propriétaire

1768 4807 71 44 qui
1858 4816 23 26 a
1896 4804 153 38 intérêt
2067 4815 25 27 à
2107 4814 48 27 ce
2171 4814 81 30 que
2267 4814 75 28 son
2363 4805 93 37 bien
2470 4825 44 6 —
2525 4804 165 38 meuble
2703 4815 55 27 ou

1769 4851 282 36 immeuble—
2068 4850 82 35 soit
2167 4851 159 40 assuré,
2348 4851 104 35 mais
2466 4860 149 26 encore
2636 4851 121 34 l'usu-

1768 4895 176 40 fruitier,
1962 4895 37 34 le
2018 4893 213 36 créancier
2239 4893 308 45 hypothécaire,
2562 4895 42 33 et
2619 4894 138 35 même

1765 4939 61 38 les
1846 4939 170 44 voisins,
2034 4938 164 37 ceux-ci
2217 4938 125 47 ayant
2357 4947 54 27 un
2425 4947 171 28 recours
2611 4939 144 37 contre

1763 4996 106 28 vous
1888 4986 33 37 si
1948 4985 39 38 le
2013 4985 67 38 feu
2106 4984 131 38 éclate
2273 4984 100 38 chez
2409 4994 103 28 vous
2543 4994 75 37 par
2636 4985 117 38 votre

1767 5032 111 36 faute
1892 5041 53 26 ou
1957 5031 283 44 imprudence.
2256 5031 58 36 On
2331 5032 181 35 s'assure
2521 5031 234 43 également

1764 5078 143 35 contre
1923 5075 62 37 les
2003 5077 166 45 risques
2188 5074 50 38 de
2259 5076 89 36 tout
2375 5085 125 35 genre
2521 5086 9 25 :
2549 5075 203 45 accident,

1763 5123 127 47 grèle,
1909 5121 86 38 bris
2013 5121 50 37 de
2080 5121 129 46 glace,
2227 5121 189 43 maladie,
2437 5122 79 36 etc.

1809 5180 54 34 De
1895 5179 92 34 tous
2030 5178 60 35 les
2123 5178 178 44 risques,
2317 5177 38 35 le
2389 5177 95 44 plus
2520 5180 232 39 menaçant,

1763 5222 107 38 celui
1883 5222 151 46 auquel
2055 5221 70 36 nul
2147 5231 51 27 ne
2224 5222 97 44 peut
2340 5231 44 26 se
2404 5223 239 41 soustraire,
2655 5223 100 37 c'est

1763 5267 39 38 la
1823 5269 121 35 mort.
1966 5268 38 36 Si
2031 5267 80 36 l'on
2143 5277 51 27 ne
2225 5269 99 45 peut
2349 5267 173 39 l'éviter,
2543 5267 53 36 du
2619 5270 134 36 moins

1763 5316 166 43 peut-on
1945 5324 51 26 en
2015 5313 193 37 atténuer
2225 5313 180 36 certains
2423 5313 327 44 inconvénients,

1761 5360 181 36 certains
1954 5359 191 44 dangers,
2155 5358 50 36 do
2223 5358 117 43 façon
2356 5359 23 36 il
2395 5368 46 26 ce
2456 5368 80 37 que
2553 5368 45 26 sa
2617 5368 135 30 venue

1761 5404 227 38 n'entraîne
2026 5415 72 35 pas
2131 5405 50 35 do
2219 5405 264 44 catastrophe
2516 5405 232 45 imprévue.

1759 5452 116 35 Aussi
1901 5451 191 35 Franklin
2129 5451 103 35 dit-i!
2255 5450 81 36 fort
2359 5450 231 44 justement
2608 5461 11 25 :
2654 5466 18 18 «
2692 5453 58 36 On

1758 5505 147 27 assure
1938 5496 196 42 maisons,
2159 5495 203 42 meubles,
2383 5497 165 36 navires
2579 5496 42 36 et
2640 5506 111 29 mar-

1757 5542 233 42 chandises,
2007 5543 40 35 et
2065 5541 37 37 le
2121 5541 98 37 chef
2228 5541 50 36 de
2299 5541 156 37 famille
2475 5541 162 47 néglige
2650 5544 101 37 d'as-

1757 5597 122 27 surer
1897 5597 45 26 sa
1963 5588 78 39 vie,
2064 5587 319 40 c'cst-à-dirc,dc
2410 5589 137 34 toutes
2568 5597 67 27 ses
2654 5599 97 33 pro-

1756 5633 210 44 priétés,la
1987 5632 94 45 plus
2101 5632 214 45 précieuse
2326 5634 42 34 et
2385 5641 53 27 en
2457 5631 137 37 même
2614 5634 137 43 temps

1755 5675 40 41 la
1812 5678 95 47 plus
1927 5677 209 37 menacée.
2159 5691 18 18 1)

1800 5735 128 37 Toute
1954 5743 208 38 personne
2193 5735 185 45 pouvant
2408 5732 195 48 s'obliger
2625 5733 126 47 régu-

1757 5780 222 37 lièrement
2018 5781 100 45 peut
2149 5781 235 35 contracter
2420 5789 81 27 une
2525 5789 225 27 assurance

1756 5837 74 25 sur
1856 5827 39 35 la
1914 5826 66 37 vie
1995 5837 11 30 ;
2027 5827 114 35 toute
2163 5825 151 36 femme
2333 5826 126 44 ayant
2483 5825 39 35 la
2542 5825 104 36 libre
2665 5825 85 36 dis-

1758 5872 178 43 position
1956 5871 51 35 de
2026 5880 47 26 sa
2094 5870 164 35 fortune
2274 5872 112 43 peut,
2394 5879 72 35 par
2479 5869 269 46 conséquent,

1757 5927 45 26 se
1824 5917 103 35 faire
1944 5924 170 28 assurer
2132 5915 25 35 à
2181 5914 97 37 telle
2297 5923 54 27 ou
2373 5914 95 36 telle
2488 5915 259 45 compagnie,

1757 5963 25 34 à
1808 5961 119 34 telles
1955 5969 54 26 ou
2027 5960 119 35 telles
2161 5959 238 35 conditions
2417 5959 98 45 qu'il
2536 5960 56 35 lui
2608 5960 140 44 plaira.

1758 6006 52 34 Le
1838 6004 104 35 mari
1977 6005 99 42 peut
2100 6003 235 35 contracter
2354 6012 80 26 une
2453 6012 224 27 assurance
2697 6013 53 26 au

1760 6048 123 45 profit
1919 6047 51 37 de
2000 6057 46 26 sa
2078 6046 165 42 femme,
2275 6046 51 38 de
2359 6057 68 27 ses
2469 6048 165 37 enfants
2661 6048 86 37 nés.

1757 6096 111 33 Vous
1890 6103 158 26 pouvez
2067 6092 101 36 faire
2196 6103 55 25 un
2272 6093 163 36 contrat
2463 6103 53 27 au
2546 6094 123 44 profit
2698 6095 51 35 de

1760 6138 220 43 n'importe
2033 6137 137 45 quelle
2208 6147 219 35 personne,
2465 6147 161 36 pourvu
2669 6148 82 35 que

1758 6183 111 35 cette
1891 6191 205 36 personne
2110 6192 25 36 y
2155 6182 57 36 ait
2228 6183 200 36 consenti.

1805 6228 135 42 Qu'est
1959 6237 81 37 (lue
2058 6227 284 37 l'Assurance?
2361 6242 17 18 «
2399 6229 271 37 L'Assurance
2686 6230 64 36 est

1758 6287 20 18 f
1806 6283 54 27 un
1882 6274 162 35 contrat
2077 6283 75 35 par
2178 6273 136 46 lequel
2342 6273 83 37 l'un
2458 6273 74 37 des
2566 6276 184 35 contrao-

1759 6332 19 18 «
1807 6320 110 33 tants
1936 6328 45 26 se
2013 6319 151 43 charge
2183 6318 73 35 des
2294 6319 162 44 risques
2475 6319 74 35 des
2570 6329 69 25 cas
2671 6320 78 34 for-

1759 6376 19 17 «
1806 6363 42 35 tu
1855 6364 53 34 ils
1934 6362 202 45 auxquels
2166 6371 82 27 une
2273 6363 124 35 chose
2433 6364 64 34 est
2515 6363 235 45 exposée,et

1759 6421 17 18 «
1805 6407 170 44 s'oblige
1994 6415 150 29 envers
2169 6407 145 38 l'autre
2334 6408 258 37 contractant
2610 6409 24 36 à
2658 6407 91 38 l'in-

1757 6468 19 17 «
1804 6453 212 36 demniser
2031 6453 50 36 de
2110 6453 38 36 la
2169 6454 115 43 perte
2310 6463 81 35 que
2411 6453 56 37 lui
2489 6455 260 36 causeraient

1758 6512 18 17 ci
1802 6507 70 26 ces
1909 6507 71 26 cas
2012 6498 167 35 fortuits
2227 6497 86 37 s'ils
2358 6507 44 27 se
2451 6498 295 46 produisaient,

1756 6557 18 20 «
1802 6544 255 46 moyennant
2091 6552 80 28 une
2208 6552 160 29 somme
2405 6552 82 38 que
2520 6543 145 39 l'autre
2688 6543 60 39 lui

1754 6605 20 18 «
1800 6590 150 45 donne,
1970 6599 56 29 ou
2045 6589 173 47 s'oblige
2235 6591 27 36 à
2299 6589 58 39 lui
2377 6590 173 45 donner,
2576 6600 107 37 pour
2708 6589 40 40 le

2856 686 143 48 «"pâli
3011 686 83 42 des
3105 687 169 47 risques
3283 688 103 41 dont
3391 686 41 44 H
3444 696 53 32 m
3509 686 171 48 nbMW.
3694 698 21 22 »
3728 685 124 49 AMgg

2858 733 211 46 8'expriBM
3069 733 191 46 .Potier
3275 735 105 41 dans
3397 744 78 31 son
3493 733 359 46 Traitéduarném

2858 781 47 37 de
2921 783 258 36 rAsmnmce.
3810 779 42 45 ^

2903 826 53 36 La
2981 827 205 36 pramière
3203 827 252 38 Compagnie
3482 826 266 37 d'assuimao*
3773 823 79 38 9m

2859 868 147 38 fondée
3023 878 52 29 en
3093 870 167 43 France,
3275 880 53 29 en
3344 863 94 47 wiB
3452 870 56 43 {je
3525 879 53 30 ne
3597 867 152 46 prends
3767 866 85 47 pfg

2857 923 53 30 en
2924 914 307 41 eeeaidération
3255 915 43 40 la
3312 917 162 43 Mvale,
3499 914 147 41 fondée
3669 922 53 30 en
3749 911 103 42 iW

2857 961 43 39 et
2931 961 238 42 supprimée
3201 972 53 30 en
3279 964 33 39 1
3312 964 83 39 M',
3419 970 76 31 sar
3529 961 40 40 le
3595 959 162 41 modèle
3784 970 57 33 m

2857 1001 231 50 YEqynibbc
3096 1008 197 38 anglaise,
3305 1008 126 38 basée
3445 1016 74 29 sur
3535 1007 41 38 le
3591 1005 183 46 système
3780 1003 72 42 d#i

2858 1053 169 37 partage
3044 1051 74 39 des
3148 1053 204 36 bénéfloes
3369 1053 118 35 entre
3503 1050 276 37 actionnaires
3795 1051 57 38 m'

2856 1096 182 40 &&Ulrés
3060 1097 54 39 Ce
3145 1097 196 45 système,
3360 1096 71 47 qui
3454 1104 178 39 procure
3655 1093 53 39 de
3740 1088 111 54 gwaé-,

2857 1143 207 40 bénéfices
3080 1154 80 28 aux
3178 1145 274 38 actionnaires
3467 1143 46 39 et
3536 1142 74 39 fait
3633 1149 129 37 payer

2856 1191 129 38 fortes
3003 1191 155 42 primes
3183 1201 80 27 aux
3289 1189 182 44 assurés,
3487 1186 233 47 justement
3746 1184 90 41 aftl

2854 1234 53 36 de
2921 1235 185 36 garantir
3122 1245 70 26 ces
3210 1235 218 35 bénéfices,
3446 1232 66 38 est
3533 1232 119 36 battu
3667 1239 53 28 en
3737 1232 101 34 brè-

2853 1270 171 47 cheipar
3040 1278 62 36 les
3116 1278 250 36 mutualités,
3378 1278 58 35 où
3447 1279 93 34 tous
3558 1275 60 36 les
3629 1272 208 39 bénéfieet

2854 1323 100 37 sont
2968 1322 189 43 partagés
3169 1323 118 37 entre
3296 1321 62 39 les
3365 1320 186 40 Assurés,
3567 1327 47 30 ce
3632 1317 85 47 qui,
3738 1315 98 42 d'us

2853 1367 103 43 côté,
2974 1367 187 38 diminue
3175 1367 41 38 la
3234 1368 132 45 prime
3392 1368 25 36 à
3435 1374 140 39 payer,
3596 1363 52 39 de
3675 1363 157 44 Fautas

2851 1413 221 37 augmente
3087 1412 103 36 celle
3213 1413 25 35 à
3256 1412 196 36 recevoir.
3849 1414 3 34 j

2896 1455 76 36 Les
2996 1463 246 28 assurances
3274 1457 99 35 sont
3403 1455 135 42 régies
3558 1461 76 36 par
3651 1451 40 38 la
3706 1450 55 38 lot
3773 1449 61 39 de

2851 1499 45 39 24
2909 1497 140 48 juillet
3067 1501 100 42 1867,
3185 1498 39 40 le
3244 1499 142 40 décret
3402 1499 55 40 du
3476 1501 46 37 22
3537 1496 167 47 janvier
3729 1495 102 48 t-

2851 1546 159 38 relatifs
3024 1556 54 28 au
3107 1545 229 44 règlement
3363 1544 373 40 d'administration
3754 1551 79 36 pu-

2850 1591 140 41 blique
2999 1600 107 32 pour
3118 1592 40 35 la
3169 1591 268 37 constitution
3451 1590 76 35 des
3543 1588 176 37 sociétés
3730 1588 101 37 dmt-

2848 1643 190 36 suraoce,
3052 1636 48 36 et
3117 1643 76 39 par
3206 1633 172 39 l'article
3390 1634 47 37 37
3458 1632 58 37 du
3531 1630 107 39 Code
3649 1631 183 37 de.....

2848 1689 152 28 meroe.

2891 1725 74 37 Les
2984 1723 268 45 dispositions
3281 1721 253 47 législatives
3550 1721 95 38 sont
3661 1730 53 29 en
3733 1729 98 39 par-

2851 1769 56 38 tie
2925 1769 258 45 remplacées
3203 1778 76 36 par
3293 1768 61 38 les
3367 1767 144 47 polices
3528 1767 299 45 d'assurances,

2846 1815 223 36 lesquelfes
3098 1814 157 37 polices
3278 1813 252 38 constituent
3547 1821 81 28 une
3644 1813 115 36 morte
3772 1813 56 37 de

2844 1849 232 56 règlement
3096 1863 28 35 à
3136 1858 155 48 I-Wffl
3307 1857 53 39 de
3377 1857 225 39 l'a»ureur
3611 1857 45 36 et
3666 1855 54 38 de
3731 1854 96 39 ras-

2842 1905 112 40 suré.

2889 1953 99 37 Mais
3029 1953 61 37 les
3137 1961 269 30 assurances,
3442 1959 77 34 par
3559 1947 88 39 cela
3686 1945 138 39 même

2838 1997 177 42 jp'elles
3041 2007 46 27 se
3107 1997 210 42 prêtentàt
3336 1995 104 41 tout,
3457 1994 98 37 sont
3573 1991 249 46 complexes,

2871 2043 10 35 i
2885 2051 154 28 verses,
3056 2041 212 39 multiples
3280 2041 42 35 et
3338 2038 252 38 demandent
3607 2045 81 28 une
3695 2038 128 33 étude

2840 2086 282 39 approfondie,
3143 2084 212 36 attentive,
3383 2082 123 38 basée
3535 2090 73 28 sur
3639 2080 73 36 des
3738 2079 84 36 tra-

2839 2139 108 29 vaux
2965 2131 243 37 techniques
3235 2130 42 36 et
3310 2127 241 38 minutieux.
3581 2124 105 37 C'est
3714 2124 108 36 cette

2839 2175 123 37 étude
2979 2184 82 29 que
3072 2172 305 41 j'entreprends
3392 2171 65 37 ici.
3469 2171 47 36 Je
3528 2179 52 28 ne
3595 2167 225 46 négligerai

2839 2219 89 37 rien
2949 2228 106 28 pour
3077 2218 149 37 rendre
3254 2216 180 42 complet
3468 2215 43 37 et
3533 2212 225 40 accessible
3796 2213 26 36 à

2839 2265 94 36 tous
2966 2264 198 37 l'examen
3205 2262 74 37 des
3316 2261 139 38 divers
3487 2258 146 39 modes
3665 2257 155 38 d'assu-

2837 2319 123 27 rance
2982 2311 42 35 et
3051 2308 53 37 de
3122 2307 92 37 leur
3241 2306 263 43 application,
3525 2305 43 38 et
3589 2313 105 34 pour
3713 2303 108 36 tenir

2836 2363 76 28 nos
2930 2355 178 36 lecteurs
3135 2362 53 28 au
3213 2353 173 36 courant
3415 2351 73 36 des
3519 2348 299 39 modifications

2835 2409 54 26 ou
2907 2398 309 36 améliorations
3235 2397 72 41 qui
3337 2406 45 26 se
3409 2395 241 41 produisent
3668 2402 53 27 au
3752 2392 67 37 fur

2834 2444 42 33 et
2893 2444 26 32 à
2933 2450 167 27 mesure
3124 2441 172 45 qu'elles
3311 2439 215 35 entreront
3542 2447 51 25 en
3613 2437 203 44 pratique.

2877 2485 48 35 Je
2955 2484 39 36 le
3020 2483 155 41 répète,
3201 2483 251 35 l'assurance
3481 2481 108 35 n'est
3613 2479 95 41 plus
3735 2487 82 27 une

2834 2528 153 41 charge,
3007 2527 43 38 ni
3097 2526 137 39 même
3278 2534 82 30 une
3399 2523 221 43 obligation,
3655 2530 161 32 comme

2834 2574 192 37 l'avaient
3045 2573 118 37 créée
3177 2573 61 37 les
3257 2570 203 45 premiers
3484 2569 241 38 fondateurs
3742 2568 74 38 des

2834 2619 264 40 compagnies
3122 2620 27 34 à
3166 2618 181 37 actions;
3361 2615 79 36 elle
3458 2615 66 35 est
3548 2614 187 36 devenue
3758 2623 57 26 un

2834 2663 220 43 placement,
3077 2671 105 35 pour
3201 2659 135 47 lequel
3357 2658 159 37 chacun
3535 2658 99 45 peut
3652 2665 162 28 conser-

2834 2717 70 27 ver
2919 2717 45 27 sa
2975 2706 324 44 liberté,comme
3312 2713 55 29 un
3382 2705 157 35 rentier
3547 2705 51 35 de
3615 2705 117 34 l'Etat
3753 2705 62 33 est

2834 2752 100 36 libre
2959 2753 51 35 de
3035 2752 156 36 vendre
3211 2761 75 26 son
3314 2749 257 44 inscription,
3592 2749 104 35 mais
3714 2757 100 27 avec

2834 2799 61 32 cet
2910 2797 203 39 avantage
3127 2805 81 31 que
3218 2805 46 26 ce
3276 2793 234 43 placement
3518 2794 212 42 comporte
3741 2792 74 35 des

2834 2835 234 41 dividendes
3087 2841 143 36 etque,
3250 2840 26 35 à
3293 2847 82 28 une
3397 2836 161 45 époque
3575 2837 53 35 où
3659 2835 40 37 le
3718 2835 97 37 taux

2834 2885 44 36 Je
2894 2884 180 37 l'intérêt
3099 2885 185 36 diminue
3312 2883 52 36 de
3391 2882 96 44 plus
3511 2890 52 27 en
3593 2880 108 41 plus,
3720 2880 94 37 l'as-

2834 2929 90 37 suré
2944 2939 45 27 se
3019 2929 147 37 trouve
3189 2928 104 37 ainsi
3329 2929 29 36 à
3373 2926 13 38 1
3400 2927 91 37 abri
3526 2925 98 38 d'un
3653 2926 162 37 amoin-

2834 2975 243 35 irissement
3091 2975 56 35 du
3169 2982 170 28 revenu.

2868 3020 48 35 Je
2935 3019 89 36 dois
3037 3019 194 36 toutefois
3246 3016 193 45 prévenir
3455 3025 81 35 que
3544 3015 46 44 je
3601 3014 214 38 n'entends

2834 3073 183 28 nommer
3026 3074 161 28 aucune
3202 3063 258 45 compagnie,
3477 3061 82 38 afin
3578 3060 52 38 de
3647 3071 51 27 ne
3717 3061 98 37 don-

2839 3121 61 26 1cr
2926 3119 161 29 aucune
3118 3110 110 46 prise
3253 3119 54 28 au
3332 3107 189 39 moindre
3555 3116 184 37 soupçon
3763 3106 50 37 de

2834 3156 186 33 .éctnme.

3508 3198 236 38 PRUDENCE.

2900 3356 324 128 FAITS
3276 3356 408 124 DIVERS

2863 3565 53 37 Le
2940 3562 136 43 préfet
3094 3562 50 36 de
3171 3561 134 41 police
3333 3561 117 37 vient
3473 3559 233 39 d'adresser
3726 3567 84 28 aux,

2819 3609 308 39 commissaires
3151 3608 51 37 de
3227 3607 132 47 police
3391 3606 39 38 la
3469 3605 219 38 circulaire
3721 3603 86 39 sui-

2818 3657 125 36 vante
2961 3666 9 24 :

2865 3714 18 16 «
2903 3700 46 35 Je
2970 3698 180 39 prescris
3169 3699 25 33 à
3205 3697 40 35 la
3265 3696 132 39 police
3416 3693 249 42 municipale
3683 3693 52 35 de
3753 3701 52 27 ne

2819 3743 95 38 plus
2943 3743 199 36 remettre
3173 3750 56 27 en
3266 3739 160 42 liberté,
3447 3748 97 28 sans
3570 3738 108 36 suite
3693 3736 112 45 judi-

2818 3789 138 38 ciaire,
2978 3785 60 38 les
3069 3786 318 37 contrevenants
3407 3784 70 42 qui
3505 3783 95 37 sont
3614 3780 190 39 conduits

2816 3845 54 26 au
2884 3835 117 38 poste
3020 3841 104 30 pour
3138 3831 117 37 avoir
3271 3829 244 37 occasionné
3531 3829 55 35 du
3605 3826 197 37 désordre

2817 3880 103 34 dans
2940 3879 39 34 la
2998 3887 88 25 rue.
3106 3877 108 34 Pour
3244 3874 62 36 les
3331 3873 157 37 mêmes
3509 3873 174 41 raisons,
3696 3872 106 44 j'ap-

2819 3923 106 37 pelle
2945 3923 119 33 votre
3083 3920 202 36 attention
3301 3927 74 27 sur
3394 3918 38 35 la
3451 3916 203 38 nécessité
3669 3916 135 35 d'exa-
3817 3931 4 21 ;

2819 3968 135 34 miner
2967 3965 51 37 de
3036 3965 84 36 très
3140 3964 94 42 près
3265 3962 39 38 la
3335 3963 195 36 situation
3554 3961 50 38 de
3623 3961 95 37 tous
3743 3959 59 37 les

2816 4012 265 36 délinquants
3098 4019 79 28 mis
3186 4011 28 36 à
3228 4010 120 36 votre
3367 4008 243 39 disposition
3629 4007 42 36 et
3686 4005 50 37 de
3749 4014 51 27 ne

2817 4059 61 37 les
2895 4046 163 48 relaxer
3085 4056 191 41 qu'après
3309 4054 118 37 avoir
3445 4051 357 46 rigoureusement

2817 4103 197 39 contrôlé,
3041 4102 80 35 soit
3147 4111 77 31 par
3248 4098 277 42 vous-même,
3554 4098 81 36 soit
3667 4106 72 36 par
3763 4096 39 35 le

2817 4146 284 39 commissaire
3137 4141 50 40 de
3224 4144 133 41 police
3390 4143 52 36 de
3471 4143 92 36 leur
3601 4141 198 44 quartier,

2817 4194 113 38 leurs
2946 4191 276 38 déclarations
3240 4199 52 28 au
3309 4188 117 49 point
3438 4188 52 38 de
3509 4196 80 32 vue
3599 4183 51 41 de
3662 4185 140 39 l'iden-

2816 4241 76 37 tité
2908 4240 43 37 et
2967 4239 50 36 de
3043 4237 205 39 domicile.

3180 4307 19 18 «
3218 4292 140 44 Signé:
3377 4291 168 37 Charles
3566 4292 149 34 BLANC.
3737 4303 19 17 »

2861 4364 52 34 LE
2937 4369 253 34 QUADRUPLE
3215 4367 173 31 SUICIDE.
3423 4378 44 6 —
3496 4358 53 38 La
3584 4355 116 39 levée
3729 4352 73 39 des

2814 4419 124 34 corps
2957 4407 50 37 de
3026 4408 41 36 la
3086 4405 155 38 famille
3272 4404 184 39 Hincelin
3485 4414 26 27 a
3540 4411 53 29 eu
3613 4401 83 40 lieu
3712 4401 90 37 hier

2816 4454 142 40 matin,
2975 4455 24 33 à
3017 4452 102 36 neuf
3140 4452 164 35 heures.

2862 4497 176 36 Environ
3049 4497 115 38 '6,000
3179 4503 227 36 personnes
3418 4491 295 38 stationnaient
3727 4498 75 28 rue

2814 4543 42 36 et
2874 4542 181 44 impasse
3077 4538 315 38 Saint-Charles.

2859 4588 51 36 Le
2927 4586 147 38 convoi
3095 4584 106 38 suivi
3235 4593 76 33 par
3341 4583 173 38 environ
3541 4583 68 36 200
3628 4588 174 36 person-

2813 4644 87 28 nes,
2913 4633 133 39 parmi
3068 4631 222 40 lesquelles
3309 4640 45 26 se
3374 4628 182 38 trouvait
3577 4629 49 35 M.
3646 4625 153 44 Daniel,

2814 4678 220 36 conseiller
3052 4676 225 40 municipal
3305 4675 56 35 du
3392 4675 186 40 quartier
3601 4673 51 34 de
3671 4671 129 40 Javel,

2813 4723 98 36 s'est
2949 4721 131 41 dirigé
3123 4729 75 33 par
3233 4720 61 35 les
3336 4725 98 29 rues
3471 4717 51 35 de
3567 4715 161 45 l'Eglise
3761 4715 42 35 et

2811 4769 50 37 de
2887 4765 304 41 l'Abbé-Groult
3225 4773 97 31 vers
3363 4762 39 39 le
3424 4761 212 40 cimetière
3655 4761 52 38 de
3725 4761 78 37 Ba-

2809 4824 149 38 gneux.

2854 4861 31 35 11
2905 4861 67 43 n'y
2989 4869 25 25 a
3029 4867 53 27 eu
3101 4865 137 28 aucun
3254 4855 196 37 incident.

2854 4937 177 37 SUICIDE.
3066 4953 46 7 —
3131 4933 94 37 Hier
3249 4931 98 43 soir,
3374 4930 24 38 à
3433 4929 94 47 sept
3557 4929 163 45 heures,
3749 4929 49 37 M.

2807 4984 149 38 Hector
2983 4981 192 42 Tedesco,
3211 4978 111 46 sujet
3355 4971 245 48 autrichien,
3639 4975 77 47 âgé
3749 4975 50 38 de

2807 5032 46 32 46
2871 5039 88 29 ans,
2984 5028 99 35 s'est
3110 5025 158 37 suicidé
3287 5024 104 36 dans
3419 5033 47 26 sa
3492 5023 211 41 chambre,
3723 5031 76 27 rue

2806 5074 51 36 de
2876 5074 52 36 La
2943 5071 392 41 Tour-d'Auvergne,
3356 5070 46 35 30
3431 5068 72 42 bis,
3525 5077 52 25 en
3609 5077 45 26 se
3672 5067 128 36 tirant

2804 5120 110 37 deux
2930 5127 130 36 coups
3093 5116 51 36 de
3177 5114 193 38 revolver
3389 5114 25 37 à
3441 5113 39 37 ia
3497 5113 137 46 tempe
3649 5112 148 38 droite.

2852 5167 52 34 La
2925 5164 109 35 mort
3049 5172 23 26 a
3089 5161 66 37 été
3174 5160 274 37 instantanée.

2852 5210 48 35 M.
2932 5208 148 36 Hector
3113 5206 178 36 Tedesco
3321 5203 227 45 s'occupait
3578 5203 220 44 beaucoup

2805 5254 205 37 d'affaires
3029 5252 51 36 de
3101 5252 150 36 bourse
3265 5250 41 37 et
3330 5259 54 26 on
3401 5248 179 37 attribue
3599 5257 47 27 sa
3673 5247 124 37 fatale

2803 5299 231 39 résolution
3084 5299 25 34 à
3155 5297 73 36 des
3287 5294 282 48 spéculations
3613 5292 185 38 malheu-

2806 5355 161 28 reuses.

2843 5429 145 28 TRIPLE
3002 5425 312 31 ARRESTATION.
3336 5436 46 7 —
3403 5417 53 36 La
3476 5413 246 45 compagnie
3740 5412 56 36 du

2804 5464 166 38 chemin
3000 5465 50 34 de
3084 5464 61 35 fer
3165 5463 55 35 du
3246 5461 106 37 Nord
3392 5459 234 41 constatait,
3649 5457 147 46 depuis

2803 5511 182 41 quelque
3004 5511 147 37 temps,
3171 5508 51 36 de
3238 5506 234 38 nombreux
3487 5503 93 39 vols
3593 5504 26 35 à
3643 5501 40 38 la
3697 5511 99 37 gare

2803 5568 81 26 aux
2897 5557 205 36 charbons
3116 5555 50 35 de
3187 5554 38 36 la
3242 5551 206 46 Chapelle.

2848 5605 32 31 A
2909 5601 41 34 la
2976 5601 110 35 suite
3123 5599 121 35 d'une
3281 5594 278 38 surveillance
3585 5593 135 36 aotive
3755 5592 40 36 le

2804 5644 285 39 commissaire
3105 5641 154 42 spécial
3273 5641 51 36 de
3336 5641 38 35 la
3391 5648 99 34 gare
3502 5638 116 37 vient
3635 5635 52 36 de
3702 5645 93 37 pro-

2799 5691 128 35 céder
2959 5691 24 35 à
3023 5687 278 37 l'arrestation
3336 5685 50 35 de
3427 5682 103 37 trois
3563 5690 251 36 personnes,

2802 5737 135 35 prises
2957 5743 51 26 en
3026 5733 179 33 flagrant
3217 5730 101 36 délit
3335 5739 12 25 :
3368 5737 47 27 ce
3434 5728 96 36 sont
3547 5725 125 37 celles
3690 5725 51 37 de
3755 5726 39 36 la

2806 5782 151 30 femme
2983 5778 159 34 Muller,
3164 5774 246 38 demeurant
3420 5773 24 37 à
3458 5771 248 39 Saint-Ouen
3718 5783 9 25 :
3743 5771 49 39 de
3807 5792 7 27 ;

2802 5824 222 43 Arachard,
3045 5823 77 45 âgé
3138 5823 64 44 de.
3213 5823 41 35 15
3273 5829 89 37 ans,
3383 5820 43 36 et
3442 5818 184 44 Gariner,
3648 5817 76 47 âgé
3742 5818 51 37 de

2804 5874 43 35 17
2866 5880 89 27 ans.

2850 5917 107 36 Tous
2974 5912 105 39 trois
3093 5913 72 38 ont
3184 5911 65 38 été
3269 5909 182 49 envoyés
3469 5919 53 27 au
3541 5908 137 48 dépot.
3806 5908 7 60 [

2847 5994 59 35 EN
2931 5999 154 29 RAISON
3121 5998 52 27 DE
3201 5989 204 36 L'UTILITÉ
3427 5996 77 28 D'RB
3543 5994 172 29 RAYONS
3749 5995 41 33 X,
3805 5971 7 60 j

2804 6047 106 30 pour
2929 6036 38 37 le
2987 6034 229 39 diagnostic
3234 6033 74 37 des
3326 6032 201 38 maladies
3551 6031 186 37 internes
3750 6030 62 38 et

2804 6079 61 41 les
2896 6082 238 40 opérations
3160 6079 313 43 chirurgicales,
3495 6079 49 36 M.
3568 6076 169 45 Dufayél
3764 6086 26 27 a
3806 6079 5 35 I

2801 6128 119 38 prêté
2941 6137 81 25 une
3039 6126 153 40 galerie
3209 6125 51 35 de
3280 6134 68 26 ses
3368 6123 209 43 magasins
3595 6124 25 34 à
3649 6121 163 45 Flnsti-j

2803 6173 64 36 tut
2884 6168 348 45 radiographique
3251 6168 50 37 de
3326 6169 163 42 France,
3507 6167 72 46 qui
3610 6175 29 38 y
3662 6176 24 27 a
3707 6165 105 48 ins-j

2801 6217 99 38 tallé
2934 6226 54 27 un
3038 6216 164 36 cabinet
3254 6213 161 38 modèle
3465 6212 51 37 de
3563 6212 228 44 radiologie
3803 6219 8 27 t

2801 6262 213 38 médicale.
3051 6262 52 36 Ce
3140 6260 175 42 cabinet,
3336 6267 164 38 pourvu
3531 6258 75 36 des
3641 6257 167 42 instru-1

2801 6310 137 34 ments
2982 6308 60 36 les
3076 6308 94 40 plus
3202 6305 319 43 perfectionnés,
3538 6305 65 34 est
3640 6304 150 35 ouvert
3803 6306 4 32 i

2802 6355 96 33 tous
2933 6353 58 34 les
3015 6352 165 40 matins,
3214 6351 50 34 de
3299 6349 104 37 neuf
3434 6350 25 34 à
3487 6357 103 27 onze
3623 6347 183 43 heures,

2802 6406 105 38 pour
2926 6396 60 38 les
3003 6395 194 38 docteurs
3217 6395 41 37 et
3275 6393 63 39 les
3359 6392 198 39 malades.

2846 6455 78 36 LES
2949 6460 373 30 MANIFESTATIONS.
3355 6452 95 35 —A
3477 6449 39 37 la
3531 6447 130 38 sortie
3672 6447 52 36 de
3749 6445 54 37 la;

2800 6498 176 36 réunion
2992 6497 74 35 des
3097 6496 172 36 comités
3303 6493 301 44 plébiscitaires
3629 6492 39 36 la
3696 6490 80 47 plu-
3776 6490 33 47 1

2801 6544 93 44 part
2909 6543 73 36 des
3013 6541 287 38 manifestants
3332 6549 46 30 se
3412 6539 95 39 sont
3528 6535 182 48 groupés
3737 6543 69 30 en.

2801 6590 133 37 criant
2951 6600 9 25 :
2981 6589 99 37 Vive
3100 6587 269 49 l'Empereur.

3877 657 371 66 ^wb-agented^
4264 684 67 39 VI*
4339 680 477 43 arrondiaaMMnt,eou8
4832 678 42 42 le

3879 721 207 51 tfgÉpbite
4093 731 97 40 d'un
4206 724 161 46 officier
4379 728 52 41 de
4446 728 107 43 paix,
4560 728 75 40 ont
4640 727 57 41 dû
4705 725 67 42 les
4785 726 86 40 dis-

3877 770 173 49 jHnar.
4075 778 96 39 Huit
4205 776 159 40 d'entre
4397 786 93 33 eux,
4519 776 133 43 parmi
4688 774 182 45 lesquels

3877 818 247 37 Sr^fortier
4141 822 138 33 Maire,
4290 821 160 34 avocat,
4461 818 319 37 vice-président
4794 819 75 36 des

3877 853 191 51 Imités
4085 865 291 42 plébisotudm,
4382 863 96 41 sont
4494 863 68 38 été
4583 863 172 44 arrèLM,
4774 864 95 43 puis
4875 883 3 3 .

3887 906 190 45 tejMgbés
4095 920 178 31 presque
4283 908 176 41 aussitôt
4473 917 75 31 sur
4564 908 304 41 l'intervention

3888 950 121 44 de*,
4031 954 37 40 le
4095 949 130 48 baron
4245 958 172 47 Legoux.

3900 997 292 45 -HHwwftonao«.
4206 1024 44 7 —
4265 1005 89 37 On&
4364 1002 127 38 retiré
4497 1003 103 42 hier,
4608 1011 97 30 vers
4718 1002 148 45 quatre
4884 997 3 43 i

3887 1049 166 38 WMB'es,
4083 1047 52 37 de
4161 1048 40 37 la
4229 1048 132 40 Seine,
4388 1056 55 28 au
4472 1048 97 42 quai
4590 1047 54 37 de
4672 1048 138 41 Passy,
4826 1046 41 37 le

3884 1089 128 42 ffcfepe
4025 1089 123 41 d'une
4166 1092 154 38 femme
4330 1100 119 30 assez
4465 1090 96 41 bien
4579 1091 117 40 mise,
4713 1090 153 42 paraia-

3886 1130 97 48 JNit
4008 1134 115 49 Agée,
4150 1139 145 39 autant
4314 1147 86 36 que
4434 1147 77 31 son
4534 1137 141 46 visage
4697 1136 169 40 liléHo-

3886 1182 206 40 ."",l)le
4109 1184 239 38 permettait
4367 1184 51 38 de
4431 1184 136 38 juger,
4587 1184 53 37 de
4663 1182 202 40 quarante

3885 1222 27 39 &
3941 1229 315 38 ",rante-oinq
4287 1238 91 27 <HM.
4408 1228 87 37 Mie
4523 1228 112 37 avait
4661 1221 105 42 dans
4788 1233 78 29 son

3881 1266 205 43 &Ht<iroit
4103 1280 54 27 un
4176 1272 327 37 porte-monnate
4520 1270 224 38 contenant
4757 1270 45 34 13
4808 1267 56 37 fr.

3877 1308 177 43 «tdsux
4084 1317 135 37 caries
4242 1315 51 38 de
4323 1315 121 38 visite
4466 1323 56 30 au
4553 1322 99 30 nom
4677 1311 53 40 de
4757 1312 109 38 Mme

3882 1353 189 51 Iletftiier,
4088 1363 56 42 11,
4164 1371 74 29 rue
4255 1360 176 45 Clauzel,
4450 1361 44 38 et
4511 1359 143 40 Emilie
4670 1359 192 46 Presna"

3882 1404 60 41 Sfk
3958 1410 77 31 rue
4053 1405 51 36 de
4119 1407 159 44 Naples.

4137 1512 211 43 Autour
4375 1510 71 43 de
4480 1507 156 44 Paris

3922 1596 61 40 Zn
4003 1600 200 36 kCYST$RB
4243 1608 58 28 DU
4331 1605 197 30 CHATEAU
4559 1605 54 27 DE
4648 1596 151 36 Bibum.
4818 1613 47 9 —

3874 1635 101 45 Hier
3994 1642 145 41 matin,
4165 1641 74 37 des
4262 1640 222 38 mariniers
4513 1639 261 37 ramenaient
4790 1646 76 29 sur

3879 1685 42 39 la
3934 1682 126 44 beige
4077 1686 98 40 près
4198 1685 57 38 du
4273 1684 174 39 château
4465 1683 52 37 de
4533 1682 147 44 Bécon,
4701 1682 26 37 à
4741 1683 123 36 Cour-

3879 1729 157 43 beteie,
4053 1731 41 37 le
4106 1729 178 41 cadavre
4301 1728 122 39 d'une
4432 1727 131 45 jeune
4582 1727 152 38 femme
4761 1725 102 47 âgée

3879 1771 213 45 d'environ
4110 1775 228 43 vingt-cinq
4362 1783 89 35 ans,
4479 1772 85 40 très
4584 1772 102 46 jolie
4701 1772 46 37 et
4765 1780 97 38 por-

3879 1821 89 37 tant
3992 1825 54 32 au
4062 1828 79 29 cou
4162 1821 46 36 et
4223 1821 29 36 à
4282 1818 177 39 l'arcade
4486 1817 242 39 souxcilière
4754 1817 109 37 deux

3877 1863 221 46 profondes
4113 1863 211 40 blessures
4335 1863 85 46 qui,
4428 1862 163 45 d'après
4608 1871 57 29 un
4681 1861 182 48 premier

3874 1919 185 35 examen,
4079 1910 193 39 devaient
4286 1909 197 45 provenir
4490 1910 52 38 de
4552 1918 128 33 coups
4696 1908 52 38 de
4759 1916 101 30 cou-

3875 1958 108 36 teau.
4002 1956 88 37 Elle
4109 1957 99 36 était
4225 1957 106 37 mise
4357 1966 103 32 avec
4484 1964 82 28 une
4590 1955 156 45 grande
4775 1953 85 38 élé-

3873 2009 142 34 gance,
4024 1999 79 38 elle
4118 2001 152 43 portait
4282 2010 58 27 un
4355 2001 195 37 manteau
4563 1999 51 37 de
4629 1999 227 44 fourrures,

3873 2046 42 38 et
3947 2045 100 37 était
4079 2045 143 37 coiffée
4255 2044 97 38 d'un
4374 2045 188 43 chapeau
4580 2045 25 36 à
4629 2058 19 18 «
4668 2043 42 38 la
4737 2043 121 39 Rem-

3873 2089 150 38 brandt
4048 2103 32 23 ».
4100 2089 86 37 Elle
4209 2090 113 37 avait
4341 2098 81 28 aux
4448 2089 116 45 pieds
4593 2088 73 38 des
4694 2088 74 37 bas
4805 2087 52 38 de

3872 2135 87 37 soie
3993 2134 117 38 noire
4142 2135 43 35 et
4223 2134 73 36 des
4331 2133 181 38 bottines
4545 2133 168 40 vernies
4727 2144 10 32 ;
4774 2140 79 29 son

3872 2179 109 39 linge
4015 2178 85 37 très
4134 2177 55 38 fin
4225 2178 101 38 était
4366 2177 176 45 marqué
4567 2178 75 37 des
4676 2177 180 38 initiales

3867 2224 46 37 G.
3930 2224 40 36 L.
3990 2223 61 37 Un
4082 2232 176 28 examen
4284 2222 168 38 attentif
4481 2223 139 37 faisait
4633 2221 224 39 découvrir

3873 2276 79 36 que
3972 2266 61 38 les
4050 2266 116 38 lobes
4179 2267 51 38 de
4247 2278 73 27 ces
4343 2267 169 40 oreilles
4539 2267 157 37 étaient
4721 2265 135 39 déchi-

3871 2313 91 37 rées
3981 2322 163 28 oomme
4162 2313 35 37 si
4223 2322 53 29 on
4292 2322 52 30 en
4363 2313 112 39 avait
4489 2312 174 39 arraché
4680 2311 175 39 violem-

3872 2359 113 37 ment
4001 2368 70 27 ces
4091 2358 169 37 boucles
4287 2358 219 38 d'oreilles.
4524 2359 108 36 Dans
4657 2357 40 38 la
4725 2357 129 46 poche

3869 2404 50 36 de
3937 2413 46 26 sa
4001 2403 113 37 robe,
4133 2413 55 26 on
4205 2403 182 37 trouvait
4403 2413 57 26 un
4475 2402 249 42 porte-carte
4743 2402 109 38 vide,

3868 2456 56 26 un
3940 2455 161 32 coupon
4116 2446 51 34 de
4191 2447 115 40 plaoe
4321 2446 59 34 du
4405 2446 161 34 théâtre
4581 2445 73 35 des
4669 2443 185 36 Variétés

3869 2491 40 35 et
3928 2489 38 36 le
3983 2497 261 33 programme
4251 2489 51 35 de
4315 2497 50 28 ce
4383 2487 174 37 théâtre.
4577 2488 87 36 MM.
4684 2486 168 46 Rajaud,

3869 2533 286 40 commissaire
4185 2532 51 38 de
4277 2532 133 45 police
4440 2532 51 38 de
4523 2531 253 39 Courbevoie
4811 2531 43 37 et

3867 2582 112 38 Kien,
4017 2579 285 37 commissaire
4340 2577 51 38 de
4445 2576 133 44 police
4605 2576 246 43 d'Asnières,

3866 2627 72 34 ont
3951 2624 239 36 commencé
4209 2623 355 37 immédiatement
4573 2631 83 27 une
4674 2619 178 46 enquête

3867 2678 73 28 sur
3962 2669 109 36 cette
4096 2667 142 37 affaire
4261 2666 290 48 mystérieuse.

3909 2724 199 41 Ajoutons
4149 2732 81 28 aux
4267 2721 148 39 détails
4451 2731 81 31 que
4571 2729 109 30 nous
4721 2727 131 30 avons

3866 2769 156 37 donnés
4040 2769 92 39 plus
4157 2768 101 36 haut
4289 2777 81 29 que
4403 2768 108 36 cette
4539 2766 127 42 jeune
4699 2764 153 36 femme

3868 2815 83 35 très
3979 2814 132 35 brune
4142 2810 102 37 était
4268 2811 124 36 vêtue
4419 2810 121 36 d'une
4565 2810 100 36 robe
4684 2808 43 36 et
4755 2807 97 36 d'un

3867 2867 168 31 corsage
4053 2857 51 36 de
4121 2855 87 37 soie
4225 2855 115 38 noire
4360 2855 142 40 gamie
4519 2853 51 38 de
4589 2851 202 39 dentelles
4809 2851 44 37 et

3865 2903 111 37 avait
3999 2912 73 28 sur
4088 2911 67 27 ses
4171 2900 172 43 épaules
4354 2910 82 27 une
4462 2899 184 44 pèlerine
4665 2897 51 37 de
4736 2897 115 38 four-

3866 2958 96 28 rure
3982 2948 130 37 noire.
4139 2949 57 34 On
4211 2955 25 27 a
4252 2945 148 38 trouvé
4418 2954 74 28 sur
4511 2944 79 37 elle
4615 2942 237 44 également

3866 3003 56 23 un
3954 2991 216 38 mouchoir
4192 2989 175 42 marqué
4396 2990 50 36 M.
4476 2990 38 35 S.
4537 2990 75 36 Les
4641 2986 223 37 blessures

3865 3037 151 40 qu'elle
4033 3036 118 41 porte
4176 3036 24 36 à
4219 3034 39 38 la
4279 3035 81 37 tête
4378 3034 43 38 et
4434 3034 28 37 à
4477 3030 40 41 fa
4535 3041 127 31 gorge
4694 3033 73 36 ont
4784 3031 66 37 été

3867 3085 119 37 faites
4005 3092 101 28 avec
4124 3091 56 28 un
4200 3080 197 45 poignard
4418 3078 269 44 triangulaire
4702 3089 10 33 ;
4744 3075 106 39 elles

3865 3131 94 36 sont
3977 3129 85 37 très
4081 3127 222 48 profondes
4319 3127 45 36 et
4372 3127 73 37 ont
4459 3124 56 39 dû
4529 3124 270 38 occasionner
4808 3123 41 37 la

3866 3175 121 38 mort.

3909 3220 58 38 Un
3986 3217 168 41 gardien
4192 3217 93 38 d'un
4312 3217 116 42 poste
4458 3216 50 36 de
4533 3223 171 29 secours
4728 3212 120 47 placé

3865 3275 73 28 sur
3962 3265 144 38 l'autre
4123 3263 87 37 rive
4227 3263 50 36 de
4297 3262 39 37 la
4354 3263 118 37 Seine
4491 3271 45 27 se
4558 3260 193 37 souvient
4763 3258 86 37 très

3866 3311 93 39 bien
3977 3310 118 38 avoir
4116 3309 178 38 entendu
4314 3317 95 29 vers
4429 3317 81 27 une
4529 3306 128 37 heure
4675 3304 56 38 du
4760 3313 88 28 ma-

3867 3357 58 37 tin
3941 3356 61 37 les
4018 3355 81 37 cris
4119 3366 9 24 :
4149 3357 59 34 Au
4227 3363 169 28 secours
4408 3353 9 35 !
4439 3354 25 36 à
4482 3352 209 37 l'assassin
4706 3350 9 34 1
4738 3349 30 37 Il
4783 3349 65 37 est

3864 3401 100 38 sorti
3979 3400 187 43 aussitôt,
4176 3400 104 36 mais
4290 3400 38 36 le
4344 3397 228 39 brouillard
4591 3396 86 37 très
4686 3396 162 36 intense

3863 3458 51 29 ne
3932 3447 58 39 lui
4008 3457 25 28 a
4051 3456 74 38 pas
4154 3445 156 49 permis
4343 3444 51 39 de
4411 3443 92 40 voir
4517 3453 47 29 ce
4583 3441 71 43 qui
4682 3451 45 28 se
4757 3449 91 39 pas-

3862 3493 94 39 sait.

3904 3537 52 35 Le
3973 3544 129 33 pouce
4120 3535 52 37 de
4190 3535 40 36 la
4245 3535 112 36 main
4381 3534 133 36 droite
4529 3533 52 36 de
4600 3531 40 37 la
4658 3531 184 36 malheu-

3860 3588 122 31 reuse
4000 3578 152 38 femme
4171 3590 25 26 a
4220 3578 65 38 été
4310 3577 194 39 retourné
4536 3579 42 36 et
4600 3576 130 38 cassé.

3904 3625 58 38 On
3978 3634 180 33 suppose
4173 3635 81 32 que
4273 3625 232 36 descendue
4524 3625 24 35 à
4563 3622 192 38 Asnières
4769 3630 76 37 par

3859 3670 38 35 le
3919 3668 167 36 dernier
4114 3671 120 40 train,
4254 3670 80 34 elle
4363 3668 213 43 regagnait
4605 3677 75 25 son
4711 3666 129 35 domi-

3858 3711 93 42 cile,
3972 3711 137 43 quand
4131 3713 79 35 elle
4239 3722 27 26 a
4286 3713 65 35 été
4368 3712 194 41 attaquée
4581 3721 75 32 par
4675 3710 60 37 les
4761 3718 84 27 ma-

3857 3755 201 39 raudeurs
4078 3756 71 40 qui
4178 3756 208 37 abondent
4416 3757 103 35 dans
4550 3755 106 37 cette
4683 3753 159 41 région,

3856 3801 108 43 tuée,
3984 3794 207 43 dévalisée
4207 3801 43 36 et
4263 3800 109 46 jetée
4388 3800 104 38 dans
4516 3800 40 38 la
4574 3800 132 37 Seine.

3898 3847 82 36 Son
4006 3855 121 32 corps
4160 3855 94 27 sera
4286 3847 158 42 envoyé
4469 3844 260 43 aujourd'hui
4758 3845 27 36 à
4804 3843 39 37 la

3855 3890 167 44 Morgue
4056 3892 54 33 où
4141 3890 215 45 l'autopsie
4381 3900 51 26 en
4464 3899 93 27 sera
4582 3890 98 36 faite
4699 3898 76 36 par
4805 3888 38 36 le

3855 3935 173 36 docteur
4047 3934 189 46 Socquet.

3850 4076 468 92 Chronique
4398 4076 444 72 Féministe

3897 4274 110 36 Nous
4026 4282 158 28 venons
4199 4273 51 35 de
4271 4273 75 36 lire
4361 4282 82 27 une
4462 4273 50 35 de
4529 4281 69 27 ces
4621 4271 224 37 nombreu-

3854 4327 69 27 ses
3953 4318 151 36 petites
4138 4325 151 28 revues
4322 4317 72 43 qui
4438 4316 207 38 pullulent
4674 4316 26 35 à
4725 4317 120 34 notre

3855 4363 160 43 époque
4033 4362 43 37 et
4105 4361 84 38 qui,
4209 4361 51 38 de
4288 4364 137 35 même
4456 4370 80 29 que
4565 4359 107 38 cette
4697 4360 143 36 acadé-

3854 4409 83 38 mie
3973 4408 50 38 de
4057 4408 197 44 province
4285 4408 101 37 dont
4418 4407 153 44 parlait
4602 4414 57 28 un
4681 4405 163 38 chroni-

3854 4461 150 30 queur,
4019 4453 198 35 méritent
4226 4452 129 36 d'être
4368 4451 258 45 proclamées
4642 4451 202 37 honnêtes

3853 4497 121 42 filles,
3991 4497 167 49 n'ayant
4173 4496 153 43 jamais
4342 4496 74 34 fait
4433 4495 141 45 parler
4598 4494 154 35 d'elles.

3897 4542 53 37 Le
3979 4539 236 38 fémmisme
4240 4539 272 36 succombera
4541 4537 300 38 certainement

3855 4596 97 29 sous
3968 4584 61 39 les
4045 4595 129 30 coups
4194 4584 190 38 terribles
4412 4585 71 45 qui
4509 4582 57 39 lui
4584 4584 73 37 ont
4671 4582 66 38 été
4753 4592 91 33 por-

3854 4634 62 35 tés
3933 4641 75 33 par
4032 4632 39 37 la
4096 4640 128 28 revne
4239 4640 53 28 en
4323 4631 193 41 question
4530 4629 10 36 I
4573 4631 41 35 et
4633 4629 38 37 la
4689 4630 154 36 Fronde

3854 4677 291 43 représentant
4167 4676 61 35 les
4253 4675 334 37 revendications
4607 4675 51 35 de
4678 4673 41 37 la
4742 4674 100 36 fem-

3855 4731 67 29 me
3936 4721 127 43 vient,
4082 4729 76 31 par
4176 4720 281 44 contre-coup,
4475 4719 213 45 d'essuyer
4705 4727 57 27 un
4778 4727 63 27 as-

3854 4769 95 38 saut
3967 4766 71 44 qui
4065 4763 184 41 donnera
4274 4764 300 39 certainement
4598 4764 24 37 à
4652 4763 193 38 réfléchir

3854 4824 82 29 aux
3959 4813 272 39 audacieuses
4253 4809 317 48 émancipatrices
4570 4809 43 48 t

3897 4859 184 35 L'article
4100 4859 101 35 dont
4219 4867 106 27 nous
4347 4860 169 40 parlons
4535 4865 26 27 a
4583 4855 67 37 été
4673 4855 170 37 adressé

3855 4905 25 37 à
3896 4905 49 37 M.
3965 4905 102 35 Jean
4086 4902 180 37 Bernard
4286 4911 70 36 qui
4372 4911 26 25 a
4414 4911 53 26 eu
4482 4899 297 46 l'imprudence
4792 4900 51 37 de

3855 4950 102 39 faire
3973 4949 145 47 l'éloge
4137 4948 73 38 des
4227 4946 176 40 femmes
4422 4945 218 39 écrivains.

3894 4997 102 35 Mais
4019 5006 82 34 que
4118 4996 120 36 notre
4253 4993 190 39 confrère
4462 5003 46 28 se
4522 5001 168 29 rassure
4705 4991 9 37 !
4733 4992 28 38 il
4776 4993 66 38 est

3852 5044 166 35 homme
4043 5043 41 34 et
4098 5050 53 27 en
4165 5041 107 35 cette
4288 5039 156 45 qualité
4457 5039 28 36 il
4499 5047 53 27 ne
4568 5040 269 35 rencontrera

3849 5089 93 36 rien
3958 5087 52 35 de
4026 5085 286 45 désobligeant
4337 5085 25 35 à
4380 5092 75 28 son
4472 5083 182 37 adresse.

3896 5133 57 38 Qth
3965 5131 10 36 1
3993 5141 77 33 par
4086 5129 201 43 exemple,
4314 5128 38 38 le
4369 5139 97 27 sexe
4486 5128 215 37 féminin...

3892 5176 188 41 D'abord,
4094 5175 29 36 il
4142 5177 66 33 est
4222 5175 94 35 bien
4334 5173 180 37 entendu
4529 5183 81 35 que
4625 5173 40 35 la
4684 5173 153 35 femme

3850 5222 66 37 n'a
3931 5229 139 29 aucun
4100 5220 81 36 bon
4213 5218 225 36 sentiment
4452 5229 10 24 :
4485 5217 235 47 lorsqu'elle
4738 5218 100 35 veut

3850 5266 116 39 vivre
3988 5265 52 37 de
4067 5274 75 28 son
4172 5263 160 43 travail,
4353 5263 79 37 elle
4461 5263 104 37 n'est
4585 5272 73 37 pas
4686 5272 149 27 coura-

3848 5320 137 34 gease,
4014 5310 80 37 elle
4133 5311 65 36 est
4238 5309 276 45 orgueilleuse
4524 5320 10 32 ;
4577 5308 138 46 quand
4755 5308 81 36 elle

3849 5357 147 43 donne,
4028 5355 79 37 elle
4134 5355 106 37 n'est
4269 5364 77 36 pas
4382 5354 241 46 généreuse,
4659 5353 80 37 elle
4769 5354 67 36 est

3849 5402 273 43 sensiblarde;
4144 5401 78 38 elle
4240 5410 26 28 n
4279 5411 25 27 a
4321 5400 38 38 le
4378 5401 108 37 droit
4498 5399 129 39 d'être
4646 5399 188 38 déclarée

3849 5447 131 44 loyale
4008 5457 82 34 que
4120 5446 237 44 lorsqu'elle
4384 5447 62 35 dit
4479 5446 55 36 du
4562 5444 83 38 mal
4680 5445 50 36 de
4759 5455 75 26 son

3849 5500 115 36 sexe;
3999 5491 235 46 lorsqu'elle
4268 5492 64 36 est
4373 5491 235 44 gracieuse,
4637 5490 194 43 aimable,

3848 5538 99 38 c'est
3973 5539 231 36 seulement
4232 5547 102 27 avec
4363 5537 60 37 les
4449 5536 201 43 hommes,
4672 5545 161 29 comme

3844 5592 166 36 ceux-c;
4027 5583 39 36 le
4085 5585 95 35 sont
4195 5592 101 28 avec
4315 5583 61 36 les
4394 5583 194 39 femmes;
4610 5583 98 35 c'est
4724 5582 39 36 la
4779 5582 53 36 loi

3847 5628 73 36 des
3949 5627 136 37 sexes!
4118 5628 244 36 Autrement
4388 5627 41 37 la
4454 5628 153 36 femme
4627 5627 64 36 est
4715 5636 117 33 rosse,

3847 5673 209 43 envieuse,
4072 5672 163 46 jalouse
4255 5675 41 34 et
4326 5672 215 46 hypocrite
4570 5673 190 45 (l'auteur
4783 5672 50 36 de

3847 5719 65 36 cet
3928 5718 145 37 article
4097 5719 65 35 est
4190 5726 57 29 un
4281 5718 180 44 homme,
4492 5719 101 36 c'est
4622 5726 105 38 pour
4744 5717 89 37 cela
4883 5734 4 11 <

3847 5763 97 47 qu'O
3963 5764 63 37 est
4055 5764 194 44 gracieux
4275 5773 101 29 avec
4406 5764 62 38 les
4493 5763 217 39 femmes...
4731 5765 100 36 c'est

3842 5809 42 39 la
3884 5809 70 39 toi
3966 5810 77 37 des
4061 5809 151 47 sexes!)

3891 5856 137 43 Quant
4039 5865 54 27 au
4112 5856 130 36 talent
4261 5854 215 45 littéraire,
4498 5855 62 37 les
4580 5857 176 36 femmes
4779 5865 53 27 ne

3850 5901 98 38 l'ont
3969 5909 77 38 pas
4076 5901 147 37 autant
4243 5909 82 37 que
4344 5902 100 36 veut
4475 5901 95 37 bien
4602 5901 38 37 le
4665 5901 87 37 dire
4781 5902 49 36 M.

3843 5948 102 36 Jean
3962 5946 196 43 Bernard,
4186 5946 176 36 témoins
4393 5946 60 36 les
4491 5947 341 45 femmes-poètes

3847 5991 102 37 dent
3982 5999 173 34 aucune,
4202 5992 392 42 raisonnablement,
4644 6001 53 27 ne
4731 5993 102 43 peut

3849 6035 93 39 être
3956 6035 108 38 mise
4080 6044 75 28 sur
4168 6034 60 38 les
4247 6044 137 44 rangs.

3886 6081 101 38 Mais
4016 6091 52 27 en
4103 6081 163 47 parlant
4297 6082 120 39 ainsi,
4450 6090 47 28 ce
4527 6082 215 38 monsieur
4778 6090 54 29 ne
4883 6093 4 29 :

3840 6127 190 42 songeait
4050 6128 112 42 point
4180 6137 25 25 a
4233 6135 47 27 oc
4296 6127 98 44 qu'il
4414 6136 24 25 a
4457 6127 104 35 écrit
4588 6128 95 43 plus
4716 6127 84 35 loin
4819 6137 9 24 :

3889 6170 33 38 cc
3922 6170 44 38 Si
3980 6170 40 37 la
4040 6170 150 38 femme
4220 6180 24 27 a
4283 6171 51 36 de
4368 6170 129 38 belles
4514 6171 188 45 pensées,
4722 6181 109 27 nous

3843 6215 123 45 dit-il,
3993 6216 149 44 qu'elle
4171 6216 61 37 les
4266 6216 297 44 communique
4597 6218 23 35 à
4636 6217 105 37 celui
4760 6217 71 43 qui

3843 6271 127 37 pense
4000 6272 101 28 avec
4120 6262 92 42 elle,
4238 6262 29 37 il
4300 6263 63 37 les
4383 6259 215 40 ennoblira
4616 6272 53 28 en
4685 6262 61 38 les
4765 6262 67 37 dé-

3842 6307 226 46 veloppant
4086 6309 41 35 et
4143 6318 47 25 ce
4207 6317 93 27 sera
4317 6307 85 36 leur
4414 6309 170 41 œuvre.!

3887 6353 58 34 On
3977 6352 104 34 n'est
4112 6361 72 34 pas
4204 6352 94 43 plus
4326 6351 107 36 naïf!
4453 6353 54 33 Ce
4535 6350 155 36 conseil
4715 6351 116 43 plein
4882 6364 5 31 ;

3841 6394 53 38 de
3915 6395 221 38 tendresse
4171 6396 41 36 et
4246 6395 51 37 de
4330 6395 396 37 désintéressement
4758 6395 73 37 fait

3843 6450 150 36 pqnaer
4010 6441 26 37 à
4050 6451 57 27 un
4125 6440 265 38 spéculateur
4405 6441 138 37 disant
4563 6443 24 35 à
4612 6450 56 28 un
4689 6441 142 37 inven-

3839 6488 99 35 teur
3952 6496 11 25 :
3980 6486 241 36 Faites-moi
4241 6487 95 41 part
4353 6486 51 34 de
4423 6485 123 36 Vcftre
4566 6485 262 37 découverte.

3840 6531 48 38 Je
3902 6529 283 47 l'exploiterai,
4196 6529 85 47 j'en
4302 6526 142 47 tirerai
4467 6529 135 47 prQfil.
4618 6530 64 37 Ma
4700 6529 150 47 gloire:

3840 6578 45 38 et
3911 6585 71 31 ma
4018 6576 166 40 fortune
4217 6577 145 37 seront
4393 6577 109 39 noire
4529 6584 161 31 œuvre.
4716 6576 114 38 Nous
4844 6586 6 35 ;
4881 6575 6 40 j

4920 688 278 88 {lapSaeflt
5212 736 84 43 que
5305 727 49 51 Je

4963 771 109 43 Cftwt
5088 776 162 38 tentant
5257 775 150 43 tante,
5423 775 59 40 du
5498 776 125 44 reste,
5637 775 107 38 «frat
5759 773 139 47 «qui

4918 820 140 37 arrive
5117 819 307 45 pm»mem
5476 821 121 37 entra
5639 820 171 39 fesame
5850 819 50 37 et

4919 863 173 45 femme;
5111 864 258 45 l'inventeur,
5383 863 327 46 enflittérature,
5733 871 165 30 comme

4916 916 56 32 en
4985 908 910 47 b6encaup^%otrw«ftioees,'e,eettafMMDe;

4919 953 40 42 le
4975 954 394 50 spéauktear.e^Mt
5385 955 208 42 Fheame.

4960 1002 102 38 Mais
5080 1001 56 38 tel
5153 1002 107 38 n'eat
5280 1011 77 31 pae
5375 1003 119 38 ravis
5515 1002 56 38 de
5593 1000 207 40 l'aimable
5816 1009 80 37 po-

4914 1045 165 38 Wiciate
5089 1046 73 42 qui
5185 1054 107 30 uns
5303 1046 65 38 dit
5385 1055 99 34 4I'!8.
5500 1055 84 29 mon
5600 1046 233 39 lentement
5841 1054 55 29 en

4918 1088 245 45 littévatoro,
5181 1090 107 38 mais
5303 1097 108 38 pour
5431 1091 97 40 toc»
5554 1089 64 41 lee
5643 1090 155 45 pende
5822 1099 74 30 au-

4911 1135 85 44 jets
5016 1134 119 47 clWt,
5147 1134 52 41 de
5212 1135 260 47 pbliâoopbm
5487 1146 55 30 ou
5554 1134 56 41 de
5623 1136 122 40 bante
5761 1136 132 39 direc-

4917 1183 100 43 ion,
5047 1181 39 38 le
5115 1190 177 31 cerveau
5310 1182 53 39 de
5393 1182 43 38 la
5459 1182 152 39 femme
5637 1185 67 35 est
5725 1182 170 39 absolu-

4917 1226 115 35 ment
5042 1225 252 38 réfractaire.

4961 1268 55 35 Ne
5040 1269 248 37 seraient-ce
5302 1277 75 34 pas
5402 1268 63 39 les
5491 1269 175 38 facultés
5682 1269 210 40 Apprécia

4918 1310 106 38 tt,ves
5055 1310 54 39 de
5139 1320 52 30 ce
5212 1311 248 40 journaliste
5481 1320 83 32 que
5592 1313 83 38 Ton
5709 1311 187 41 pourrait

4916 1356 172 40 trouwr
5103 1355 263 43 rêfe&êwm
5379 1367 85 31 aux
5488 1351 80 46 fois
5581 1356 63 42 du
5663 1358 83 42 bon
5768 1354 128 43 aensf

4915 1402 176 36 Booatez
5108 1401 136 46 plutôt
5257 1413 13 25 :

4962 1457 18 20 «
5000 1446 74 35 Les
5091 1444 189 38 hommes
5295 1454 55 27 ne
5364 1445 182 38 ferment
5568 1454 75 35 pas
5664 1445 115 37 leurs
5796 1453 94 28 cer-

4917 1489 85 40 cles
5033 1497 82 31 aux
5144 1489 104 39 Rosa
5284 1488 190 42 Bonbeur
5506 1489 44 40 et
5583 1498 82 31 aux
5696 1488 199 42 Delphine

4915 1537 96 43 Gay,
5029 1535 105 39 mais
5157 1544 80 29 aux
5267 1535 213 41 bas-bleus
5497 1528 333 52 insupportables
5852 1536 44 38 et

4914 1590 83 28 aux
5008 1579 293 47 peintraillons
5311 1582 309 37 eD8DIDHaDtIi.
5633 1594 21 20 »

4956 1624 104 36 Bien
5073 1624 195 39 entendu,
5283 1632 73 28 au
5371 1624 109 38 deux
5495 1625 187 38 derniers
5697 1624 123 44 types
5838 1631 56 30 ne

4913 1675 49 28 se
4974 1668 272 37 rencontrent
5262 1667 153 44 jamais
5429 1668 105 39 ehes
5549 1669 40 38 le
5612 1677 103 29 eene
5727 1676 167 29 mascu-

4915 1711 59 37 lin
4986 1710 12 37 1
5017 1712 107 37 Tous
5139 1711 64 38 les
5215 1712 211 39 membres
5435 1713 85 43 4«
5533 1713 159 39 cercles
5705 1713 99 38 sent
5816 1712 78 38 des

4916 1757 103 38 Rosa
5036 1757 191 38 Bonheur
5241 1758 43 38 et
5296 1756 76 40 des
5399 1758 199 45 Delphine
5614 1759 87 43 Gay
5723 1767 56 30 en
5793 1766 99 35 pan-

4912 1802 115 37 talon
5033 1802 15 37 1

4957 1846 95 38 Puis
5063 1855 113 29 nous
5197 1855 339 36 appraeoneqae
5557 1848 63 39 les
5648 1847 246 40 rovandiee-

4913 1891 108 40 tions
5039 1890 219 41 féminines
5284 1894 96 38 sont
5402 1893 203 41 absurdes
5631 1894 46 39 et
5690 1902 98 37 que,
5815 1901 77 38 par

4911 1939 120 45 suite,
5048 1938 42 38 la
5281 1942 65 36 est
5357 1950 83 29 une
5461 1941 191 44 curiosité,
5670 1949 84 29 une
5774 1948 118 29 eeen-

4910 1984 140 44 tricité,
5061 1985 85 35 rien
5161 1984 50 36 de
5223 1985 113 45 piust

4955 2029 99 37 Rien
5072 2028 52 37 de
5145 2028 123 44 pjus?
5298 2029 119 37 Alors
5430 2028 32 38 il
5482 2030 70 44 n'y
5568 2040 26 27 a
5609 2038 77 35 pu
5701 2029 87 38 lieu
5803 2028 86 38 d'a-

4905 2073 164 45 jouter:
5097 2082 74 28 une
5187 2073 178 45 insanité,
5379 2083 161 28 comme
5565 2083 107 35 pour
5684 2073 205 38 certaines

4909 2118 274 46 publications
5192 2117 22 35 t

4951 2162 53 37 Ce
5035 2163 213 37 monsieur
5274 2171 108 29 nous
5413 2163 170 38 adresse
5615 2162 163 39 ensuite
5817 2170 71 30 ses

4906 2207 166 47 paroles
5093 2207 242 38 touchantes
5354 2218 11 25 :

4950 2266 22 19 «
4997 2253 110 36 Vous
5134 2260 53 29 ne
5219 2260 246 31 comprenez
5491 2253 107 38 donc
5622 2261 86 37 pas,
5741 2251 147 39 adora-

4905 2297 91 38 bles
5014 2297 116 38 bêtes
5157 2305 81 39 que
5254 2306 107 30 vous
5385 2298 104 43 êtes,
5508 2306 82 35 que
5619 2299 116 37 toute
5766 2298 120 37 notre

4904 2343 68 37 vie
4988 2352 48 28 se
5051 2343 165 37 résume
5232 2351 56 29 en
5307 2352 73 28 ces
5408 2344 110 37 mots
5537 2354 11 26 :
5579 2351 78 30 nos
5686 2343 175 37 femmes
5872 2352 10 34 ;

4905 2391 55 38 et,
4987 2397 83 34 que
5107 2387 36 37 si
5179 2396 106 28 vous
5324 2387 146 38 voulez
5508 2397 106 28 vous
5651 2396 144 35 passer
5830 2387 56 37 de

4906 2430 207 42 l'homme,
5139 2431 62 35 s'il
5226 2440 52 26 ne
5302 2440 46 26 se
5366 2432 93 34 sent
5476 2431 94 42 plus
5585 2432 120 35 votre
5723 2432 165 40 protec-

4906 2474 107 41 teur,
5032 2474 118 35 votre
5166 2473 164 37 soutien
5348 2473 176 42 naturel,
5539 2473 29 36 il
5584 2481 51 29 ne
5652 2473 120 36 vivra
5788 2472 96 45 plus

4905 2525 83 39 que
5012 2525 107 44 pour
5136 2515 224 39 lui-méom
5375 2529 20 22 »

4950 2562 40 37 Ab
4990 2562 42 37 1
5061 2561 130 46 grand
5224 2561 98 38 Dieu
5333 2561 10 37 1
5360 2561 99 46 quel
5482 2560 276 47 changement
5782 2569 107 38 pour

4902 2615 73 27 ces
4996 2606 220 36 adorables
5230 2606 138 37 bétest

4950 2649 120 36 Hélas
5078 2648 9 34 1
5105 2649 224 44 monsieur,
5349 2649 62 37 les
5426 2658 179 36 pauvres
5625 2649 173 36 femmes
5814 2648 74 46 qui

4902 2693 254 44 comptaient
5174 2702 74 29 sur
5261 2694 118 37 votre
5396 2693 146 37 tendre
5552 2693 244 45 protection,
5807 2700 83 30 sur

4904 2738 119 37 votre
5036 2738 147 37 ardent
5209 2738 279 38 dévouement
5511 2737 199 46 (lesquels
5727 2737 163 38 assuré-

4904 2785 116 34 ment
5034 2785 97 33 sont
5147 2784 26 35 à
5189 2782 41 36 la
5251 2783 179 36 hauteur
5442 2783 53 35 de
5512 2784 118 35 votre
5653 2783 233 41 courtoisie,

4907 2826 108 37 elles
5025 2827 104 37 vont
5143 2826 97 37 donl
5258 2827 90 36 être
5372 2826 162 37 forcées
5547 2826 51 37 de
5613 2825 87 37 s'en
5724 2825 167 46 passer?

4951 2885 19 19 «
4992 2872 48 37 Et
5064 2872 219 45 pourquoi,
5302 2880 106 29 nous
5423 2872 236 38 dites-vous
5675 2879 164 31 encore,
5849 2871 41 38 la

4905 2916 153 38 femme
5107 2916 197 38 veut-elle
5354 2918 142 35 entrer
5539 2926 52 28 en
5642 2917 103 35 lutte
5791 2925 100 29 aveo

4900 2962 197 37 l'homme
5112 2961 19 35 ?
5147 2961 87 38 Elle
5247 2961 108 37 n'est
5368 2971 76 36 pas
5460 2970 75 28 son
5554 2961 233 36 ennemie...
5802 2973 20 19 »

4950 3007 99 37 Mais
5062 3015 99 29 non,
5180 3007 100 37 c'est
5299 3015 105 28 vous
5418 3006 73 44 qui
5511 3005 88 38 êtes
5616 3004 38 37 le
5677 3005 92 36 sien
5783 3001 13 38 1
5818 3017 19 20 «
5849 3005 43 37 ni

4903 3051 136 39 même
5063 3061 47 30 sa
5131 3051 229 39 semblable
5373 3050 11 38 1
5415 3051 80 39 elle
5523 3050 65 39 est
5619 3059 76 29 son
5714 3048 180 50 complé-

4904 3099 116 36 ment
5031 3097 11 37 1
5061 3112 19 18 »

4944 3144 111 36 Vous
5090 3142 256 44 compléter?
5377 3152 96 34 non,
5521 3143 100 35 cher
5666 3141 225 44 monsieur,

4900 3197 107 28 nous
5026 3197 104 28 vous
5147 3190 199 36 trouvons
5359 3187 308 38 suffisamment
5691 3185 198 38 achevé...

4901 3234 88 36 et...
5019 3233 170 45 lorsque
5212 3243 105 28 vous
5349 3243 107 28 nous
5491 3233 106 37 dites
5630 3241 81 36 que
5744 3231 39 38 le
5801 3231 89 38 seul

4902 3278 88 41 rôle
5007 3279 51 37 de
5084 3279 38 37 la
5142 3279 152 37 femme
5310 3280 68 36 est
5408 3278 220 46 d'inspirer
5657 3277 39 37 le
5714 3277 120 46 poète
5850 3279 43 35 et

4902 3325 50 36 de
4973 3325 187 37 soutenir
5177 3325 37 36 le
5244 3325 170 37 lutteur,
5435 3333 105 28 nous
5571 3324 199 46 espérons
5793 3323 97 37 bien

4901 3380 81 34 que
5003 3380 46 27 ce
5069 3371 104 36 n'est
5193 3380 73 34 pas
5286 3380 80 27 une
5387 3369 151 37 femme
5555 3379 70 35 qui
5640 3379 104 26 vous
5760 3379 24 26 a
5805 3369 85 36 ins-

4901 3415 88 47 piré
5010 3416 38 38 la
5074 3425 122 37 prose
5227 3416 95 46 plus
5350 3424 56 29 ou
5437 3415 135 37 moins
5600 3413 193 49 poétique
5809 3423 81 38 que

4899 3472 105 27 nous
5031 3462 309 44 reproduisons,
5368 3461 43 38 ni
5429 3461 73 46 qui
5533 3470 104 28 vous
5663 3470 25 27 a
5710 3461 179 37 soutenu

4898 3507 104 36 dans
5021 3507 39 35 la
5077 3509 103 34 lutte
5199 3508 95 41 plus
5312 3515 56 27 ou
5393 3507 135 35 moins
5552 3506 122 35 noble
5688 3515 84 32 que
5784 3514 105 27 vous

4898 3559 181 35 engagez
5094 3559 101 28 avec
5226 3550 126 36 celles
5380 3550 71 44 qui
5482 3548 246 46 prétendent
5755 3548 129 43 avoir,

4896 3605 163 30 comme
5077 3605 117 35 vous,
5215 3595 93 38 leur
5328 3593 118 49 pi*oe
5462 3602 56 30 au
5535 3593 131 39 soleil.

5391 3667 183 35 CAMILLE
5601 3665 189 36 BELILON.

5026 3822 116 66 LA
5190 3818 604 70 DUCASBLIN£

4939 3920 107 35 Dans
5061 3920 135 34 toutes
5231 3919 60 35 les
5322 3918 214 37 affections
5553 3918 50 36 de
5638 3919 187 35 l'estommc
5841 3920 38 33 et

4897 3962 65 37 des
4976 3963 100 36 voies
5096 3963 274 42 respiratoires,
5391 3963 40 37 la
5460 3963 209 42 dyspepsie,
5689 3962 186 43 l'anémie,

4899 4009 35 36 le
4961 4008 158 41 diabète,
5138 4009 13 35 l
5163 4009 261 42 alhuminerie,
5447 4009 35 35 le
5501 4004 245 41 rhumatisme
5777 4011 35 34 et
5838 4008 39 36 la

4896 4057 142 42 goutte,
5074 4053 198 37 maladies
5308 4053 194 46 réputées
5535 4054 245 44 incurables,
5818 4052 60 38 les

4896 4098 237 45 précieuses
5147 4099 289 36 bacaatmiie
5452 4099 73 36 ont
5552 4099 157 44 acquis,
5723 4107 53 27 en
5795 4106 84 37 peu

4897 4143 51 36 de
4973 4145 149 43 temps,
5142 4151 81 27 une
5258 4143 234 45 réputation
5523 4142 283 37 considérable
5833 4143 46 35 et

4900 4187 84 39 très
4999 4187 193 48 justifiée.
5211 4188 73 38 Les
5307 4187 196 39 résultats
5521 4188 176 38 obtenus
5714 4188 95 38 sont
5823 4196 55 30 en

4896 4234 99 38 effet
5011 4234 247 38 merveilleux
5277 4237 35 34 et
5321 4235 195 46 probants,
5537 4237 42 35 et
5597 4235 50 37 ils
5663 4236 99 36 sont
5776 4243 102 29 con-

4894 4280 144 36 firmés
5065 4289 75 35 par
5169 4280 61 34 les
5256 4281 273 35 nombreuses
5566 4280 142 36 lettres
5735 4280 53 36 de
5810 4289 68 27 re-

4896 4323 293 36 merciements
5208 4324 70 36 qui
5307 4324 207 36 abondent
5539 4324 159 36 chaque
5730 4323 97 37 jour
5854 4324 26 36 à

4899 4368 208 37 l'Institut
5124 4358 206 47 médical
5347 4369 251 42 rationnel,
5627 4371 57 40 10,
5707 4378 69 27 rue
5785 4369 95 46 Laf-

4896 4415 96 43 fitie.
5015 4415 124 35 Pa-ris.
5168 4415 304 37 Consultations
5507 4414 50 36 de
5585 4416 23 36 3
5641 4416 25 35 à
5683 4416 23 35 5
5729 4416 45 34 et
5804 4423 76 37 par

4898 4459 366 44 correspondance.

4940 4503 53 34 La
5018 4502 191 35 méthode
5245 4503 51 34 de
5330 4502 236 36 traitement
5599 4502 63 36 est
5699 4499 181 46 envoyée

4899 4544 140 38 franco
5058 4547 249 35 contreO.15.

4942 4591 91 37 Prix
5049 4591 55 37 du
5133 4591 131 38 flacon
5282 4591 51 37 de
5363 4590 304 43 Xkieasbline,
5687 4588 149 49 spécial
5857 4589 26 38 à

4894 4637 163 46 chaque
5077 4637 188 43 maladie,
5288 4637 142 37 franco
5459 4637 129 36 3.7e.
5609 4656 45 6 —
5669 4636 35 36 J.
5725 4636 157 38 BODIL-

4894 4682 104 42 LOT,
5016 4682 277 44 pharmacien.

4940 4726 103 36 Gros
5061 4728 43 34 et
5120 4724 125 38 Détail
5265 4737 10 23 :
5298 4725 144 45 Compte
5460 4724 424 41 Franco-Brésilienne,

4901 4771 59 45 43,
4978 4781 70 27 rue
5066 4771 170 47 LafftUe,
5255 4771 114 37 Paris
5387 4772 42 36 et
5458 4771 134 37 toutes
5613 4769 271 48 pharmacies.

4894 4916 560 78 SPORTING
5526 4914 362 78 NOTES

5262 5050 266 43 RÉSULTATS

4891 5112 219 39 Dimanche
5141 5114 49 37 18
5205 5112 147 47 février
5374 5112 110 38 1898.
5512 5131 45 7 —
5579 5111 162 38 Courses
5760 5112 26 36 à
5802 5112 89 36 Pau

5193 5179 207 37 Première
5425 5180 154 35 Course

5305 5236 153 44 Pesage
5480 5236 43 34 10
5540 5235 48 35 fr.
5612 5234 172 36 Pelouse
5800 5236 22 33 5
5834 5234 52 36 fr.

4889 5299 19 36 i
4930 5297 195 44 Chocolat,
5149 5307 120 36 gagn.
5432 5298 46 35 13
5500 5298 47 34 50
5684 5299 40 34 Il
5775 5311 19 18 »

5023 5361 48 9 —
5153 5342 118 48 placé
5455 5343 25 35 9
5525 5355 19 19 »
5706 5344 24 34 9
5778 5355 17 18 »

4888 5391 23 36 2
4928 5388 180 45 Férocio,
5203 5408 38 6 —
5454 5389 22 36 7
5499 5389 46 35 50
5704 5389 24 35 9
5751 5389 45 35 50

5182 5455 222 38 Deuxième
5436 5456 153 36 Course

5399 5517 88 37 Pes.
5517 5518 43 36 10
5584 5515 48 38 fr.
5683 5516 80 38 Pel.
5790 5517 23 36 5
5832 5517 49 37 fr.

4889 5576 17 34 1
4926 5575 52 35 Le
4995 5572 186 44 Général,
5199 5583 120 36 gagn.
5427 5575 47 34 36
5520 5587 18 18 »
5679 5575 45 34 39
5747 5575 47 34 50

5057 5637 44 7 —
5126 5618 118 45 placé
5430 5619 46 35 10
5497 5619 47 34 50
5679 5620 47 34 to
5745 5619 49 35 50

4887 5666 23 35 2
4926 5662 134 38 Grand
5079 5664 212 43 Seigneur,
5307 5662 57 46 pl.
5432 5665 44 34 12
5497 5665 46 34 50
5682 5665 43 35 12
5773 5677 17 17 »

4887 5712 21 35 a
4929 5708 176 44 Nacelle,
5131 5708 116 47 placé
5452 5711 24 34 9
5522 5723 18 17 »
5680 5710 44 35 14
5746 5709 47 35 50

5178 5769 229 40 Troisième
5430 5771 154 37 Course

5386 5840 90 35 Pes.
5508 5839 44 36 10
5580 5838 48 36 fr.
5666 5838 82 37 Pel.
5779 5840 25 35 5
5831 5838 37 37 fr

4931 5905 143 38 Ecurie
5098 5904 240 48 Villamajor
5350 5915 18 27 ■:

4894 5952 212 43 Walkyrie,
5144 5960 118 34 gagn.
5444 5952 25 34 8
5517 5964 17 18 »
5697 5953 22 33 7
5740 5952 48 34 50

4887 5999 14 33 1
4916 5996 209 36 Muscadin
5146 5995 45 42 Il,
5210 5994 117 47 plané
5421 5997 44 33 18
5488 5996 47 34 50
5675 5997 43 35 14
5767 6008 18 18 »

4887 6043 21 36 2
4930 6040 188 44 Brahma,
5141 6040 116 47 placé
5429 6041 43 36 15
5516 6052 18 19 >»
5675 6041 44 36 12
5738 6041 50 35 50

4887 6091 19 34 3
4921 6088 176 42 Ramier,
5120 6086 114 47 placé
5417 6088 41 35 21
5486 6087 46 35 50
5669 6087 45 35 25
5737 6088 47 34 50

5178 6147 232 42 Quatrième
5430 6148 152 34 Course

5380 6208 88 36 Pes.
5498 6209 42 35 10
5564 6207 49 37 fr.
5663 6207 81 38 Pe!.
5770 6209 23 35 5
5823 6206 50 39 fr.

4887 6274 15 34 1
4928 6270 306 46 Bay-Monarch,
5254 6279 121 37 gagn.
5424 6272 45 36 33
5516 6284 18 19 »
5673 6272 46 34 29
5740 6271 48 35 50

5043 6334 42 7 —
5210 6315 115 45 place
5421 6317 46 35 14
5513 6329 21 18 »
5673 6317 43 34 17
5764 6329 20 18 »

4887 6362 20 34 2
4923 6360 108 37 Beau
5037 6360 93 41 fort,
5151 6359 116 45 placé
5443 6362 25 32 9
5489 6361 47 33 50
5672 6361 45 34 12
5765 6373 17 17 »

5269 6433 215 37 PATINAGE

4926 6488 114 36 Voici
5062 6488 61 36 les
5157 6487 199 36 résultats
5393 6488 73 35 des
5494 6496 171 27 courses
5691 6487 183 37 données

4887 6539 72 38 par
4993 6531 40 39 le
5071 6532 295 46 Hockey-Club,
5388 6531 157 39 samedi
5564 6534 98 40 soir,
5698 6541 52 29 au
5775 6532 99 38 'Pôlt-

4887 6577 101 39 Nord
5009 6589 11 26 :

5993 786 253 46 Proteeeura,
6259 790 38 36 2*
6314 788 110 41 mrw
6434 792 54 38 V
6499 792 120 40 Uvis
6635 790 69 42 41"
6722 780 217 52 ttI;..

5950 831 131 37 ward.
6930 851 4 15 ,

5992 875 276 47 Professeurs,
6294 876 124 42 finale
6447 880 50 39 ift
6511 880 129 43 Lévis,
6663 884 38 37 2*
6720 871 216 52 8oh1moa.t

5992 923 217 39 Amateurs
6222 922 53 41 de
6287 923 44 41 la
6343 924 159 41 800NW
6512 925 56 40 dn
6584 927 296 44 Boefeey-€lttb.
6923 941 10 30 t

5992 969 53 38 t-
6073 969 121 40 série.
6221 972 56 38 ftt'
6304 971 158 47 Vibert;
6486 973 40 39 2'
6554 972 120 41 série.
6778 971 152 48 1IareI:

5944 1014 41 37 Je
5995 1015 124 38 série.
6140 1017 263 41 fJontMea:
6420 1020 40 36 44
6484 1018 122 39 série.
6634 1023 54 35 1"
6705 1017 227 41 DeteeMtw

5992 1058 137 39 Finale
6148 1056 274 52 ^"More^é*
6432 1062 200 47 Johnson;
6646 1065 40 38 3*
6700 1062 230 51 OelpeaBh;

5947 1102 38 39 4*
6006 1103 154 41 Vibert.

6539 1202 96 39 Hier
6647 1200 220 41 ttimsiHit
6905 1206 9 8 *

5990 1249 54 36 Le
6068 1250 122 44 Cycle
6218 1253 169 38 Routier
6400 1263 28 28 a
6451 1255 137 38 demie
6622 1265 47 29 sa
6695 1264 151 30 course
6868 1261 59 30 au

5947 1293 177 37 clocher.
6144 1295 52 36 Le
6212 1294 77 40 but
6300 1296 108 40 était
6419 1297 43 39 le
6483 1298 167 38 clocher
6663 1299 55 37 de
6734 1296 195 40 IlaNau-

5947 1335 145 48 Murty.
6111 1339 111 40 Voici
6235 1339 149 42 l'ordre
6405 1343 75 39 des
6505 1344 183 39 arrivées
6705 1355 10 27 :
6745 1346 53 37 tif
6822 1343 108 40 Tan-

5945 1381 123 37 dem:
6092 1383 365 47 Meu.ieMl'EnJoy
6483 1392 85 35 eni
6601 1390 147 40 heure;
6775 1392 39 36 20
6835 1387 90 40 Cot-

5924 1439 2 31 j
5947 1429 265 41 larULaflbnt,
6228 1430 40 34 3*
6295 1430 155 37 Lutaud
6463 1443 11 27 ;
6495 1434 36 35 40
6561 1434 147 36 Rufita;
6724 1435 41 35 50
6781 1432 141 38 Minot;

5945 1468 40 36 e*
6000 1468 194 49 MMch&i;
6210 1471 41 38 T»
6267 1471 191 50 Charton;
6473 1475 226 40 e-WaI'DeL

6704 1538 130 42 NÉVA.

6220 1660 114 68 LE
6376 1660 280 70 HOME

6100 1802 166 44 CONSEIL
6292 1798 250 50 D'ÉLÉGANCE
6570 1804 200 48 PRATIQUE

6275 1872 101 28 POUR
6391 1873 45 28 LE
6451 1873 147 29 VOYAGE

5981 1916 99 32 Dans
6097 1916 56 34 les
6171 1916 190 38 multiples
6379 1917 159 37 bibelots
6555 1919 114 35 utiles
6687 1919 23 35 à
6733 1918 190 37 emporter

5942 1959 94 36 pour
6052 1954 36 34 la
6105 1956 106 34 route
6234 1957 174 38 toujours
6420 1959 86 36 trop
6533 1959 136 36 longue
6688 1959 48 34 de
6760 1959 107 35 Paris
6898 1959 25 34 à

5942 1996 36 29 la
5994 1994 156 38 Riviera,
6171 1994 179 37 n'oublies
6366 2005 66 27 pas
6460 1997 36 35 lé
6523 1997 117 35 flacon
6671 1997 27 35 à
6720 1997 170 36 Uqnmne
6909 2007 11 24 :

5939 2032 117 41 esprit
6069 2033 47 34 de
6139 2034 165 40 menthe,
6324 2037 164 37 melisse,
6510 2044 151 30 cognac,
6680 2037 72 34 etc.
6768 2040 53 31 Le
6833 2037 89 37 plus

5941 2078 170 27 nouveau
6127 2079 42 27 se
6186 2073 69 34 fait
6271 2075 94 34 dans
6382 2075 38 34 la
6434 2075 122 34 forme
6574 2075 109 35 d'une
6703 2073 177 37 bouteille
6895 2074 27 37 à

5941 2116 68 27 eau
6041 2110 45 34 de
6115 2111 164 35 mélisse.
6311 2113 95 35 Mais
6439 2122 48 26 en
6522 2115 96 33 beau
6653 2113 126 36 cristal
6797 2113 133 36 givré,-

5941 2148 146 34 émaillé
6105 2150 46 33 de
6175 2150 113 35 fleurs
6303 2151 70 35 iris
6389 2159 50 28 ou
6455 2153 183 34 violettes,
6657 2160 90 27 avec
6761 2160 56 27 un
6826 2152 97 35 bou-

5941 2186 96 35 chon
6072 2190 38 32 et
6144 2197 74 26 une
6253 2190 154 35 timbale
6442 2199 48 26 en
6518 2191 157 35 vermeil
6705 2190 115 37 gravé
6853 2191 71 35 du

5938 2226 146 35 mêmes
6102 2227 125 34 fleUI'8.

6016 2283 153 44 CARNET
6205 2286 48 42 DE
6288 2287 49 43 LA
6376 2287 146 44 FEMME
6563 2288 51 43 DE
6647 2286 195 45 CHAMBRE

6056 2348 217 29 NETTOYAGE
6289 2351 68 28 DES
6374 2351 122 28 GANTS
6524 2352 94 28 SANS
6647 2351 159 28 ESSENCE

5981 2395 100 29 Pour
6115 2395 171 39 nettoyer
6320 2395 56 34 les
6402 2395 111 39 gants
6549 2395 126 39 glacés
6703 2403 91 27 sans
6826 2395 94 35 faire

5939 2436 114 32 usage
6072 2433 45 29 de
6136 2433 36 30 la
6190 2433 163 35 benzine,
6375 2441 238 25 servez-vous
6630 2434 110 33 d'une
6757 2433 163 35 solution

5941 2467 47 30 de
6004 2474 113 26 savon
6137 2469 149 34 dissous
6307 2471 95 33 dans
6427 2471 53 33 du
6505 2471 68 34 lait
6597 2471 134 34 chaud.
6746 2471 104 34 Pour
6867 2478 53 27 un

5941 2504 199 35 demi-Titre
6158 2506 45 35 de
6223 2507 94 35 cette
6334 2508 163 36 solution
6516 2518 48 26 on
6584 2510 127 35 ajoute
6737 2518 52 27 un
6808 2509 110 36 blanc

5941 2544 23 32 d
5974 2546 78 31 œuf
6069 2544 105 36 battu
6192 2555 46 27 en
6269 2547 107 38 neige
6393 2550 39 34 et
6459 2558 47 26 on
6525 2558 106 28 verse
6650 2551 144 35 ensuite
6812 2550 107 38 quel-

5940 2589 94 32 ques
6063 2587 148 38 gouttes
6243 2587 309 38 d'ammoniaque.
6571 2593 69 32 Les
6656 2592 112 33 ganta
6788 2591 132 34 seront

5941 2624 139 39 tendus
6080 2624 100 39 sur
6194 2626 40 31 la
6249 2628 102 31 main
6369 2629 38 31 et
6423 2636 49 25 on
6498 2629 54 33 les
6573 2630 155 33 frottera
6744 2637 91 26 avec
6863 2637 55 26 un

5942 2662 136 29 chiffon
6097 2662 46 31 de
6160 2662 110 34 laine.

5981 2696 101 35 Pour
6097 2706 73 32 que
6189 2701 36 33 la
6248 2710 93 28 peau
6371 2705 98 33 reste
6498 2707 128 31 souple
6655 2708 39 30 et
6725 2706 127 32 moue,
6870 2714 53 24 on

5943 2737 111 33 laisse
6072 2737 55 33 les
6141 2741 108 29 28Jlbll
6267 2741 132 29 Hfahar
6416 2745 92 25 HAna
6529 2746 210 24 l'o'hcuou...tÁ

6147 2804 199 44 RECETTES
6374 2809 50 40 DE
6453 2810 76 41 NOS
6548 2811 171 41 AIEULES

6020 2863 102 27 AILES
6144 2866 46 26 ET
6206 2866 150 29 CUISSES
6370 2861 116 37 D'OIES
6504 2873 23 24 A
6550 2873 44 25 LA
6613 2872 235 29 BAYONNAISE

5982 2912 116 33 Levez
6116 2913 246 38 entièrement
6379 2917 55 34 les
6459 2919 90 33 ailes
6579 2921 38 33 et
6645 2921 55 33 les
6717 2921 143 33 cuisses
6876 2921 47 33 de

5944 2953 186 39 plusieurs
6152 2956 79 31 oies
6243 2963 11 31 ;
6284 2956 199 38 aplatissez
6511 2958 54 34 les
6596 2959 141 34 cuisses
6765 2967 89 27 avec
6888 2961 38 33 la

5946 2997 98 26 main
6089 2993 210 40 frottez-les,
6322 2995 94 34 ainsi
6435 3004 73 29 que
6523 2997 54 34 les
6595 2998 102 35 ailes,
6716 2999 47 34 de
6779 2999 55 34 861
6853 2999 65 34 te,

5945 3032 93 31 dans
6068 3032 119 39 lequel
6207 3041 93 27 vous
6319 3042 110 28 aurez
6451 3037 74 34 mis
6550 3038 38 32 16
6605 3046 57 25 gr.
6687 3039 47 32 de
6762 3039 161 32 salpêtre

5944 3070 85 45 pue.
6060 3078 93 34 pour
6182 3073 54 35 les
6265 3075 190 35 membres
6481 3077 47 34 de
6556 3077 84 38 cinq
6659 3078 78 35 oies
6749 3089 9 26 ;
6789 3088 134 27 rangea

5972 3114 96 30 toutes
6082 3119 66 25 vos
6159 3114 34 32 ai
6198 3114 54 33 les
6269 3116 111 33 etvos
6396 3117 142 34 cuisses
6557 3119 93 32 dans
6673 3127 73 24 une
6762 3119 161 32 terrine;

5943 3150 137 32 mettez
6100 3153 105 32 entre
6240 3154 92 34 elles
6361 3155 53 34 du
6443 3156 148 36 laurier,
6613 3159 50 32 du
6681 3159 109 33 thym
6815 3159 39 33 et
6870 3160 53 32 du

5945 3191 128 31 basilic
6085 3201 13 25 ;
6120 3194 229 34 couvrez-les
6359 3194 88 35 d'un
6460 3195 98 36 linge
6571 3197 106 34 blanc
6689 3207 10 24 ;
6719 3198 202 33 laissea-les

5944 3230 254 40 vingt-quatre
6216 3233 138 35 heures
6376 3235 95 34 dans
6499 3238 60 32 cet
6587 3238 332 32 assaisonnement,

5945 3269 93 39 puis,
6076 3272 210 41 retirez-les,
6326 3275 198 40 passez-les
6562 3276 230 39 légèrement
6825 3278 95 34 dans

5944 3314 10 28 I
5967 3316 67 26 eau
6047 3318 9 30 ;
6078 3314 198 34 laissez-les
6296 3314 183 39 égoutter.
6497 3316 103 34 Vous
6613 3325 109 27 aurez
6739 3316 60 36 ôté
6817 3317 104 36 toute

5944 3353 36 29 la
6011 3352 142 38 graisse
6171 3353 63 39 qui
6271 3355 63 33 est
6357 3355 93 34 dans
6473 3355 35 33 le
6538 3363 107 29 corps
6674 3357 46 33 de
6739 3365 68 27 vos
6830 3357 91 35 oies,

5944 3391 122 31 même
6085 3391 91 33 celle
6189 3393 66 37 qui
6274 3394 58 34 est
6343 3393 168 36 attachée
6528 3404 74 25 aux
6622 3396 189 34 intestins;
6827 3404 94 26 vous

5944 3429 10 33 1
5967 3437 87 34 ayez
6072 3429 174 42 préparée
6271 3441 148 28 comme
6449 3434 34 36 le
6511 3436 183 35 saindoux
6706 3446 11 24 :
6737 3436 183 35 faites-Isa

5941 3477 102 26 cuire
6060 3477 23 27 a
6102 3480 50 25 un
6164 3473 60 34 feu
6237 3474 273 36 extrêmement
6522 3477 167 35 modéré;
6706 3470 26 41 il
6751 3477 81 35 faut
6843 3485 76 27 que

5943 3515 43 25 ce
6008 3511 182 33 saindoux
6219 3521 47 24 ne
6298 3513 99 34 fasse
6413 3522 75 27 que
6523 3516 139 33 frémir.
6684 3517 102 32 Vous
6817 3524 104 25 serez

5940 3548 67 32 sûr
6019 3555 73 33 que
6110 3557 61 25 ses
6184 3552 189 33 membres
6387 3553 128 34 seront
6533 3555 108 34 cuits,
6658 3554 151 37 lorsque
6820 3561 95 28 vous

5939 3592 155 39 pourrez
6110 3595 26 35 y
6154 3590 175 35 enfoncer
6344 3600 75 27 une
6443 3593 107 38 paille
6559 3603 9 28 ;
6599 3594 99 36 alors
6733 3595 187 36 égouttas-

5939 3630 55 28 les
6010 3630 125 37 quand
6173 3630 45 32 Ils
6244 3633 129 30 seront
6402 3631 87 33 bien
6523 3634 185 30 refroidis.
6726 3630 104 34 Srons
6856 3635 61 30 les

5938 3673 215 31 arrangerez
6171 3668 33 32 le
6222 3669 83 37 plus
6318 3669 104 32 serré
6440 3670 160 37 possible
6613 3671 93 31 dans
6724 3669 66 33 des
6806 3669 103 38 pots;

5937 3711 93 24 vous
6048 3706 167 32 coulerez
6233 3707 107 32 votre
6361 3707 184 33 saindoux
6575 3715 73 25 aux
6675 3707 93 33 trois
6785 3706 133 36 quarts

5939 3741 145 35 refroidi
6095 3754 9 26 ;
6148 3744 131 34 laissez
6289 3745 35 33 le
6337 3745 85 34 tout
6445 3745 93 35 ainsi
6559 3746 174 34 refroidir
6755 3744 164 37 pendant

5939 3780 247 44 vingt-quatre
6206 3784 150 40 heures;
6371 3785 109 39 après
6491 3785 79 35 cela
6587 3793 156 27 couvres
6758 3791 58 29 les
6833 3785 83 39 pots

5938 3823 84 31 bien
6058 3823 342 39 hermétiquement
6426 3826 46 33 de
6491 3826 127 36 papier
6631 3834 48 24 ou
6698 3826 46 33 de
6769 3824 150 37 parche-

5937 3861 89 41 min;
6047 3864 205 33 mettez-les
6271 3865 93 32 dans
6382 3873 52 25 un
6453 3866 147 32 endroit
6613 3865 100 37 frais,
6731 3872 88 25 sans
6837 3864 81 33 être

5936 3903 164 39 humide,
6136 3904 38 32 et
6206 3909 234 28 servez-vous
6464 3904 47 34 de
6546 3904 82 34 leur
6663 3907 162 30 eanienu
6867 3909 52 28 au

5937 3941 141 35 besoin.

5932 4090 112 74 EAU
6058 4090 396 75 B'HôtMGAVT
6470 4088 36 34 "
6524 4086 394 76 pluuS£Sf'""

5934 4165 231 43 ■eebtgant
6199 4167 72 36 19,
6291 4166 214 43 faubourg
6530 4168 239 38 SUiswé,
6796 4164 120 35 P*WW

5980 4296 404 172 Nouvelles
6432 4300 444 168 Théâtrales

5982 4552 264 45 Aujourd'hui
6262 4563 9 26 :
6292 4552 138 38 Roméo
6446 4556 38 34 et
6499 4552 154 38 Juliette
6667 4564 9 34 ;
6696 4551 219 46 mercredi,

5937 4597 121 39 Faust
6073 4609 8 33 ;
6103 4599 209 44 vendredi,
6334 4600 53 36 les
6403 4599 161 39 Maîtres
6596 4600 204 37 chanteurs
6811 4609 10 35 ;
6846 4608 68 29 sa-

5939 4644 120 42 medi,
6080 4647 36 34 3°
6137 4646 63 35 bal
6237 4645 170 44 masqué
6422 4656 9 30 ;
6451 4646 217 36 dimanche
6697 4648 38 34 7.
6752 4645 166 37 concert

5939 4689 51 35 de
6008 4688 40 36 la
6063 4690 156 35 Société
6235 4690 73 35 des
6323 4692 188 34 concerts
6524 4691 55 34 du
6593 4690 325 36 Conservatoire.

5986 4735 28 33 A
6069 4732 37 36 la
6153 4733 426 45 Comédie-Erançaise
6598 4744 8 26 :
6656 4733 264 45 aujourd'hui

5942 4778 214 46 mercredi,
6206 4778 209 46 vendredi,
6467 4779 169 47 samedi,
6686 4778 231 40 CaiAeriu:

5943 4825 144 42 mardi,
6103 4825 127 43 jeudi,
6245 4825 39 37 le
6302 4826 150 36 Gendre
6470 4827 46 35 de
6540 4826 52 36 M.
6608 4827 152 36 Poirier
6773 4837 11 32 ;
6800 4825 114 45 jeudi-

5945 4869 204 44 (matinée)
6170 4871 25 34 à
6223 4873 17 33 1
6263 4870 39 35 h.
6323 4872 72 42 112,
6413 4869 39 37 le
6481 4871 163 36 Barbier
6670 4871 47 35 de
6737 4871 181 42 Phéftar,

5945 4913 165 36 Athalie.

5988 4963 27 33 A
6065 4959 397 47 l'Opéra-Comique,
6499 4960 104 38 Paul
6642 4962 36 35 et
6737 4959 182 47 Virginie,

5944 5005 172 46 Daphllis
6148 5009 35 32 et
6211 5006 136 44 Chloé;
6392 5007 145 41 mardi,
6581 5006 128 45 jeudi,
6752 5007 169 43 samedi,

5943 5051 130 43 HayiU
6083 5060 20 25 c
6121 5061 9 31 ;
6152 5050 214 43 mercredi,
6384 5050 38 36 le
6437 5051 163 36 Barbier
6617 5051 46 35 de
6682 5051 151 37 Séville.
6847 5052 76 36 Re-

5945 5095 302 41 présentations
6265 5095 49 38 de
6332 5095 93 38 Mlle
6457 5096 262 39 Marauillier.
6750 5096 173 39 Rentrée

5942 5141 50 36 de
6024 5143 49 35 Al.
6096 5142 165 45 Fugère.
6289 5142 215 44 Vendredi,
6539 5134 173 54 Mig¥wn.
6733 5142 108 47 (Mlle
6869 5142 52 39 de

5943 5188 183 35 Lussan.)

6405 5267 19 19 *
6442 5265 19 19 w

5986 5298 27 34 A
6032 5293 174 44 l'Odéon,
6226 5294 276 45 aujourd'hui,
6523 5294 133 36 soirée
6670 5293 215 47 populaire
6896 5294 24 39 à

5942 5341 88 44 prix
6069 5340 156 36 réduits
6261 5350 9 25 :
6307 5339 136 44 Cinna,
6475 5341 53 35 Le
6555 5339 187 42 Menteur,
6774 5340 147 43 mardi,

5935 5386 137 45 jeudi,
6101 5384 175 45 samedi,
6306 5384 270 43 l'Arlésienne,
6612 5385 210 38 orchestre
6853 5386 70 36 Co-

5940 5433 140 41 lonIle;
6103 5431 201 37 mercredi
6323 5433 42 34 et
6378 5431 208 39 vendredi,
6606 5430 37 37 le
6655 5431 139 43 Passé;
6805 5431 117 44 jeudi

5941 5479 29 41 (1
5994 5477 38 36 h.
6057 5479 69 42 112)
6141 5476 243 36 conférence
6402 5485 73 35 par
6493 5477 48 35 M.
6561 5476 291 37 Chantavoine.
6867 5478 55 34 La

5938 5523 101 37 Fille
6057 5523 52 35 du
6130 5520 268 47 Citl,tragédie
6417 5530 52 28 en
6490 5523 100 35 trois
6614 5522 113 36 actes
6748 5520 50 39 de
6816 5521 105 38 Casi-

5939 5569 79 36 mir
6034 5568 231 43 Delavigne.

5980 5611 161 37 Samedi
6185 5614 35 41 (5
6246 5611 70 44 h.),
6348 5611 60 36 i4*
6437 5610 161 37 Samedi
6630 5610 217 46 populaire
6867 5611 51 38 de

5937 5656 136 48 poésie
6097 5664 199 29 ancienne
6311 5655 42 38 et
6371 5656 209 37 moderne.

6420 5715 15 14 e

6400 5745 19 13 M
6433 5744 15 15 e

5978 5769 254 39 L'Académie
6250 5769 74 38 des
6349 5769 247 45 beaux-arts,
6622 5769 104 39 dans
6751 5780 47 29 sa
6821 5771 97 39 der-

5932 5817 115 37 nière
6066 5816 188 40 séancc,a
6278 5815 86 41 pris
6383 5815 39 38 la
6441 5815 181 39 décision
6649 5817 191 38 suivante
6857 5829 10 25 :
6911 5833 7 7 -

5977 5863 50 35 Le
6046 5871 202 26 concours
6276 5861 160 37 Rossini
6461 5854 291 53 '(composition
6782 5863 132 37 musi-

5931 5907 115 45 cale),
6067 5916 53 28 vu
6146 5906 292 38 l'insuffisance
6452 5907 74 37 des
6557 5916 164 29 œuvres
6747 5908 169 46 présen-

5932 5953 98 41 tées,
6048 5954 63 34 est
6140 5954 173 43 prorogé
6333 5954 23 34 à
6383 5953 158 36 l'année
6576 5953 234 44 prochaine,
6842 5963 80 33 sur,

5931 5997 38 35 le
5995 5996 135 36 même
6161 5997 110 44 sujet
6290 6007 10 25 :
6334 5998 39 34 la
6399 5997 123 36 Vision
6553 5999 47 34 de
6629 5999 135 42 JJtmle,
6790 5999 51 35 de
6863 6000 56 35 Pi..

5930 6041 162 39 Adenis.

5973 6089 112 35 Cette
6107 6089 261 45 prorogation
6386 6088 56 37 du
6478 6097 201 30 concours
6703 6089 51 37 de
6782 6089 138 38 musi-

5930 6142 81 37 que
6031 6142 50 27 ne
6107 6134 179 43 suspend
6304 6143 74 36 pas
6410 6133 38 36 le
6483 6142 201 28 concours
6702 6133 51 36 de
6773 6134 140 45 poésie

5930 6178 68 46 qui
6015 6187 94 27 sera
6128 6180 147 35 ouvert
6293 6179 25 36 à
6346 6178 41 37 la
6405 6178 55 37 fin
6478 6178 55 36 du
6555 6178 105 37 mois
6696 6187 105 38 pour
6822 6178 93 38 être

5931 6224 97 40 clos,
6048 6224 105 37 ainsi
6174 6233 80 35 que
6279 6224 39 37 le
6343 6232 201 29 concours
6563 6224 50 37 de
6644 6224 204 46 musique,
6870 6224 45 39 ta

5928 6271 38 36 31
5988 6269 217 38 décembre
6223 6271 100 37 1898.

5975 6316 49 35 Le
6042 6324 261 36 programme
6321 6315 51 37 de
6389 6324 69 28 ces
6477 6315 108 37 deux
6603 6325 203 29 concours
6819 6323 94 29 sera.

5929 6368 79 26 mis
6028 6360 24 35 à
6082 6359 38 35 la
6150 6360 246 44 disposition
6422 6360 74 35 des
6527 6362 271 34 concurrents
6823 6361 25 36 à
6872 6361 43 36 la

5930 6403 54 38 fin
6004 6405 54 36 du
6079 6407 118 43 mois,
6221 6414 55 30 au
6291 6404 243 40 secrétariat
6551 6405 51 37 de
6617 6404 206 40 l'Institut.

6413 6463 19 17 •

6396 6495 17 18 •
6431 6495 17 17 *

5973 6535 32 35 A
6039 6532 389 49 l'Opéra-Comique,
6461 6533 203 39 mercredi
6702 6532 210 49 prochain,

5931 6587 51 29 en
6002 6580 136 37 même
6154 6584 135 44 temps
6304 6590 82 38 que
6405 6581 51 37 M.
6475 6580 153 47 Fugère
6649 6581 87 37 fera
6755 6591 45 26 sa
6819 6588 91 30 ren-

787 7066 344 43 FEUILLETON
1163 7064 74 42 DE
1284 7063 69 42 LA
1383 7061 232 44 FRONDE

968 7133 60 28 DU
1061 7123 51 37 14
1133 7122 193 38 FÉVRIER
1365 7120 101 37 1898

608 7246 1036 51 (46)

704 7332 992 168 CHRISTIANE

1151 7595 87 34 PAR

783 7680 202 44 L'AUTEUR
1016 7689 20 22 «
1073 7671 191 48 D'AMITIÉ
1300 7672 248 45 AMOUREUSE
1578 7683 21 19 »

1315 6875 56 53 (A
1391 6875 174 51 suivre.)

1120 7790 148 51 (Suite.)
1711 7776 16 54 I

739 7936 55 10 —
825 7928 20 19 «
875 7913 59 39 Ce
979 7909 115 41 n'est
1139 7919 95 35 pas,
1278 7905 209 45 Edward,
1518 7913 87 38 que
1645 7911 45 40 je

690 7966 162 41 n'aime
883 7963 127 39 notre
1039 7959 205 47 solitude,
1266 7957 115 42 mais
1414 7966 115 31 vous
1557 7952 133 53 m'ap-

691 8019 209 38 partenez
934 8014 37 38 si
1010 8023 102 31 peu,
1147 8011 96 38 tant
1277 8009 211 41 d'heures
1522 8006 169 40 restent

691 8067 128 37 vides
843 8063 149 37 iiuand
1024 8071 114 27 vous
1175 8060 129 36 faites
1336 8059 127 37 votre
1499 8056 188 38 service!

694 8112 35 42 N
729 8112 193 42 lotibliez
931 8121 78 36 pas
1023 8118 86 38 que
1122 8107 97 39 tout
1233 8107 70 39 est
1316 8107 110 39 neuf
1438 8106 113 39 dans
1564 8105 127 39 notre

693 8167 135 42 lioine
847 8175 10 35 ;
880 8161 180 49 n'ayant
1085 8157 102 53 qu'à
1216 8156 40 42 le
1287 8167 132 42 parer
1451 8157 56 40 de
1535 8155 153 48 fleurs,

691 8218 62 41 j'y
779 8217 64 38 vis
863 8216 113 38 dans
995 8212 125 39 votre
1141 8209 165 40 attente
1321 8219 11 36 ;
1351 8209 46 46 je
1416 8208 94 39 suis
1531 8217 160 31 accou-

694 8267 150 40 tumée
867 8266 26 38 à
911 8264 79 39 des
1011 8260 180 42 devoirs
1215 8259 101 51 plus
1334 8257 241 53 multiples.

746 8338 50 6 —
814 8331 20 19 «
855 8315 122 38 Vous
1006 8321 113 30 vous
1147 8309 230 58 ennuyez?

816 8382 22 22 «
856 8365 98 42 Non
983 8373 81 38 pas
1081 8371 11 37 ;
1126 8359 114 41 mais
1267 8358 75 50 j'ai
1371 8357 155 41 besoin
1551 8357 140 42 d'être

691 8416 275 48 surchargée
997 8413 242 48 d'ouvrage
1271 8421 115 41 pour
1423 8409 127 42 vivre
1586 8409 106 41 heu-

693 8479 147 32 reuse.
898 8467 174 45 Songez
1124 8462 206 42 combien
1385 8471 97 30 mes
1527 8462 164 39 heures

691 8518 166 44 étaient
878 8512 208 51 remplies
1105 8511 28 39 à
1143 8511 211 50 Addington
1354 8511 64 50 1
1434 8511 257 41 Avez-vous

689 8572 130 40 l'idée
839 8569 56 43 de
929 8564 249 54 remplacer
1200 8561 27 44 à
1245 8573 114 33 vous
1386 8561 96 45 seul
1512 8573 97 33 mes
1629 8562 61 43 le-

689 8636 113 30 çons
832 8623 28 39 à
888 8620 199 43 Winnie,
1125 8625 98 31 mes
1254 8616 298 50 promenades
1581 8626 110 29 avec

688 8676 106 39 lady
832 8667 269 45 Richmond,
1122 8665 66 39 les
1217 8665 191 39 lectures
1437 8675 89 38 que
1545 8666 46 48 je
1627 8664 61 41 lui

690 8724 156 39 faisais
874 8721 44 39 et
945 8719 42 41 la
1006 8718 133 41 tenue
1159 8715 56 41 de
1233 8714 114 41 cette
1368 8713 172 42 maison
1570 8715 59 42 où
1643 8715 47 45 je

687 8774 239 44 secondais
942 8771 128 42 votre
1103 8768 139 46 mère,
1259 8766 45 41 et
1331 8765 65 41 les
1425 8761 198 52 chasses,
1645 8767 45 41 et

686 8829 67 39 les
765 8826 225 42 exercices
1004 8819 201 49 sportifs,
1219 8826 89 40 que
1320 8816 181 48 eais-je?
1515 8816 171 46 Allons,

685 8889 136 37 soyez
838 8886 60 31 un
920 8869 139 51 gentil
1090 8867 130 47 mari,
1253 8866 214 47 obéissez,
1483 8873 91 34 une
1602 8866 86 44 fois

683 8930 120 44 n'est
819 8939 83 44 pas
918 8924 227 44 coutume.

737 9003 53 7 —
807 8997 20 18 «
850 8980 68 40 Oh
930 8978 11 38 !
962 8985 87 31 une
1077 8975 103 43 fois,
1197 8982 19 40 j
1232 8968 184 42 "obéimi.

735 9053 53 7 —
808 9046 20 20 «
846 9029 116 41 Mais
978 9025 30 42 il
1021 9024 70 43 est
1109 9024 82 40 des
1208 9021 181 43 heures,
1411 9018 45 41 et
1476 9017 66 41 les
1560 9016 127 41 meil-

682 9081 165 49 leures,
864 9083 48 51 je
927 9087 156 46 pense,
1099 9075 61 41 où
1194 9082 117 33 vous
1331 9069 94 43 êtes
1449 9068 41 42 le
1510 9069 173 46 maître,

682 9133 222 50 toujours.

732 9205 52 8 —
801 9201 20 19 a
840 9183 150 42 Alors,
1024 9177 111 46 c'est
1163 9176 45 41 la
1223 9174 61 42 loi
1315 9173 83 42 des
1421 9180 265 40 compensa-

681 9232 119 42 tions
817 9246 88 40 quo
923 9243 117 33 vous
1057 9229 176 44 désirez
1255 9223 262 56 appliquer?

730 9306 54 10 —
799 9302 21 22 «
846 9286 100 44 Oui.

726 9357 58 13 —
800 9339 109 45 «Eh
941 9339 124 44 bien.
1099 9343 145 36 venez
1273 9329 61 53 là,
1369 9329 49 46 et
1447 9326 105 48 tàcba
1552 9326 54 48 ^
1628 9323 60 49 de

1752 6806 170 52 plaider
1958 6806 152 41 mieux
2141 6806 122 42 voire
2296 6817 149 38 cause,
2465 6807 208 41 Madame
2701 6805 44 42 la

1752 6857 206 52 dissipée.
1978 6874 21 21 »

1804 6909 32 41 Il
1877 6909 183 41 souriait
2109 6919 55 32 en
2201 6909 191 41 ouvrant
2434 6909 63 42 les
2544 6909 120 46 bras,
2697 6909 46 50 je

1752 6960 90 51 m'y
1871 6960 149 41 blottis
2054 6961 121 41 toute
2206 6961 111 50 gaie.
2352 6961 67 42 Un
2441 6962 106 40 fond
2570 6961 55 41 de
2643 6961 100 51 jeu-

1751 7023 131 29 nesse
1914 7024 193 39 surnage
2134 7013 169 51 parfois
2329 7025 55 29 en
2421 7025 74 29 ma
2521 7022 223 42 personne

1753 7065 292 40 tourmentée.
2076 7065 125 39 Ainsi
2230 7075 115 30 nous
2376 7064 214 42 cueillons
2624 7063 120 53 quel-

1751 7126 111 37 ques
1903 7117 162 37 heures
2098 7116 181 44 douces,
2304 7117 114 38 mais
2455 7115 288 49 l'inquiétude

1753 7164 55 38 de
1838 7175 73 28 ma
1940 7165 258 40 conscience
2230 7165 200 40 troublée
2465 7167 148 39 donne
2641 7175 102 41 par-

1754 7215 82 39 fois
1872 7225 86 31 une
1991 7226 164 30 saveur
2185 7217 151 41 amère
2380 7215 26 41 à
2453 7227 74 31 ces
2565 7216 179 42 courtes

1749 7266 162 48 joies...

2468 7320 54 41 25
2538 7317 126 44 avril.

1803 7391 80 41 J'ai
1899 7391 95 41 tout
2011 7393 147 40 donné
2173 7403 105 30 sans
2297 7394 215 51 posséder
2531 7393 109 43 tout.

2469 7464 54 41 29
2538 7461 126 45 avril.

1801 7540 85 39 Les
1906 7537 168 47 visites,
2095 7536 65 42 les
2191 7536 249 51 réceptions
2473 7546 87 40 que
2587 7535 157 49 j'avais

1750 7601 130 31 crues
1916 7588 296 51 distrayantes
2266 7587 340 43 m'assomment
2638 7596 105 32 sans

1750 7655 72 28 me
1839 7642 204 40 distraire
2063 7653 10 34 ;
2108 7641 27 39 il
2169 7640 95 40 faut
2279 7651 61 28 un
2375 7648 199 39 courage
2595 7638 45 40 et
2656 7648 88 30 une

1749 7693 307 40 inconscience
2074 7694 88 47 que
2179 7692 45 49 je
2240 7690 84 40 n'ai
2360 7699 80 41 pas
2459 7699 116 41 pour
2589 7688 151 40 courir

1748 7747 54 40 de
1835 7744 123 42 salon
1987 7754 55 32 en
2077 7742 126 43 salon
2237 7741 222 55 colporter
2492 7740 56 42 de
2583 7739 159 54 petites

1745 7797 245 45 nouvelles.

1797 7853 132 42 Alors
1947 7853 44 49 je
2007 7851 68 41 lis.
2098 7849 122 43 Cette
2256 7849 138 41 fièvre
2429 7848 56 42 de
2512 7847 42 41 la
2577 7846 165 53 pensée

1745 7906 80 40 des
1862 7903 220 41 écrivains
2120 7912 72 30 me
2222 7911 159 39 gagne,
2433 7909 74 31 me
2539 7908 203 31 commu-

1744 7957 135 46 nique
1908 7965 88 31 une
2014 7953 238 43 exaltation
2270 7951 239 48 cérébrale,
2524 7950 44 42 et
2584 7948 157 43 l'envie

1746 8021 71 29 me
1836 8009 122 40 vient
1991 8007 198 41 d'écrire.
2215 8004 153 50 Quelle
2402 8003 104 43 folie
2536 8002 44 43 et
2592 8001 148 53 quelle

1745 8059 303 47 présomption
2067 8059 10 35 1
2108 8059 85 37 Les
2221 8057 135 39 livres
2387 8066 56 30 ne
2471 8065 49 30 se
2545 8054 97 40 font
2658 8064 82 37 pas

1745 8118 176 31 comme
1950 8107 64 41 les
2049 8107 193 47 enfants,
2277 8107 113 40 dans
2439 8115 87 31 une
2558 8104 181 40 incons-

1745 8161 148 41 cience
1907 8158 294 49 douloureuse,
2201 8158 136 49 mais
2345 8167 176 33 comme
2528 8155 70 45 les
2611 8166 127 42 pyra-

1746 8213 276 46 midcs.avcc
2041 8223 89 30 une
2143 8212 237 51 puissance
2387 8209 349 51 d'imagination,

1746 8274 86 29 une
1841 8265 147 39 forme
2014 8263 272 49 préméditée
2317 8272 167 38 conçue
2508 8261 226 45 d'avance,

1745 8323 81 40 par
1834 8314 15 48 j
1857 8313 272 52 uxtapositien
2129 8313 105 52 ,en
2244 8312 240 53 apportant
2494 8312 56 41 de
2568 8310 170 52 grands

1746 8363 137 45 blocs,
1904 8363 132 50 posés
2072 8363 90 41 l'un
2194 8373 81 31 sur
2291 8363 13 41 1
2318 8363 128 44 autre
2476 8363 30 42 à
2536 8363 122 41 force
2676 8363 61 40 de

1745 8414 176 42 volonté
1939 8416 239 47 cérébrale,
2195 8411 60 46 dé
2280 8415 188 47 science,
2489 8415 57 42 de
2570 8414 163 52 temps,

1744 8466 369 41 d'accumulation
2141 8467 56 39 de
2224 8467 203 48 pensées,
2458 8465 280 41 d'enchaîne-

1745 8517 147 40 ments
1915 8516 176 41 voulus.
2112 8516 53 41 Et
2197 8515 192 42 souvent
2412 8515 96 42 cela
2524 8525 60 31 ne
2606 8516 92 40 sert
2710 8514 29 40 à

1745 8568 93 43 rien
1859 8581 9 29 :
1889 8567 65 44 les
1968 8568 253 44 meilleures
2236 8579 180 33 œuvres
2433 8567 169 43 restent
2619 8567 117 42 dans

1743 8620 41 41 le
1802 8622 150 39 désert
1969 8643 51 7 —
2045 8631 177 32 comme
2240 8620 66 42 les
2323 8620 257 51 pyramides
2609 8640 54 9 —
2679 8629 57 30 en

1744 8670 64 39 les
1827 8671 233 39 dominant
2081 8670 426 50 rodigkeutiement.
2528 8670 85 40 Les
2636 8669 101 40 cha-

1743 8719 91 41 cals
1863 8720 236 43 s'oublient
2124 8720 28 41 à
2185 8719 44 42 la
2261 8720 122 47 base,
2404 8719 64 42 les
2496 8718 241 52 bourgeois

1742 8773 202 41 montent
1960 8772 286 47 dessas,sans
2259 8771 127 44 avoir
2401 8768 262 45 co'nscienoe
2679 8770 57 41 de

1740 8834 52 27 cc
1824 8823 131 48 qu'ils
1991 8823 186 45 foulent,
2216 8833 106 29 sans
2365 8821 299 50 comprendre
2694 8820 44 40 la

1744 8872 159 41 beauté
1922 8872 56 39 de
1998 8881 50 31 ce
2061 8871 137 53 qu'ils
2214 8871 262 51 dégradent.

1795 8923 95 51 Que
1926 8921 112 44 faire
2064 8932 117 42 pour
2200 8922 136 42 sortir
2360 8922 57 41 de
2451 8918 285 46 moirmême'

1739 8975 68 40 Ne
1828 8973 209 49 serais-je
2053 8973 166 49 qu'une
2234 8973 104 41 âme
2352 8974 60 40 de
2427 8973 152 41 reflet?

2430 9039 53 40 30
2502 9037 128 43 avril.

1789 9116 85 41 Les
1889 9115 129 50 jours
2040 9123 50 31 se
2105 9112 194 48 suivent,
2318 9111 178 51 pareils.
2515 9111 89 42 Des
2618 9111 117 43 heu-

1739 9177 74 32 res
1832 9167 128 41 vides
1989 9175 88 40 que
2109 9173 58 32 ne
2189 9163 227 42 comblent
2434 9173 80 39 pas
2535 9171 99 32 mee
2655 9170 81 32 ex-

1739 9218 207 41 cursions
1980 9217 114 40 dans
2119 9216 217 47 Londres,
2375 9214 43 41 la
2438 9213 130 41 visite
2587 9213 56 40 de
2661 9221 74 30 ses

1740 9267 292 45 monuments
2046 9265 46 44 et
2109 9266 56 43 de
2181 9275 74 32 ses
2277 9275 148 42 parcs,
2445 9273 98 32 mes
2560 9271 177 42 escapa-

1739 9323 84 44 des
1839 9321 117 46 dans
1969 9329 77 35 ses
2059 9317 226 49 quartiers
2309 9325 199 39 pauvres
2525 9316 61 43 où
2602 9315 50 49 je
2668 9322 72 36 se-

2797 6817 133 29 cours
2957 6806 79 40 des
3078 6805 202 45 misères;
3305 6804 80 40 des
3425 6801 189 42 attentes
3649 6798 133 43 dévo-

2798 6857 148 40 rantes
2991 6855 165 41 suivies
3217 6856 55 39 de
3321 6853 279 42 défaillances
3618 6862 10 36 ;
3675 6848 107 42 elles

2798 6906 331 42 m'hallucinent
3144 6917 57 29 ou
3222 6915 72 31 me
3321 6905 187 41 rendent
3527 6901 188 50 stupide.
3730 6899 51 41 Je

2796 6960 222 40 découvre
3049 6968 87 35 que
3170 6958 43 40 je
3245 6956 94 42 suis
3358 6957 56 40 de
3450 6953 133 43 celles
3601 6951 109 43 dont
3741 6949 43 42 la

2798 7013 120 40 force
2937 7010 109 42 tient
3078 7011 54 39 de
3168 7010 42 38 la
3235 7008 230 40 tendresse
3494 7006 45 40 et
3555 7004 76 51 qui
3650 7001 134 43 tirent

2798 7065 120 39 toute
2935 7063 89 50 joie
3038 7062 55 41 de
3120 7059 126 43 vivre
3262 7059 55 41 de
3344 7057 201 43 ramour.
3563 7070 23 22 «
3605 7055 120 41 Love
3743 7053 39 39 is

2798 7127 76 36 my
2895 7115 68 39 sin
2980 7113 70 51 (i).
3073 7128 20 20 »

2848 7164 199 42 Certains
3075 7161 129 47 soirs,
3231 7160 158 42 retirée
3411 7160 111 43 dans
3535 7167 77 30 ma
3637 7155 148 40 cham-

2797 7217 93 44 bre,
2912 7226 87 31 une
3028 7213 249 43 souffrance
3293 7211 131 50 aiguë
3454 7206 196 54 suspend
3677 7214 107 32 mon

2798 7268 175 40 souffle.
2993 7267 46 41 Si
3058 7265 189 41 Edward
3277 7264 139 44 entre,
3445 7271 62 30 un
3533 7260 149 49 espoir
3711 7266 73 30 me

2793 7319 145 42 prend
2958 7330 10 30 ;
2984 7327 109 33 avec
3114 7326 86 32 une
3227 7312 228 43 mauvaise
3472 7310 60 41 foi
3552 7307 229 53 coupable,

2795 7384 45 29 je
2856 7371 62 42 lui
2935 7371 192 42 attribue
3146 7378 106 32 mon
3271 7363 187 44 trouble.
3481 7363 69 41 Au
3571 7359 151 49 réveil,
3738 7360 46 52 je

2797 7426 142 41 sonde
2957 7434 105 32 mon
3094 7431 138 36 cœur,
3250 7419 62 48 j'y
3338 7417 208 42 retrouve
3571 7425 76 31 ma
3671 7411 115 43 bles-

2797 7489 118 25 sure.
2945 7476 36 38 Il
3001 7488 71 31 me
3091 7474 141 46 prend
3257 7473 79 41 des
3363 7469 154 44 envies
3545 7468 55 42 de
3635 7465 116 43 crier
3770 7477 10 29 :

2799 7545 21 20 «
2837 7540 107 29 sous
2958 7539 82 30 vos
3059 7529 296 42 baisers,sous
3373 7532 81 32 vos
3471 7518 313 47 caresses,tout

2798 7591 105 28 mon
2923 7580 121 41 désir
3055 7579 75 44 qui
3148 7574 191 45 s'éveille
3357 7573 45 43 et
3419 7583 112 33 vous
3545 7570 109 44 rend
3673 7569 111 43 heu-

2798 7644 111 30 reux
2924 7642 115 30 vous
3059 7631 137 41 ment.
3216 7629 78 41 Cet
3319 7637 173 35 amour,
3516 7635 114 32 vous
3656 7633 56 31 ne
3741 7621 41 42 le

2798 7683 187 40 suscitez
3003 7693 95 30 pas,
3116 7681 28 38 il
3165 7679 262 44 s'engendre
3446 7677 110 46 seul,
3577 7675 29 39 il
3625 7674 157 40 émane
3796 7685 3 45 j

2797 7733 105 43 d'un
2921 7733 135 42 chaos
3073 7732 56 42 de
3145 7729 249 43 souvenirs.
3405 7744 21 23 »

2847 7786 114 44 Mais
2977 7787 46 45 je
3062 7796 55 31 ne
3153 7783 121 48 parle
3291 7793 95 38 pas.
3407 7779 34 45 Il
3461 7792 28 38 y
3503 7791 29 31 a
3563 7790 63 31 un
3657 7788 125 32 men-
3797 7784 2 46 j

2796 7851 138 34 songe
2968 7840 112 41 dans
3105 7848 105 31 mon
3239 7836 177 46 silence,
3452 7843 88 32 une
3572 7830 211 52 duplicité

2796 7895 112 37 dans
2921 7901 97 31 mes
3031 7891 201 44 pensées.
3253 7889 171 39 Pauvre
3434 7885 190 41 Edward
3635 7886 10 36 1
3659 7883 123 40 Vous

2795 7955 72 32 me
2877 7942 214 51 possédez
3101 7951 105 30 sans
3221 7949 73 32 me
3307 7936 191 51 prendre
3508 7947 10 29 :
3529 7944 81 33 vos
3625 7933 159 42 étrein-

2795 7998 67 42 tes
2878 7992 352 46 s'évanouissent
3248 8002 80 31 sur
3346 8000 107 32 mon
3481 7997 132 43 corps
3632 7996 106 33 sans
3753 7996 29 42 y

2793 8050 158 40 laisser
2964 8048 56 40 de
3038 8048 170 38 trace...

3500 8122 59 44 t-
3574 8120 104 43 mai.

2840 8227 86 36 Les
2959 8225 169 41 Surrey
3158 8218 102 45 sont
3292 8217 173 43 rentrés
3497 8215 29 41 à
3553 8214 201 41 Londres
3769 8222 11 38 ;

2787 8277 76 44 j'ai
2899 8288 111 29 revu
3042 8284 109 32 avec
3179 8271 207 42 bonheur
3408 8265 243 47 Winifred,
3681 8264 102 49 lady

2790 8326 253 40 Richmond
3062 8325 44 41 et
3124 8323 42 41 le
3183 8322 135 42 vieux
3329 8320 107 41 duc.
3788 8325 11 41 j

2839 8379 65 41 La
2927 8387 160 33 season
3106 8379 274 38 commence.
3400 8368 76 46 Ma
3495 8366 135 44 chère
3645 8364 153 56 pettte

2789 8431 259 41 beIle-8œur
3066 8427 262 41 m'entraîne
3339 8423 113 41 dans
3464 8430 64 32 un
3539 8418 242 42 tourbillon

2790 8484 56 37 de
2866 8479 295 42 mondanités.
3176 8475 92 41 EUe
3286 8472 276 43 m'annonce,
3575 8470 203 51 Joyeuse,

2789 8529 159 42 qu'elle
2961 8539 48 31 se
3029 8527 192 42 mariera
3233 8535 55 31 en
3307 8521 158 49 juillet.
3481 8521 108 41 D'ici
3605 8519 43 39 là
3672 8526 110 32 aura

2789 8585 224 50 lieu,pour
3027 8580 83 43 elle
3122 8580 44 42 et
3180 8587 115 38 pour
3306 8572 238 52 moi.notre
3556 8569 226 56 présenta-

2789 8637 94 39 tion
2898 8645 28 29 à
2948 8635 41 39 ia
3007 8634 133 41 Cour.

2838 8684 184 39 J'essaie
3040 8683 56 37 de
3115 8678 300 42 m'accrocher
3431 8685 29 30 à
3472 8684 75 32 ces
3560 8676 220 40 branches

2789 8736 56 40 de
2864 8734 130 42 salut,
3011 8734 56 42 de
3091 8727 262 48 m'étourdir
3376 8735 108 33 avec
3503 8723 113 43 cette
3635 8721 145 44 mince

2787 8786 149 42 vanité
2958 8785 61 40 du
3042 8794 114 34 rang
3173 8778 133 44 social
3322 8787 87 41 que
3436 8777 75 51 j'ai
3527 8774 249 50 reconquis.

2787 8839 53 34 Je
2856 8835 121 38 tente
3002 8833 114 40 cette
3144 8841 108 30 cure
3269 8829 153 39 contre
3455 8836 97 30 mes
3574 8827 203 46 pensées,

2789 8886 114 43 mais
2922 8894 105 32 mon
3048 8883 88 41 bon
3155 8890 104 33 sens
3270 8878 44 43 et
3332 8886 108 34 mon
3456 8871 249 47 socialisme
3723 8883 56 32 en

2788 8940 97 40 font
2909 8937 46 41 fi.
2975 8937 52 41 Je
3053 8944 132 34 cours
3212 8930 214 46 Londres,
3444 8937 110 33 avec
3581 8927 195 46 ferveur,

2787 8991 173 39 chaque
3008 8983 261 46 après-midi
3312 8992 60 30 en
3411 8987 269 42 compagnie
3721 8978 72 43 de.

2788 9040 184 40 Winnie
2995 9048 117 32 pour
3140 9034 64 42 les
3239 9030 180 50 apprêts
3437 9030 57 41 de
3520 9038 83 32 son
3631 9028 147 40 trous-

2788 9102 122 30 seau.
2944 9091 113 40 Vers
3085 9088 70 40 six
3192 9085 164 41 heures
3385 9091 115 32 nous
3536 9080 168 41 faisons
3737 9078 41 41 le

2786 9144 105 43 tour
2904 9141 174 46 d'lI.Jde
3094 9137 132 50 Parî4
3245 9145 115 33 næ.
3390 9132 182 46 saluons
3591 9142 64 34 au
3674 9140 125 46 pas-

2787 9204 108 41 sage
2924 9191 80 43 des
3033 9189 341 43 connaissances
3403 9185 45 42 et
3479 9185 80 41 des
3572 9185 132 46 amis,
3735 9185 38 37 et
3773 9185 26 37 '

2763 9229 6 138 1
2835 9319 51 49 Ít)
2905 9319 190 40 L'amour
3104 9317 66 40 est
3187 9325 100 32 mon
3305 9312 131 47 péché
3450 9307 329 51 (Shakespeare).
3797 9349 2 5 ,

3832 6793 257 49 j'apprends
4119 6792 42 41 la
4194 6791 255 51 généalogie
4480 6793 79 40 dès
4585 6791 240 52 patriciens

3835 6845 60 41 du
3923 6842 263 42 West-End.
4221 6842 130 42 Trois
4374 6843 87 41 fois
4491 6844 203 40 heureux
4724 6846 103 38 sont

3835 6905 113 32 ceux
3973 6894 75 52 qui
4066 6894 179 52 puisent
4259 6893 122 43 leurs
4397 6894 285 42 distractions
4713 6896 113 40 dans

3835 6946 40 43 le
3894 6946 162 43 Gotha!

3885 6998 135 42 Notre
4037 6998 175 42 voiture
4226 6997 144 42 croise
4385 6999 81 40 des
4482 6999 213 47 voitures,
4710 7009 115 30 nous
4843 6998 4 16 '

3834 7049 280 51 échangeons
4137 7050 77 40 des
4249 7050 196 41 sourires
4482 7050 43 40 et
4567 7051 79 40 des
4685 7050 141 41 saluts
4845 7050 2 41 I

3835 7111 107 31 avec
3959 7111 83 31 nos
4060 7103 131 47 amis,
4203 7111 115 30 nous
4330 7112 192 30 causons
4540 7102 78 40 des
4635 7102 192 40 éblouis-

3838 7152 196 39 sements
4071 7151 27 39 à
4126 7151 216 51 quelques
4373 7151 123 49 girls,
4531 7153 181 46 assises,
4735 7162 93 29 mo-

3837 7201 147 42 destes
4003 7200 43 42 et
4073 7201 357 51 mélancoliques,
4451 7201 27 41 à
4496 7201 96 42 côté
4621 7202 55 42 de
4706 7203 120 41 leurs

3836 7253 162 47 mères,
4015 7264 81 29 sur
4111 7253 64 41 les
4191 7253 172 41 chaises
4390 7254 56 40 de
4466 7254 68 40 fer
4551 7254 55 40 de
4621 7254 206 41 l'avenue

3836 7303 78 41 des
3932 7303 187 53 piétons.
4133 7303 102 41 Dire
4248 7303 182 52 qu'elles
4447 7304 241 42 m'envient
4701 7305 126 51 peut-

3836 7354 106 51 être,
3962 7355 65 42 les
4046 7365 192 43 pauvres
4256 7355 177 41 enfants
4446 7356 10 40 1

3885 7408 59 42 Le
3957 7407 71 53 gai
4047 7408 116 41 babil
4177 7409 55 40 de
4244 7407 184 43 Winnie
4445 7409 213 51 gazouille
4677 7409 27 42 à
4720 7421 104 30 mon

3836 7459 148 45 oreille
4001 7471 103 31 sans
4122 7460 217 42 absorber
4357 7472 73 31 ma
4447 7463 177 53 pensée.

3885 7534 51 9 —
3967 7527 21 21 «
4026 7513 238 49 Regardez,
4305 7514 137 46 Nanc,
4492 7514 96 41 lord
4640 7514 182 40 Francis

3835 7562 239 54 Houghton
4103 7563 108 42 faire
4242 7565 78 40 des
4346 7564 209 53 prodiges
4580 7575 115 43 pour
4719 7563 105 41 diri-

3834 7626 82 40 ger
3939 7626 82 33 son
4057 7616 153 51 buggy
4228 7617 112 41 dans
4367 7616 42 42 la
4438 7616 71 42 file
4529 7618 79 41 des
4628 7617 196 41 voitures

3835 7666 76 50 qui
3941 7677 115 31 nous
4085 7668 205 39 coudoie.
4304 7668 75 40 Ma
4404 7669 146 45 chère,
4581 7668 29 39 il
4644 7678 113 30 vous
4799 7677 27 29 a

3836 7727 87 32 vue
3951 7728 57 31 au
4037 7718 129 41 dîner
4180 7718 66 42 -de
4281 7717 102 52 lady
4402 7718 238 42 Wharton.
4662 7719 58 46 et,
4748 7717 75 41 de-

3837 7769 102 54 puis
3957 7780 50 34 ce
4021 7768 180 55 jour-là,
4220 7770 28 41 il
4264 7781 55 31 ne
4336 7770 123 54 parle
4472 7781 87 42 que
4575 7771 55 42 de
4650 7768 42 44 la
4710 7779 115 33 mer-

3836 7822 209 44 veilleuse
4063 7823 101 51 lady
4184 7822 195 53 Stanley.

3884 7896 52 8 —
3954 7889 22 22 «
3993 7875 237 41 Comment
4251 7885 261 30 savez-vous
4535 7873 121 43 cela?
4672 7873 107 41 c'est
4796 7872 28 40 à

3836 7925 129 62 Eeine
3977 7925 39 40 si
4029 7926 45 50 je
4091 7936 72 31 me
4190 7924 194 52 rappelle
4400 7925 128 41 avoir
4544 7935 62 31 vu
4621 7933 51 32 ce
4687 7924 136 51 jeune

3872 7986 161 35 homme.

3884 8050 52 8 —
3952 8043 22 23 «
3990 8028 140 46 Vous,
4147 8030 47 47 je
4211 8039 57 30 ne
4287 8027 69 42 dis
4371 8038 96 38 pas,
4483 8027 113 39 mais
4614 8025 111 41 lui...
4739 8025 59 40 ah
4810 8025 10 38 1

3836 8077 106 42 c'est
3952 8077 181 42 terrible
4144 8089 12 33 ;
4176 8077 30 39 il
4225 8078 106 40 veut
4344 8078 212 47 dépasser
4571 8075 65 40 les
4647 8075 153 39 autres
4810 8085 10 27 :

3836 8137 139 39 voyez
4007 8137 110 33 avec
4147 8126 145 49 quelle
4321 8136 107 38 rage
4461 8135 81 31 son
4582 8123 155 43 cheval
4774 8133 49 32 se

3832 8179 183 45 câi*At..
4030 8179 33 42 il
4096 8190 58 33 va
4181 8189 159 32 causer
4373 8188 63 30 un
4465 8175 251 45 accident...
4737 8174 85 43 Les

3835 8229 102 48 fils
3937 8229 205 48 du-âmamd
4170 8229 219 40 banquier
4409 8227 242 42 Goldehide
4666 8237 58 30 en
4744 8226 78 41 ont

3833 8279 145 43 arréië
3993 8276 206 48 3e«lef>
4228 8280 60 41 de
4321 8279 124 40 leurs
4474 8287 177 41 poneys
4673 8287 86 30 sur
4780 8275 42 41 le

3834 8330 162 43 Ro>w...
4019 8328 73 43 An
4106 8329 62 41 Ml
4192 8339 33 42 y
4255 8328 69 42 est
4341 8327 163 49 arrive,
4521 8326 43 42 la
4592 8328 146 48 figure
4762 8326 60 42 de

3834 8391 84 34 son
3928 8390 160 41 groom
4106 8390 50 34 se
4170 8380 234 44 rassérène
4417 8390 11 36 ;
4440 8389 84 33 son
4543 8380 160 41 maître
4720 8387 102 33 con-

3833 8432 98 43 duit
3935 8443 118 32 ^trec
4067 8433 223 43 maestria,
4310 8443 74 32 ma
4399 8432 147 41 chère.
4564 8430 34 42 Il
4624 8430 123 42 vient
4764 8431 56 40 de

3833 8474 353 52 fataeaifrJaurde
4203 8484 119 40 force
4334 8493 56 31 en
4406 8481 126 43 votre
4550 8481 207 41 honneur

3882 8554 54 11 —
3965 8528 37 46 '*
4033 8531 112 54 Quel
4177 8533 284 53 enfantillage
4483 8533 10 40 1
4533 8529 183 45 Winnie
4728 8541 11 39 ;
4780 8528 42 44 le

3833 8587 349 50 pauwfearçon
4198 8599 28 30 a
4243 8587 101 43 bien
4373 8586 141 50 perdu
4539 8595 87 33 son
4646 8585 145 47 temps
4806 8594 10 37 ;

3833 8638 279 52 cro,..'U
4126 8650 28 29 a
4167 8639 188 48 eonquts
4376 8637 112 42 cette
4502 8635 123 51 place
4649 8645 107 30 sans
4771 8643 49 31 se

3832 8694 182 45 soimpF
4027 8688 61 42 de
4110 8689 105 41 moi.

3882 8759 54 12 —
3952 8736 95 45 ait
4061 8739 97 42 suis
4193 8738 91 43 très
4315 8737 105 43 sûre
4439 8736 61 42 du
4528 8733 219 46 contraire
4761 8744 12 30 :
4788 8731 32 43 il

3835 8779 121 54 rf
3956 8779 162 54 ré
4130 8790 278 42 admirateur
4416 8790 58 40 de
4481 8789 127 41 votre
4617 8785 203 48 élégante

3832 8831 224 52 peragMie
4083 8840 271 43 avmt-bier,
4370 8839 30 40 à
4424 8836 168 47 Willie,
4608 8846 60 29 au
4697 8833 122 42 Cari-

3832 8881 226 58 km^jpb.
4075 8889 63 47 Ce
4166 8889 114 44 n'est
4297 8899 82 40 pas
4402 8887 150 49 vieux,
4578 8884 238 55 j'espère...

3831 8941 291 48 TïeM»:*M
4155 8941 111 48 vrai,
4296 8952 114 34 vous
4438 8950 60 32 ne
4533 8937 147 43 saviez
4710 8937 111 51 pas?

3831 8987 288 51 Wg|SB#st
4135 8994 57 40 de
4209 8993 153 39 retour
4372 8990 206 42 d'EooeNe
4589 9000 15 34 ;
4621 8987 31 41 il
4668 8997 29 34 a
4713 8987 107 43 dîné

3832 9043 99 43 hier
3935 9043 120 43 dm!»
4069 9053 130 32 nous.
4221 9042 52 41 Et
4287 9042 91 42 moi
4408 9041 77 45 qui
4503 9039 123 42 allais
4649 9036 173 43 oublier

3829 9096 58 42 de
3900 9084 331 56 Ttj^ilnrinfrrr
4248 9103 49 31 ce
4310 9092 80 47 joli
4416 9090 192 44 bracelet
4626 9099 56 31 en
4707 9089 114 50 pier-

3828 9141 248 46 mÉflâMl
4095 9155 111 32 pays
4218 9145 63 42 où
4292 9159 35 27 il
4339 9154 30 33 a
4387 9143 79 42 tait
4493 9139 235 44 intercaler
4740 9139 80 42 des

3831 9185 234 59 brNNBn
4096 9197 109 43 c'est
4238 9194 233 49 déticteox,
4496 9191 324 52 n'est-ce-pas,

3832 9246 554 136 "^VéUcieu*..

4931 6793 36 41 Il
4996 6795 68 40 est
5097 6805 184 32 revenu.
5298 6796 114 41 Tout
5431 6795 27 41 à
5494 6795 166 41 l'heure
5691 6795 180 51 j'aurais

4879 6855 60 41 pu
4961 6845 39 41 le
5023 6847 258 39 rencontrer
5299 6857 54 30 en
5385 6848 231 39 ramenant
5647 6846 224 42 Winifred

4879 6897 109 41 chez
5004 6896 131 42 elle...
5155 6899 225 39 comment
5397 6898 247 51 pourmi-je
5675 6898 197 40 l'éviter?

4933 6949 276 53 Préoccupée
5228 6961 81 41 par
5341 6951 113 40 cette
5485 6951 109 46 idée,
5615 6960 56 30 en
5692 6951 181 40 descen-

4880 7001 108 41 dant
5015 7002 54 40 de
5089 7002 187 45 voiture,
5296 7003 72 50 j'ai
5388 7003 138 51 quitté
5551 7002 181 41 Winnie
5759 7003 111 39 dans

4878 7052 42 41 le
4940 7053 217 42 vestibule
5177 7055 54 40 de
5251 7054 147 41 l'hôtel
5416 7055 58 47 et,
5492 7065 57 29 au
5567 7053 87 41 lhu
5681 7054 54 40 de
5763 7054 107 40 faire

4881 7115 75 30 ma
4970 7105 129 40 visite
5115 7106 285 48 quotidienne
5426 7105 26 39 à
5482 7105 293 49 grand'mèrc,
5794 7105 76 48 j'ai

4883 7155 77 39 fait
4977 7155 245 40 demander
5239 7156 25 39 à
5285 7167 72 28 ma
5377 7155 252 40 belle-mère
5646 7156 54 37 de
5720 7165 71 28 me
5806 7165 64 28 re-

4880 7207 164 41 cevoir.
5072 7207 52 41 Je
5161 7206 67 41 l'ai
5262 7206 181 42 trouvée
5474 7205 122 41 aussi
5626 7204 181 51 glaciale
5843 7204 26 40 à

4881 7268 105 30 mon
5007 7259 173 40 endroit
5198 7270 87 38 que
5300 7257 270 41 d'habitude.

4933 7330 51 8 —
5000 7325 20 20 «
5042 7309 122 41 Vous
5181 7309 169 39 désirez
5365 7318 69 29 me
5449 7307 159 52 parler,
5628 7305 99 51 lady
5743 7305 125 40 Stan-

4880 7361 70 53 ley
4964 7361 21 41 ?
5002 7361 26 42 à
5042 7371 165 44 propos
5227 7361 53 41 de
5299 7360 101 52 quoi
5420 7359 20 40 ?

4930 7436 52 7 —
5002 7430 20 21 «
5050 7415 40 41 A
5114 7424 164 39 propos
5305 7414 55 40 de
5388 7412 96 41 lord
5505 7409 257 43 Closcbum.
5784 7407 79 42 J'ai

4878 7467 151 49 appris
5060 7478 81 30 son
5172 7467 152 41 retour
5348 7466 43 41 et
5407 7464 178 48 jeviens
5611 7473 111 31 vous
5747 7461 119 53 prier

4877 7520 31 39 d
4922 7520 126 40 avoir
5066 7519 42 40 la
5140 7519 131 40 bonté
5298 7519 55 39 de
5382 7517 199 40 m'éviter
5611 7515 119 41 toute
5765 7524 99 30 ren-

4879 7570 153 42 contre
5047 7581 109 31 avec
5178 7569 74 42 lui.

4928 7657 52 7 —
5000 7650 20 20 «
5036 7635 62 40 La
5120 7633 178 49 requête
5319 7633 70 40 est
5409 7629 293 51 surprenante
5714 7641 9 35 ;
5746 7630 43 48 je
5808 7638 56 30 ne

4879 7686 95 39 vais
5007 7695 81 40 pas
5113 7685 197 48 éloigner
5336 7685 55 38 de
5420 7684 108 38 chez
5549 7681 86 39 moi
5656 7681 39 39 le
5726 7680 138 38 fiancé

4877 7736 55 42 de
4952 7747 74 30 ma
5045 7735 103 49 fille,
5165 7746 114 51 pour
5293 7736 124 40 votre
5438 7735 85 39 bon
5549 7733 161 52 plaisir.

4927 7811 52 8 —
4999 7805 20 21 «
5046 7790 134 40 Aussi
5205 7789 180 41 n'est-ce
5415 7798 79 42 pas
5514 7785 91 42 cela
5625 7795 85 41 que
5723 7784 45 52 je
5789 7783 75 41 de-

4877 7841 177 50 mande,
5076 7841 111 41 mais
5224 7839 246 41 seulement
5494 7848 86 41 que
5616 7848 110 29 vous
5758 7846 107 40 ayez

4876 7892 14 39 l
4905 7892 255 50 obligeance
5179 7893 55 38 de
5251 7901 55 30 ne
5325 7901 79 39 pas
5434 7900 116 29 nous
5581 7889 199 39 recevoir
5809 7896 53 31 en

4877 7943 147 41 même
5042 7944 144 49 temps
5204 7951 87 41 que
5311 7941 74 40 lui.

4926 8027 52 8 —
4996 8020 20 21 «
5036 8004 115 45 C'est
5172 8001 272 52 impossible.
5463 8001 95 49 Que
5581 7998 223 53 penserait
5819 7997 43 41 le

4875 8056 165 39 monde
5072 8064 56 30 en
5146 8054 250 40 constatant
5425 8052 218 39 l'absence
5670 8052 55 37 de
5755 8058 104 29 mon

4878 8104 70 40 fils
4986 8104 188 40 Edward
5201 8113 90 30 aux
5320 8101 246 46 réceptions
5584 8108 86 41 que
5697 8099 45 48 je
5767 8097 95 39 vais

4875 8156 173 42 donner
5063 8165 57 32 en
5153 8153 235 44 l'bonneur
5412 8151 64 41 du
5504 8157 195 43 mariage
5713 8147 57 41 de
5785 8157 77 30 ma

4874 8207 114 41 fille?
4999 8207 69 40 Du
5088 8205 130 47 reste,
5235 8206 46 46 je
5298 8211 198 41 suppose
5513 8211 86 40 que
5617 8209 115 32 vous
5744 8208 113 32 vous

4874 8258 213 44 exagérez
5118 8254 303 46 l'importance
5455 8252 113 40 cette
5600 8250 256 43 rencontre;

4875 8307 29 40 il
4923 8319 28 31 y
4969 8317 28 30 a
5023 8306 113 40 beati
5167 8305 145 43 temps
5329 8313 88 34 que
5430 8301 201 40 William
5647 8310 56 30 ne
5720 8307 140 40 songe

4873 8357 103 44 plus
4995 8356 28 42 à
5037 8366 127 33 vous,
5184 8354 31 42 il
5235 8364 74 32 me
5324 8353 16 42 l
5354 8364 28 30 a
5395 8352 143 43 avoué
5554 8363 11 36 ;
5600 8351 42 40 la
5655 8348 203 43 fantaisie

4875 8410 60 41 lui
4964 8420 55 31 en
5036 8409 69 41 est
5129 8407 174 46 passée.
5328 8405 36 43 Il
5377 8405 77 42 n'a
5472 8414 94 36 pas,
5581 8411 175 33 comme
5772 8399 87 43 Ed-

4873 8461 141 41 ward,
5026 8460 114 40 cette
5159 8458 154 41 sottise
5331 8457 170 40 entêtée
5522 8455 76 47 qui
5613 8461 163 39 pousse
5793 8451 64 41 les

4875 8513 205 39 hommes
5102 8509 30 40 à
5161 8500 238 57 conimplt;e'
5399 8500 120 57 le,s
5555 8504 126 53 pires
5715 8500 140 42 folies.

4874 8562 180 46 Oubliez
5087 8561 130 47 donc,
5254 8558 113 44 ainsi
5402 8568 86 40 que
5527 8555 243 45 Closeburn
5806 8555 53 38 l'a

4873 8616 102 41 déjà
5006 8614 162 43 oublié,
5206 8614 50 39 cc
5287 8612 91 39 flirt
5420 8621 104 29 sans
5570 8606 285 51 importance.

4872 8666 124 37 Nous
5010 8674 156 32 avons,
5180 8664 41 38 le
5232 8662 85 40 dix
5333 8661 57 39 de
5405 8671 52 29 ce
5485 8658 128 43 mois,
5634 8667 72 28 udw
5715 8655 141 48 grand

4874 8717 142 40 dtner,
5046 8723 86 33 une
5169 8711 141 49 partie
5342 8710 58 42 de
5449 8704 298 45 l'aristocratie
5774 8712 83 32 an-

4870 8767 140 42 glaise
5028 8778 28 31 y
5069 8762 270 47 assistera,et
5346 8763 46 46 je
5410 8761 113 41 tiens
5535 8758 26 42 à
5573 8768 51 30 ce
5640 8765 88 42 que
5744 8764 114 32 wos

4873 8831 27 26 y
4914 8817 261 37 veniez,afin
5194 8815 57 39 de
5267 8812 196 40 détruire
5488 8808 190 41 certains
5695 8808 160 43 bruits,

4875 8867 221 40 blessants
5136 8873 116 34 pour
5286 8863 126 39 notre
5458 8867 186 34 maison,
5669 8855 75 51 qui
5780 8855 80 40 ont

4854 8949 7 10 .
4871 8929 139 34 couru
5024 8918 166 50 jusque
5207 8914 108 42 chez
5326 8911 61 44 Sa
5403 8906 247 56 Majesté,la
5670 8905 134 44 reine.

4921 8991 53 9 —
4990 8985 22 21 «
5029 8968 137 49 Quels
5186 8964 173 43 bruits?

4922 9052 54 9 —
4995 9045 20 22 «
5033 9029 94 44 Que
5143 9037 105 32 mon
5268 9023 164 44 second
5464 9022 70 41 fils
5557 9019 119 43 avait
5686 9018 173 51 épousé

4873 9093 89 31 une
4991 9081 119 42 sorte
5137 9081 55 40 de
5219 9074 315 50 gouvernante.
5569 9073 76 46 Or,
5675 9071 45 51 je
5741 9080 119 32 veux

4874 9135 174 36 donner
5067 9142 60 29 un
5159 9127 193 44 démenti
5375 9127 29 41 à
5434 9135 49 33 ce
5512 9123 119 43 bruit
5659 9132 57 33 en
5745 9132 115 33 vous

4870 9169 262 70 piîëentant
5146 9177 344 47 officiellement.
5762 9224 12 11 (

4926 9258 52 9 —
4995 9249 19 23 «
5033 9235 52 41 Je
5098 9244 113 31 vous
5230 9229 212 44 remercie
5463 9244 20 22 »
5498 9250 51 8 —
5566 9225 292 53 balbutiai-je,

4857 9287 138 55 jjrise
5037 9297 59 34 au
5131 9285 249 48 dépourvu,
5412 9280 187 45 froissée
5642 9280 114 42 dans
5789 9288 75 34 ma

5927 6811 183 52 dignité,
6128 6812 274 42 désorientée
6421 6813 61 40 du
6506 6813 101 41 tour
6621 6813 191 51 qu'avait
6823 6813 90 51 pris

5925 6863 41 41 la
5984 6865 324 39 conversation.

5975 6937 52 7 —
6043 6931 19 19 «
6095 6914 115 42 C'est
6240 6915 168 41 inutile.
6444 6915 53 41 Je
6535 6915 112 41 tiens
6682 6916 174 40 surtout
6883 6914 29 42 à

5925 6967 111 41 cette
6064 6968 298 50 présentation
6381 6976 115 43 pour
6514 6967 39 41 la
6584 6967 177 41 famille.
6796 6969 116 39 Heu-

5926 7024 266 41 reusement,
6216 7030 110 29 vous
6345 7019 93 41 êtes
6456 7019 256 40 aristocrate
6730 7024 41 35 et
6789 7019 121 51 jolie.

5926 7070 238 44 Vraiment,
6184 7081 104 29 sans
6308 7071 92 40 cela
6420 7069 37 41 le
6477 7070 135 40 calice
6629 7070 74 39 eût
6721 7071 67 39 été
6813 7074 97 47 trop

5921 7132 172 28 amer...
6119 7121 49 37 Et
6198 7122 116 45 puis,
6337 7131 74 28 ma
6437 7121 145 41 chère,
6616 7122 292 38 mettez-vous

5924 7170 98 40 bien
6052 7170 111 38 dans
6192 7171 10 36 1
6221 7170 94 38 idée
6342 7179 86 39 que
6445 7179 110 29 vous
6597 7168 91 40 êtes
6709 7170 207 39 devenue.

5921 7225 93 35 tout
6031 7218 27 40 à
6074 7220 91 52 fait
6195 7217 281 55 indifférente
6493 7218 26 41 à
6537 7217 195 42 William
6759 7219 149 42 Close-

5922 7273 129 38 burn.

5970 7321 89 41 Elle
6097 7321 182 40 détache
6311 7330 74 32 ces
6417 7318 203 43 derniers
6650 7320 116 41 mots
6799 7329 107 33 avec

5920 7384 84 30 une
6035 7373 207 53 suprême
6271 7371 287 42 insotencc.et
6584 7381 49 32 se
6662 7370 108 43 lève.
6787 7372 53 42 Je
6863 7372 43 42 b

5919 7425 119 42 salue
6065 7428 43 39 et
6141 7425 39 41 la
6213 7425 151 52 quitte,
6400 7424 111 41 mais
6537 7424 35 40 si
6602 7424 301 49 bouleversée,

5918 7478 164 52 l'esprit
6101 7479 111 40 dans
6232 7489 58 30 un
6312 7477 54 43 tel
6387 7476 302 52 désarroi,que
6712 7478 45 51 je
6782 7477 122 42 n'oso

5919 7542 78 29 pas
6016 7530 109 40 aller
6139 7531 106 40 chez
6275 7529 293 42 grand'mère.
6600 7530 117 39 Dans
6739 7530 40 39 la
6796 7539 109 31 cour

5894 7569 2 18 '
5919 7582 261 47 d'honneur,
6216 7581 41 42 la
6281 7581 172 42 voiture
6484 7581 53 41 de
6566 7579 181 43 Winnie
6781 7582 124 40 m'at-

5918 7635 180 43 tendait,
6127 7636 60 49 j'y
6225 7637 164 43 monte,
6425 7632 213 42 étourdie.
6664 7634 56 39 Le
6752 7633 155 52 piafTe-

5894 7683 2 53 |
5920 7690 119 36 ment
6052 7687 78 38 des
6147 7687 201 38 chevaux
6366 7685 250 41 impatients
6632 7683 270 43 m'empêclie

5894 7745 2 43 I
5917 7737 289 41 d'assembler
6225 7747 95 31 mes
6338 7735 136 51 idées,
6492 7735 179 51 j'arrive
6690 7735 104 41 chez
6813 7734 90 41 moi

5919 7801 103 30 sans
6041 7791 125 41 avoir
6193 7802 56 39 pu
6280 7788 240 53 reprendre
6547 7787 39 43 le
6607 7787 44 41 fil
6681 7788 26 40 d
6728 7797 57 32 'un
6818 7787 85 40 rai-

5917 7846 277 38 sonnement.
6232 7845 70 38 Au
6345 7851 114 40 coup
6496 7841 54 39 de
6594 7840 203 40 sonnette
6840 7839 60 40 du

5918 7895 115 39 valet
6053 7895 55 39 de
6130 7893 226 50 picd.Tim
6380 7893 117 39 vient
6515 7892 154 39 ouvrir
6683 7893 58 42 et,
6759 7889 143 40 tandis

5894 7958 4 30 [
5916 7953 87 42 que
6019 7943 172 51 j'entre,
6210 7943 29 39 il
6258 7953 71 31 me
6348 7941 64 41 dit
6430 7952 12 29 :

5968 8011 18 20 «
6014 8016 52 8 —
6089 7997 55 39 Je
6162 8003 137 38 pense
6322 7992 102 42 bien
6450 7991 107 42 faire
6575 8001 54 32 en
6655 7986 245 52 prévenait

5913 8046 167 48 milady
6095 8055 87 38 que
6198 8044 94 39 lord
6316 8043 245 40 Cluseburn
6575 8046 71 35 est
6660 8052 56 28 au
6736 8039 166 41 fumoir

5914 8104 106 31 avec
6043 8094 93 38 lord
6159 8093 193 48 Stanley.
6377 8107 18 19 »

5963 8144 61 40 La
6041 8143 156 41 foudre
6212 8141 176 41 tombée
6394 8140 29 42 à
6439 8149 97 33 mes
6550 8137 126 52 pieds
6690 8147 58 33 ne
6763 8137 138 42 m'an-

5909 8195 65 41 rai
5981 8196 15 39 t
6021 8205 79 34 pas
6130 8193 130 41 causé
6288 8192 104 45 plus
6423 8191 57 41 de
6511 8192 198 44 stupeur.
6728 8187 53 43 le
6801 8187 99 41 bal-

5912 8245 120 41 butie
6061 8256 9 28 :
6109 8259 19 20 «
6164 8242 226 48 Qu'est-ce
6431 8241 129 49 qu'ils
6599 8251 28 39 y
6663 8238 109 48 font,
6804 8237 95 42 Sei-

5911 8295 175 51 gneur?
6116 8310 20 20 »
6156 8293 100 43 Tim
6280 8302 53 33 88
6356 8290 112 43 croit
6500 8289 222 50 interrogé
6749 8288 44 40 et
6824 8293 74 35 ae

5912 8345 168 52 répond
6097 8354 14 32 :

6538 8527 57 56 (A
6626 8526 176 52 suivre.)

5959 8861 72 42 Le
6058 8858 213 43 servies
6291 8857 75 42 de
6394 8856 60 41 la
6486 8853 252 44 FROX»E
6766 8863 132 36 mmm

5903 8928 112 44 IMt
6024 8926 389 56 gralwlleicnt
6438 8924 247 55 pendant
6709 8933 76 36 m
6823 8933 77 37 mm

5909 8996 235 43 âtmmi»
6168 8996 84 42 im
6302 8994 372 44 <MM<mMoM
6730 8995 174 54 my<M«

5911 9063 197 44 amené
6144 9075 75 31 au
6254 9062 218 57 Journal
6482 9075 4 5 -
6498 9064 139 45 trois
6661 9062 244 46 abonne.

5912 9132 316 45 mealsd.1ID
6240 9143 89 35 an.

5894 9301 2 29 i
