3431 4972
243 281 108 33 a

294 401 232 41 Organisation
565 399 244 33 Deutschlands
864 397 49 33 als
967 395 229 40 mustergültig

293 456 157 38 hinstellt,
470 454 114 44 stehen
603 453 51 39 die
672 453 115 32 Worte
806 451 90 33 eines
914 449 283 39 hervorragenden

294 509 223 33 Fachmannes
574 507 57 32 der
683 505 183 33 deutschen
925 501 272 38 Eisenindustrie,

293 562 126 38 Worte,
438 561 51 32 die
507 560 188 33 Geheimrat
712 560 103 38 Lueg,
833 558 57 32 der
906 555 215 35 Vorsitzende
1139 555 59 32 des

297 615 138 32 Vereins
467 607 177 44 deutscher
676 608 435 39 Maschinenbauanstalten,
1145 608 53 32 auf

295 669 58 32 der
371 667 221 40 diesjährigen
610 657 351 48 Hauptversammlung
981 661 104 40 (März
1107 664 91 35 1908,

295 718 123 41 Berlin)
441 719 207 44 gesprochen
672 719 73 32 hat:
771 717 94 39 „Wie
889 717 53 32 ich
967 715 100 33 schon
1091 714 108 33 früher

296 775 109 32 immer
422 774 116 32 betont
553 773 93 38 habe,
664 772 103 32 bildet
784 771 122 32 meines
925 769 183 44 Erachtens
1128 767 71 33 eine

297 828 194 39 sorgfältige
531 825 209 41 Kalkulation
780 825 57 32 der
878 809 230 58 Selbstkosten
1148 821 51 32 die

297 881 188 39 Grundlage
504 880 68 32 für
584 879 75 39 jede
685 878 178 40 geordnete
889 864 311 49 Maschinenfabrik,
1210 915 3 1 ;

278 934 120 41 sowie
428 933 180 38 überhaupt
637 932 52 32 für
716 931 93 39 jedes
851 934 58 36 gut
950 929 154 40 geleitete
1135 927 65 33 Ge-

298 987 118 33 schäft.
446 987 46 32 Es
522 986 95 32 sollte
647 984 114 33 darauf
790 982 241 41 hingearbeitet
1059 981 141 38 werden,

298 1041 65 32 daß
385 1041 52 31 die
459 1051 38 21 zu
513 1039 212 37 erzielenden
747 1036 272 43 Verkaufspreise
1043 1035 32 32 in
1099 1029 102 38 einem

299 1093 166 40 gesunden
486 1093 64 32 und
571 1092 162 39 richtigen
744 1090 195 36 Verhältnis
961 1100 39 21 zu
1022 1089 61 32 den
1104 1087 97 33 wirk-

297 1147 107 32 lichen
424 1145 229 34 Selbstkosten
673 1137 145 40 stehen.“
852 1143 92 32 Auch
962 1142 51 33 die
1033 1140 169 40 sonstigen

298 1200 251 38 Ausführungen
576 1199 110 45 dieses
713 1198 107 32 Herrn
846 1196 124 32 weisen
997 1194 114 33 darauf
1138 1193 64 39 hin,

299 1253 65 33 daß.
386 1253 32 32 in
441 1253 55 31 der
519 1251 180 33 deutschen
721 1249 164 33 Industrie
910 1249 120 40 gerade
1054 1248 53 32 auf
1131 1248 72 32 dem

300 1306 139 33 Gebiete
461 1301 57 37 der
525 1304 238 44 industriellen
784 1302 231 40 Organisation
1036 1301 83 32 noch
1138 1299 65 33 viel

301 1351 155 48 geleistet
480 1358 133 32 werden
637 1357 86 38 muß,
749 1356 101 32 bevor
877 1356 51 31 ein
955 1355 82 32 auch
1062 1364 59 22 nur
1148 1364 54 21 an-

299 1412 145 33 nähernd
471 1411 84 38 ideal
584 1422 39 21 zu
651 1410 185 32 nennender
875 1408 148 33 Zustand
1063 1407 141 32 erreicht

300 1466 71 32 sein
393 1465 90 32 wird.
829 1458 3 1 :
923 1455 10 10 ;

453 1610 113 57 Die
594 1609 126 49 gelbe
748 1605 259 50 Bewegung.

369 1676 75 41 (Die
469 1677 142 39 Bildung
630 1676 96 32 einer
748 1674 196 40 politischen
970 1671 111 33 Partei
1106 1671 58 32 in’;

630 1724 233 49 Frankreich.)

371 1829 63 32 Die
466 1829 122 31 letzten
620 1821 248 44 französischen
900 1821 306 46 Munizipalwahlen

274 1882 134 41 haben
427 1882 63 32 den
512 1881 117 39 gelben
651 1878 294 34 Gewerkschaften
967 1877 94 32 einen
1083 1871 129 44 großen

303 1935 116 42 Erfolg
446 1934 167 40 gebracht.
641 1932 136 33 Obwohl
801 1931 95 32 keine
907 1924 153 45 eigenen
1085 1927 121 33 Kandi-

292 1980 110 41 daten
424 1980 190 46 aufgestellt
635 1985 144 38 wurden,
803 1984 117 39 gelang
943 1980 36 35 es
1002 1977 83 37 doch
1107 1981 101 32 durch

305 2041 262 37 Unterstützung
598 2039 67 31 der:
694 2036 227 40 bürgerlichen
951 2035 162 37 Parteien,
1155 2034 52 32 die

306 2093 196 32 Sozialisten
522 2087 60 37 aus
602 2091 62 33 den
685 2089 359 40 Vertretungskörpern
1065 2087 58 37 der
1143 2086 64 33 Ge-

304 2146 148 32 meinden
470 2144 319 39 herauszudrängen.
827 2143 109 37 Brest,
958 2141 51 33 die
1029 2132 179 46 Hochburg

306 2199 59 32 der
383 2197 321 38 Sozialdemokratie,
723 2195 111 33 wurde
852 2205 63 22 von
934 2194 61 32 den
1014 2193 195 39 Anhängern

305 2251 155 39 Bietry’s,
479 2251 59 32 des
556 2249 234 40 Organisators
808 2249 58 32 der
885 2247 117 41 gelben
1019 2247 190 38 Bewegung

306 2304 230 38 Frankreichs,
557 2303 140 32 erobert.
718 2301 99 33 Nicht
836 2311 71 23 zum
929 2300 190 40 geringsten
1139 2298 71 33 Teil

307 2357 106 32 haben
439 2357 52 32 die
520 2356 195 33 Sozialisten
742 2355 113 32 diesen
881 2353 115 40 Erfolg
1024 2353 104 32 selbst
1154 2362 56 22 un-

279 2428 5 4 -
308 2409 165 39 freiwillig
501 2408 264 40 herbeigeführt:
821 2408 62 32 Die
911 2398 185 41 finanzielle
1125 2404 85 33 Miß-

284 2462 210 42 wirtschaft
523 2462 67 66 der
608 2464 91 33 roten
730 2460 285 61 Bankerottenre,
1031 2459 52 66 die
1114 2460 97 31 oänz-

287 2515 84 33 -Heh
420 2516 57 54 Le
557 2526 46 8 un;
852 2526 12 5 C

295 2578 134 80 hat
444 2583 64 66 “dio
500 2579 2 2 >
540 2584 275 72 Unméglichkeit.
862 2617 52 31 die
941 2613 186 40 Prinzipien
1154 2613 58 40 des

311 2670 292 33 Zukunftsstaates
622 2670 32 32 in
674 2669 51 33 die
744 2668 232 33 Wirklichkeit
994 2669 218 36 umzusetzen,

311 2724 105 32 haben
447 2723 56 32 der
533 2722 263 38 aufstrebenden,
827 2722 53 32 auf
910 2721 72 32 dem
1011 2720 113 32 Boden
1155 2719 76 32 des’

312 2776 297 39 Privateigentums
640 2775 179 33 stehenden
861 2774 116 40 gelben
1007 2773 111 32 Partei
1157 2772 57 32 mit

312 2840 70 22 zum
404 2829 98 40 Siege
523 2829 176 40 verholfen.
733 2848 2 2 -

378 2882 176 32 Aehnliche
599 2882 152 39 günstige
793 2881 171 32 Resultate
1008 2879 133 33 wurden
1183 2879 31 31 in

313 2935 205 33 zahlreichen
550 2934 198 33 Gemeinden
779 2934 41 31 im
850 2933 132 33 Norden
1012 2933 64 33 und
1087 2926 129 39 Süden

313 2988 219 32 Frankreichs
564 2988 123 32 erzielt.
721 2987 112 45 Selbst
862 2987 32 32 in
925 2987 58 32 der
1014 2984 203 40 Hauptstadt

313 3031 128 43 machte
473 3041 69 32 sich
556 3041 74 32 der
660 3040 133 32 Einfluß
824 3041 57 32 der
912 3039 116 40 gelben
1060 3038 156 33 Gewerk-

315 3095 149 31 schaften
483 3094 32 32 in
535 3094 88 32 einer
642 3094 112 32 Weise
777 3083 141 50 geltend,
939 3092 66 32 daß
1023 3092 62 32 den
1106 3090 110 34 Sozia-

313 3147 98 47 listen
431 3147 106 39 einige
557 3141 155 38 Mandate
732 3146 162 33 entrissen
914 3138 131 40 werden
1065 3139 152 43 konnten,

315 3200 64 33 und
403 3200 77 32 bloß
504 3200 69 32 der.
586 3199 170 39 Umstand,
783 3199 63 32 daß
872 3209 35 22 es
932 3209 40 22 an
997 3198 90 33 einer
1109 3195 108 41 politi-

318 3253 99 32 schen
450 3252 232 40 Organisation
715 3252 58 31 der
805 3252 173 38 Anhänger
1012 3251 57 32 der
1103 3250 116 39 gelben

318 3306 114 46 Partei
464 3305 112 44 fehlte,
609 3305 149 32 hinderte
793 3315 46 28 es,
874 3305 64 31 daß
972 3303 160 33 Politiker
1165 3303 53 32 auf

317 3359 112 32 Grund
454 3359 58 32 des
538 3359 110 32 reinen
673 3358 313 39 Parteiprogramms
1012 3357 57 33 der
1095 3356 124 33 Gelben

316 3412 31 32 in
369 3412 52 33 die
444 3412 288 44 Stadtvertretung
755 3411 166 40 einzogen.

384 3466 37 31 In
449 3465 56 32 der
533 3465 122 32 letzten
683 3464 137 40 Sitzung
848 3464 57 34 des
935 3463 145 39 „Comite
1108 3461 112 33 Natio-

317 3518 73 32 nal“
416 3529 62 21 nun
503 3518 111 32 wurde
639 3517 223 38 beschlossen,
890 3517 51 32 die
967 3516 140 40 Bildung
1134 3515 88 33 einer

317 3571 205 32 besonderen
563 3570 196 40 politischen.
792 3569 231 40 Organisation
1066 3568 156 33 durchzu-

318 3624 125 39 führen,
461 3634 51 22 um
531 3624 100 32 durch
649 3623 192 40 Eroberung
861 3623 58 32 des
938 3623 203 32 Parlaments
1150 3621 72 32 und

318 3677 58 32 der
399 3676 457 40 Selbstverwaltungskörper
873 3676 73 39 jene
967 3674 256 39 Machtstellung

318 3741 41 21 zu
389 3730 163 40 ‚erlangen,
583 3730 51 32 die
665 3733 67 29 erst
761 3740 56 22 zur
846 3729 185 32 faktischen
1060 3727 163 33 Verwirk-

320 3783 132 39 lichung
477 3783 57 32 der
558 3782 184 57 Prinzipien
790 3782 56 33 der
894 3782 116 39 gelben
1034 3782 190 38 Bewegung

318 3836 117 32 führen
453 3836 95 32 kann.

389 3889 61 32 Die
482 3889 188 39 bisherigen
704 3888 351 40 gewerkschaftlichen
1089 3886 136 40 Organi-

321 3942 150 32 sationen
495 3942 129 32 bleiben
647 3952 63 22 von
734 3941 110 32 dieser
866 3940 237 40 Umwandlung
1126 3939 100 40 völlig

327 3995 182 38 unberührt,
534 3995 82 32 denn
640 3994 82 33 nach
744 3994 61 32 wie
829 4004 59 22 vor
911 3994 101 32 sollen
1036 3994 90 32 diese
1150 3993 77 32 bloß

323 4048 69 32 rein
448 4048 339 39 gewerkschaftliche,
843 4047 156 32 keinerlei
1054 4046 173 39 politische

322 4100 145 33 Zwecke
466 4101 201 40 verfolgen.

391 4153 62 32 Die
481 4153 141 39 Bildung
650 4153 109 33 dieser
787 4153 194 39 politischen‘
1010 4153 110 32 Partei.
1149 4152 81 32 wird

326 4206 101 33 durch
454 4206 50 32 ein
530 4216 62 22 vom
619 4207 57 31 der
703 4206 237 39 Parteileitung
967 4205 262 40 herausgegebe-

318 4269 66 21 -nes
409 4259 154 33 Manifest
589 4258 200 40 eingeleitet,
813 4260 31 31 in
868 4259 71 32 dem
963 4263 93 28 unter
1080 4259 150 32 anderem

328 4312 190 38 ausgeführt
544 4312 91 38 wird,
662 4312 63 32 daß
750 4312 51 32 die
828 4312 90 33 Ziele
945 4312 56 32 der
1027 4312 117 39 gelben
1168 4311 62 32 Be-

327 4374 140 30 wegung
486 4365 32 32 in
538 4364 70 33 dem
630 4365 140 32 Schutze
791 4365 57 32 der
866 4365 145 33 Freiheit
1031 4366 57 32 der
1107 4364 124 39 Arbeit,

329 4417 57 32 der
407 4417 217 40 Beseitigung
648 4419 58 32 des
730 4418 83 33 offen
837 4418 216 39 gepredigten
1076 4418 156 32 Klassen-

329 4470 169 39 kampfes,
515 4471 57 32 der
598 4470 258 41 Heibeiführung
882 4481 63 22 von
971 4471 174 32 Eintracht
1169 4471 64 32 und

329 4523 266 40 Verständigung
602 4518 179 38 zwischen
802 4525 60 31 den
885 4524 70 32 sich
975 4524 259 39 bekämpfenden

333 4576 153 38 Ständen,
509 4576 75 32 dem
610 4576 118 39 Kampf
754 4587 105 30 gegen
886 4577 58 32 das
971 4566 263 50 Umsichgreifen

329 4629 62 33 der
430 4629 195 32 staatlichen
665 4629 172 40 Monopole
880 4641 70 22 zum
993 4629 140 33 Schutze.
1175 4631 59 32 des

1205 2522 3 12 ]
1268 2523 73 21 WT;
1338 2513 56 39 en

1382 281 223 33 Schweizerische
1630 267 316 46 Arbeitgeber-Zeitung.

1253 376 296 57 Privateigentums
1577 393 60 33 und
1665 393 56 32 der
1749 392 176 39 Befreiung
1954 391 58 32 der
2038 389 113 33 Arbei-

1251 446 160 34 terschaît
1437 456 63 23 von
1518 445 201 40 politischen
1747 447 221 37 Demagogen,

1252 500 52 32 für
1317 500 80 39 ‚ihre
1423 498 142 33 Zwecke
1592 501 184 36 ausnützen,
1802 496 193 34 bestünden.

1320 553 69 32 Das
1410 552 158 33 Manifest
1587 553 86 33 zählt
1683 552 132 35 sodann
1837 550 52 33 die
1909 549 111 33 bisher
2042 559 122 35 errun-

1256 616 104 30 genen
1389 605 171 37 Resultate
1590 605 55 33 der
1676 605 115 40 gelben
1824 602 328 43 Gewerkschaftsbe-

1253 669 141 29 wegung
1415 659 63 32 auf.
1500 658 67 32 Aus
1589 659 85 32 einer
1696 656 211 41 gründlichen
1928 655 224 39 Betrachtung

1255 713 57 31 der
1341 712 153 39 heutigen
1525 711 157 34 Situation
1711 710 120 40 ergebe
1863 709 79 38 sich,
1973 709 65 32 daß
2067 708 106 33 dank

1255 766 62 31 den
1342 765 249 39 Bestrebungen
1614 765 56 32 der
1696 763 117 41 gelben
1839 759 112 36 Partei
1977 762 57 32 der
2059 771 94 23 revo-

1254 818 159 33 lutionäre
1440 817 255 41 Syndikalismus
1744 817 96 32 heute
1867 815 178 38 dezimiert,
2096 815 57 32 der

1255 871 187 33 doktrinäre
1461 870 206 34 Sozialismus
1683 869 200 40 vollständig
1900 869 33 31 in
1950 868 111 35 seinen
2078 868 75 32 Zie-

1257 925 51 32 len
1339 925 64 32 und
1434 923 165 43 Zwecken
1627 923 199 33 demaskiert
1858 921 59 39 sei,
1950 921 64 33 dab
2023 921 132 32 ‚ferner

1256 978 110 32 immer
1373 977 103 32 mehr
1497 976 148 34 Arbeiter
1666 977 65 33 und
1753 974 217 41 Arbeitgeber
1994 974 159 39 tracht2n,

1256 1031 127 32 vereint
1405 1030 51 32 für
1478 1030 69 32 ihre
1571 1030 245 44 Bestrebungen
1840 1036 48 32 zu
1902 1027 162 40 kämpfen.
2090 1027 64 32 Ge-

1257 1084 182 39 genwärtig
1460 1084 54 31 sei
1528 1093 36 22 es
1585 1083 73 33 aber
1678 1083 50 32 für
1749 1083 59 31 das
1829 1080 247 44 Fortschreiten
2096 1080 59 33 der

1236 1137 139 39 gelben
1401 1137 189 39 Bewegung
1613 1147 56 29 zur
1695 1135 221 40 unbedingten
1942 1134 212 39 Notwendig-

1257 1190 69 32 keit
1347 1190 183 39 geworden,
1550 1200 40 21 zu
1603 1183 161 45 trachten,
1786 1189 64 32 daß
1870 1188 52 32 die
1942 1183 112 37 Partei
2073 1187 83 32 auch

1258 1243 31 32 in
1308 1243 62 32 den
1388 1243 114 32 Besitz
1521 1243 57 32 der
1596 1242 191 39 politischen
1805 1241 115 32 Macht
1938 1241 148 39 gelange.
2107 1240 49 32 Zu

1258 1296 123 45 diesem
1400 1296 142 32 Zwecke
1564 1296 98 37 sollen
1683 1290 81 45 ganz
1784 1294 207 39 unabhängig
2010 1304 63 22 von
2094 1292 62 33 den

1258 1349 221 32 bestehenden
1508 1348 346 40 gewerkschaftlichen
1883 1345 274 41 Organisationen

1259 1402 173 39 politische.
1458 1402 158 38 Gruppen.
1637 1401 196 40 ‚geschaffen
1873 1400 142 38 werden,
2058 1399 99 44 deren

1259 1455 226 39 Hauptzweck
1512 1454 91 33 darin
1626 1454 157 33 bestehen
1806 1453 123 39 würde,
1956 1452 101 33 durch
2082 1451 75 33 Lei-

1260 1511 80 36 tung
1364 1509 57 32 der
1443 1508 138 32 Wahlen
1604 1507 30 32 in
1658 1508 52 32 die
1734 1499 337 46 Vertretungskörper
2095 1505 62 32 den

1260 1561 185 44 Prinzipien
1476 1561 57 32 der
1565 1560 112 39 gelben
1708 1558 203 62 Bewegung
1930 1569 69 22 zum
2032 1558 125 32 Durch-

1259 1614 102 32 bruch
1383 1625 38 20 zu
1442 1614 175 32 verhelfen.

1326 1667 118 32 Dieser
1470 1666 125 33 Schritt
1617 1667 59 32 der
1700 1666 116 39 gelben
1840 1634 238 70 Parteileitung
2102 1664 56 32 hat

1260 1720 32 32 in
1313 1720 58 32 der
1391 1717 240 35 französischen.
1653 1717 265 34 Oeffentlichkeit
1939 1715 121 43 großes
2081 1717 77 34 Auf-

1259 1773 103 32 sehen
1390 1772 259 40 hervorgerufen.
1678 1772 62 33 Die
1754 1772 144 44 Blätter
1925 1771 80 32 aller
2033 1770 125 32 Partei-

1263 1826 266 39 schattierungen
1557 1824 102 33 haben
1689 1825 104 33 davon
1833 1824 97 33 Notiz
1972 1833 201 30 genommen.

1262 1879 65 32 und
1356 1879 83 32 nach
1468 1879 86 31 ihrer
1583 1876 192 41 politischen
1787 1878 169 38 Stellung
1987 1877 63 32 den
2079 1876 95 32 Ent-

1263 1931 116 32 schluß
1402 1932 58 31 der
1480 1931 138 39 Bildung
1641 1931 91 51 einer
1739 1930 209 48 politischen
1970 1930 111 32 Partei
2103 1929 57 32 be-

1263 1984 99 40 grüßt
1378 1985 83 32 oder
1482 1984 176 32 verurteilt.

1329 2037 74 32 Daß
1428 2037 51 32 die
1507 2037 234 37 sozialistische
1768 2037 119 32 Presse
1913 2023 139 45 darüber
2078 2029 82 44 ganz

1246 2089 76 33 ‘aus
1342 2090 70 32 dem
1432 2090 176 32 Häuschen
1625 2090 53 38 ist,
1699 2086 165 38 erscheint
1884 2081 276 40 selbstverständ-

1263 2143 74 31 lich.
1357 2143 98 39 Liegt
1473 2143 83 32 doch
1574 2143 93 40 heute
1686 2143 31 31 in
1737 2142 71 32 dem
1826 2140 335 34 Vorwärtssehreiten

1266 2196 57 31 der
1344 2195 137 40 gelben,
1513 2195 53 33 auf
1598 2196 68 32 dem
1697 2195 113 32 Boden
1842 2195 57 33 der
1941 2193 221 39 unbedingten

1263 2248 147 32 Freiheit
1429 2249 58 31 des
1508 2248 293 49 Privateigentums
1821 2247 179 33 stehenden
2019 2246 64 33 und
2103 2246 59 32 das

1265 2301 170 32 friedliche
1464 2293 255 52 Einvernehmen
1747 2300 58 33 mit
1834 2298 62 34 den
1925 2298 239 47 Arbeitgebern

1266 2354 222 40 predigenden
1515 2344 260 49 Arbeiterpartei
1807 2353 52 33 die
1893 2353 116 39 größte
2042 2352 123 32 Gefahr

1265 2407 53 32 für
1346 2407 61 32 den
1435 2407 275 72 rovolutioniren
1724 2406 220 71 Sondes,
1973 2405 191 39 besonders,

1998 2459 7 8 A
2034 2458 76 17 Ye
2138 2458 40 14 he

2023 2478 2 2 x
2044 2460 57 30 kan
2097 2474 62 15 HE

1762 2512 87 30 diese
1988 2521 34 15 ler
2056 2512 40 30 So
2101 2511 64 48 Ziar

1486 2603 7 2 :
1714 2563 92 38 gelbe
1833 2550 217 44 Parteileitung
2110 2555 47 37 nu

1268 2615 104 32 davon
1392 2615 214 39 überzeugen,
1627 2615 69 34 daß.
1705 2614 63 34 mit
1786 2615 62 32 den
1868 2579 222 68 Beschlüssen
2110 2614 58 32 der

1268 2668 141 39 Bildung
1426 2668 89 38 einer
1532 2668 193 39 politischen
1743 2667 231 40 Organisation
1992 2667 60 33 das
2069 2665 98 34 Rich-

1270 2721 67 39 tige
1360 2721 158 39 getroffen
1539 2721 110 32 wurde
1670 2721 65 33 und
1757 2721 64 32 daß
1843 2721 53 32 auf
1919 2720 122 33 diesem
2062 2720 105 39 Wege

1270 2774 52 32 die
1350 2766 226 49 Bekämpfung
1604 2774 62 39 der
1690 2773 310 33 Sozialdemokratie
2029 2773 139 39 möglich

1270 2826 54 32 ist.
1349 2847 43 2 —
1415 2827 70 32 Wir
1511 2827 216 32 unsererseits
1753 2826 127 33 können
1907 2826 47 33 sie
1980 2837 41 21 zu
2047 2825 121 33 diesem

1270 2879 216 33 Entschlusse
1512 2880 41 31 im
1580 2878 165 34 Interesse
1771 2879 89 32 einer
1886 2878 191 33 friedlichen.
2105 2878 64 33 Ge-

1272 2933 144 39 staltung
1442 2933 59 32 der
1524 2932 450 38 Produktionsverhältnisse
2008 2942 59 23 nur
2116 2932 54 36 auf

1272 2986 59 32 das
1356 2985 195 37 herzlichste
1576 2985 326 39 beglückwünschen.

1867 3037 84 33 Die
1969 3037 178 33 Arbeit.

1269 2563 212 38 listenpresse
1513 2559 82 35 Kann
1629 2565 81 37 die

1315 3182 65 40 Ist
1407 3194 103 28 man
1538 3181 290 52 verpflichtet,
1858 3181 267 40 unbestellte

1422 3245 157 40 Waren
1606 3244 381 40 zurückzusenden
1998 3243 18 39 ?

1342 3357 60 32 Bei
1432 3357 71 32 dem
1545 3356 148 33 scharfen
1722 3354 354 39 Konkurrenzkampfe,
2118 3353 57 32 der

1276 3410 96 32 heute
1393 3410 52 32 auf
1466 3410 84 32 allen
1573 3409 158 33 Gebieten
1752 3409 58 33 des
1832 3403 271 45 geschäftlichen.
2112 3406 62 32 Le-

1277 3462 81 33 bens
1387 3463 158 38 herrscht,
1576 3463 64 31 und
1668 3462 71 32 dem
1768 3461 201 33 Kaufmanne
1999 3459 90 34 nicht.
2121 3468 54 30 ge-

1277 3515 92 39 ringe
1396 3515 277 39 Existenzsorgen
1698 3515 150 38 bereitet,
1875 3515 44 32 ist
1945 3514 51 32 ein
2022 3512 70 33 Teil
2120 3513 56 32 der

1279 3568 257 42 Geschäftswelt
1555 3568 52 32 bei
1627 3568 151 46 Auswahl
1797 3568 58 32 der
1874 3567 118 38 Mittel,
2014 3576 50 23 um
2084 3565 93 32 einen

1277 3621 174 39 möglichst
1467 3621 103 33 hohen
1588 3621 132 40 Umsatz
1737 3620 83 37 beim
1837 3620 143 32 Verkauf
1998 3619 86 32 ihrer
2100 3618 77 32 Wa-

1279 3685 66 28 ren,
1370 3675 62 31 und
1457 3674 144 32 dadurch
1625 3674 91 32 einen
1740 3674 103 32 hohen
1869 3671 309 40 Geschäftsgewinn

1280 3738 39 21 zu
1350 3727 150 39 erzielen,
1531 3718 159 51 durchaus
1719 3727 90 32 nicht
1839 3725 204 39 wählerisch,
2076 3724 104 33 selbst

1281 3790 93 22 wenn
1406 3780 91 33 diese
1529 3780 108 32 Mittel
1678 3780 89 33 nicht
1809 3780 111 32 immer
1951 3777 230 34 einwandsfrei

1282 3833 81 32 sind.
1385 3834 67 32 Der
1471 3833 195 38 Katüfmann,
1682 3844 93 21 wenn
1796 3843 35 22 er
1853 3832 89 33 seine
1965 3832 125 39 Spesen
2112 3830 68 33 auf-

1281 3886 136 40 bringen
1435 3887 64 32 und
1517 3887 92 31 einen
1628 3886 135 32 Gewinn
1782 3885 140 33 erzielen
1940 3885 76 38 will,
2035 3884 65 33 will
2118 3883 64 34 und

1281 3939 75 32 muß
1374 3939 80 32 eben
1470 3939 187 33 verkaufen.
1675 3940 50 32 Da
1741 3939 77 33 aber
1835 3939 59 32 das
1910 3938 151 39 Angebot
2077 3937 32 32 in
2126 3937 57 32 der

1282 3992 104 40 Regel
1404 3992 128 33 stärker
1548 3992 44 32 ist
1607 3992 48 32 als
1673 3992 50 33 die
1736 3991 200 40 Nachfrage,
1953 3992 65 32 und
2035 3991 51 32 die
2103 3990 80 32 böse

1283 4045 212 32 Konkurrenz
1523 4045 81 32 auch
1632 4045 152 33 verkauft
1810 4045 64 32 und
1901 4043 178 33 verkaufen
2107 4042 77 39 will,

1283 4098 132 33 verfällt
1443 4098 59 32 der
1529 4097 271 33 Geschäftsmann
1829 4097 170 33 bisweilen
2029 4096 53 33 auf
2112 4105 73 23 aus-

1288 4151 187 40 geklügelte
1509 4150 127 38 Tricks;
1669 4162 50 22 um
1753 4151 88 32 seine
1875 4151 120 32 Waren
2040 4160 39 21 an
2124 4149 62 32 den

1285 4205 99 31 Mann
1401 4215 38 22 zu
1455 4204 136 39 bringen
1603 4217 6 24 ;
1627 4204 80 33 dazu
1725 4203 115 41 gehört
1856 4215 29 21 u.
1903 4214 39 28 ’a.,
1959 4203 128 39 jemand
2105 4202 80 32 ohne

1286 4257 192 40 Bestellung
1505 4257 120 32 Waren
1652 4257 49 44 ins
1728 4257 92 33 Haus
1872 4267 39 22 zu
1939 4256 131 38 senden,
2123 4255 64 33 und

1275 4309 104 33 ‚wenn
1396 4310 108 32 dieser
1520 4310 137 32 Jemand
1673 4310 175 38 unterläßt,
1867 4310 51 33 die
1935 4309 98 32 Ware
2051 4308 136 42 zurück-

1288 4363 207 38 zuschicken,
1529 4363 51 32 die
1613 4363 147 39 Zahlung
1793 4363 58 32 des
1884 4362 234 39 Kaufspreises
2150 4371 39 23 zu

1286 4417 186 41 verlangen,
1499 4416 55 33 mit
1581 4416 58 32 der
1662 4416 231 39 Begründung,
1920 4416 63 32 daß
2010 4415 100 33 durch
2133 4415 55 32 die

1287 4469 184 33 Annahmen
1495 4470 57 32 der
1573 4469 120 33 Waren
1716 4469 51 33 ein
1788 4469 221 39 Kaufvertrag
2033 4468 157 32 zustande

1289 4523 187 39 gekommen
1501 4522 56 33 sel.

1356 4576 211 32 Gewöhnlich
1589 4575 82 33 wird
1693 4575 95 33 dabei
1810 4575 62 33 wie
1895 4575 83 40 folgt
2000 4552 172 55 verfahren
2185 4588 6 18 :

1290 4630 67 31 Der
1387 4622 203 39 betreffende
1620 4629 190 38 Kaufmann,
1840 4628 141 32 welcher
2013 4628 178 32 Geschäfte

2010 444 51 32 die
2103 443 69 32 sie

3004 272 32 26 N'
3070 271 34 25 27

2753 305 5 11 1

2208 393 92 29 unter
2319 388 83 45 allen
2422 388 201 32 Umständen
2643 386 134 33 machen
2797 385 76 39 will,
2894 384 130 33 schickt
3044 383 63 33 soi-

2206 440 119 50 venten
2343 441 165 41 Personen
2528 440 71 33 eine
2618 439 213 34 Drucksache
2850 439 50 32 ins
2920 438 102 38 Haus,
3042 447 66 23 wo-

2207 496 49 32 rin
2279 506 35 22 er
2317 495 130 32 diesen
2470 495 141 37 mitteilt,
2635 494 63 32 daß
2722 504 34 22 er
2780 493 70 32 sich
2874 489 115 43 geehrt
3011 490 97 38 fühle,

2206 549 58 32 mit
2283 549 93 40 ihnen
2395 548 32 32 in
2448 546 381 39 Geschäftsverbindung
2850 545 39 33 zu
2908 548 117 34 treten,
3044 543 66 33 und

2209 602 69 32 sich
2304 598 152 36 erlauben
2476 601 125 38 werde,
2627 600 176 39 nächstens
2830 598 70 33 eine.
2927 597 182 33 Probesen-

2208 656 87 38 dung
2320 655 106 32 seiner
2449 653 230 46 vorzüglichen
2703 652 64 33 und
2791 644 216 51 preiswerten
3031 649 78 32 Wa-

2207 718 57 22 ren
2285 707 215 39 zuzusenden,
2522 707 109 33 sofern
2652 716 35 23 er
2707 705 91 33 nicht
2817 705 118 32 binnen
2946 707 29 34 8
2997 703 112 39 Tagen

2200 762 79 32 ‚eine
2303 760 197 40 Mitteilung‘
2514 760 134 38 erhalte,
2671 759 136 32 wonach
2831 757 53 33 auf
2908 757 52 33 die
2985 757 125 32 Zusen-

2209 815 87 39 dung
2324 815 56 32 der
2407 808 120 38 Waren
2554 812 181 34 verzichtet
2762 810 93 34 wird.
2908 805 82 38 Sind
3019 809 127 32 diese

2209 868 75 32 acht
2305 868 90 38 Tage
2418 867 204 39 abgelaufen,
2646 866 81 32 ohne
2750 865 65 32 daß
2839 865 57 32 der
2918 863 191 42 Kaufmann,

2209 921 61 32 wie
2291 931 58 22 nur
2367 920 171 38 natürlich,
2561 920 71 36 eine
2653 918 165 39 derartige
2839 916 188 39 Mitteilung
3047 925 64 22 von

2209 971 71 35 dem
2299 973 199 39 Empfänger
2516 973 59 32 der
2591 971 213 33 Drucksache
2825 970 145 33 erhalten
2988 969 66 38 hat,
3074 978 36 22 so

2210 1027 131 32 schickt
2362 1037 36 22 er
2413 1034 46 25 an
2482 1025 177 33 denselben
2682 1025 52 32 die
2758 1024 155 32 avisierte
2936 1022 100 37 Ware
3061 1021 61 40 ab,

2209 1080 106 32 indem
2338 1091 35 21 er
2395 1090 58 23 aus
2477 1079 56 32 der
2556 1078 349 38 Nichtbeantwortung
2930 1076 56 33 der
3009 1074 102 33 Kauf-

2210 1134 114 35 offerte
2346 1133 54 32 auf
2421 1132 164 32 Annahme
2608 1132 57 32 der
2687 1131 99 33 Ware
2808 1128 306 45 beziehungsweise

2211 1184 314 34 Zustandekommen
2554 1185 90 32 eines
2671 1183 260 39 Kaufvertrages
2961 1179 151 40 schließt,

2210 1239 64 45 und
2293 1239 82 32 dann
2396 1237 327 33 selbstverständlich
2741 1236 167 46 hinterher
2925 1235 83 33 auch
3027 1233 98 33 Zah-

2210 1292 77 39 lung
2312 1292 58 31 des
2394 1291 216 39 Kaufpreises
2634 1291 160 38 verlangt.
2820 1290 38 31 In
2882 1286 232 35 Wirklichkeit

2210 1345 86 32 kann
2320 1344 118 39 jedoch
2462 1354 63 22 von
2551 1343 102 33 einem
2679 1342 316 41 Zustandekommen
3013 1338 100 35 eines

2212 1397 258 43 Kaufvertrages
2500 1400 96 29 unter
2623 1396 147 40 solchen
2786 1388 203 46 Umständen
3018 1393 96 43 keine

2213 1450 91 33 Rede
2321 1450 95 37 sein.

2212 1503 90 33 eines
2321 1485 270 57 Kaufvertrages,
2614 1502 47 32 sei
2682 1512 34 22 er
2737 1492 63 42 nun
2821 1501 52 32 ein
2895 1499 220 34 schriftlicher

2214 1553 79 36 oder
2304 1556 225 38 mündlicher,
2559 1555 117 33 bilden
2700 1555 59 32 das
2789 1547 232 52 Kautangebot
3050 1552 66 44 und

2214 1610 119 33 dessen
2362 1603 174 38 Annahme.
2594 1609 42 31 In
2663 1602 122 38 diesem
2814 1607 91 32 Falle
2936 1607 90 31 hatte
3056 1593 60 45 der

2213 1662 180 33 Kaufmann
2407 1662 64 32 ein
2497 1661 230 39 Kaufangebot
2748 1658 166 42 gemacht,
2941 1659 81 32 ohne
3050 1659 124 38 daß

2214 1715 152 39 dasselbe
2386 1715 118 39 jedoch
2525 1722 230 31 angenommen
2776 1713 133 32 worden
2930 1722 80 29 war,
3032 1712 83 32 denn

2214 1769 70 32 dies
2305 1769 89 32 hätte
2416 1767 229 44 ausdrücklich
2666 1766 186 40 geschehen
2871 1767 140 31 müssen.
3032 1764 83 33 Eine

2216 1821 309 45 stillschweigende-
2545 1816 174 47 Annahme,
2732 1830 76 23 aus
2840 1819 69 41 der
2928 1819 58 32 der
2999 1817 117 40 Kauf-

2214 1885 94 30 mann
2336 1874 58 32 das
2423 1873 316 46 Zustandekommen
2768 1872 59 44 des
2857 1868 259 42 Kaufvertrages
3152 1877 4 3 -

2215 1927 161 42 herleitet,
2405 1927 45 32 ist.
2478 1937 89 21 zwar
2593 1929 93 29 unter.
2715 1925 203 33 Umständen
2958 1923 181 43 rechtlich

2216 1980 154 38 denkbar,
2399 1980 78 32 aber
2503 1990 59 21 nur
2589 1979 94 38 dann,
2711 1989 94 21 wenn
2833 1978 57 32 der
2918 1977 199 40 Empfänger

2216 2033 58 32 der
2301 2033 98 31 Ware
2427 2032 56 32 mit
2511 2032 71 42 dem
2610 2032 181 32 Kaufmann
2821 2030 99 44 schon
2947 2029 109 32 früher
3084 2029 33 32 in

2216 2084 383 40 Geschäftsverbindung
2637 2084 180 46 gestanden
2854 2084 100 37 hatte,
2992 2083 32 31 in
3060 2082 58 43 der

2216 2138 123 38 Weise,
2359 2138 64 32 daß
2444 2148 35 22 er
2498 2137 51 32 ein
2568 2137 104 32 fester
2690 2136 115 33 Kunde
2824 2146 63 22 von
2904 2136 66 32 ihm
2989 2135 46 33 ist.
3053 2135 65 42 und

2218 2190 111 33 seinen
2352 2190 122 33 Bedarf
2498 2200 50 22 an.
2562 2190 58 32 der
2643 2189 228 45 betreffenden
2888 2189 98 38 Ware
3012 2188 106 43 regel:

2217 2243 110 46 mäßig
2350 2253 63 24 von.
2438 2239 63 36 ihm
2526 2244 40 31 zu
2590 2237 157 38 beziehen
2771 2242 112 39 pflegt.
2909 2241 106 44 Wenn
3041 2241 78 36 aber

2219 2297 51 32 ein
2290 2296 220 40 Kaufvertrag
2531 2295 182 43 überhaupt
2732 2295 90 32 nicht
2829 2294 164 39 vorliegt,
3017 2304 35 22 so
3074 2293 46 33 ist

2220 2350 57 32 der
2297 2349 209 39 Empfänger.
2563 2349 57 32 der
2649 2348 121 32 Waren
2799 2347 93 33 auch:
2911 2346 209 39 keineswegs

2220 2402 219 48 verpflichtet,
2470 2402 168 73 dieselben
2668 2402 71 32 dem
2768 2400 180 38 Absender,
2980 2399 58 32 der
3068 2398 53 32 die

2222 2448 153 46 Sendung
2400 2455 92 33 aufs
2599 2454 117 31 Gefahr
2744 2454 67 31 und
2829 2454 15 30 T

2307 2510 227 28 znriückznsehs
2521 2470 51 71 ich
2587 2518 46 20 en,
2651 2508 131 36 ja,rirehi

2272 2559 160 33 chrichtigen,
2503 2559 63 32 daB-
2585 2557 62 46 die:
2668 2565 88 25 nicht
2784 2564 35 20 be

2223 2602 116 48 seiner,
2357 2575 85 69 eu
2431 2585 199 64 Absenders,
0 0 3431 4972 N
2647 2570 201 80 Vertagung:
2857 2610 103 32 stehe.
2977 2609 65 32 Für
3049 2585 82 56 "den

2808 2509 114 28 einmal
2941 2506 48 29 ihn
3012 2516 33 20 zu:
3067 2504 59 31 be-

2859 2558 73 30 eilte
2962 2556 93 32 Ware
3083 2564 36 23 zu

2214 2664 209 39 Empfänger
2442 2664 144 33 entsteht
2607 2664 82 32 auch
2709 2663 95 33 keine
2828 2662 294 33 Schadensersatz-

2222 2717 112 39 pflicht
2352 2718 71 31 dem
2440 2717 178 33 Absender
2628 2707 196 49 gegenüber,
2843 2726 93 22 wenn
2956 2715 51 32 die
3025 2724 98 29 zuge-

2225 2771 114 32 sandte
2363 2771 99 32 Ware
2485 2770 54 32 bei
2564 2770 62 32 ihm
2650 2770 156 32 verdirbt.
2832 2768 193 33 Anderseits
3049 2766 76 33 muf

2225 2824 57 31 der
2299 2824 169 32 Absender
2485 2824 71 31 dem
2574 2823 198 38 Empfänger
2788 2822 113 38 solche
2918 2822 126 31 Kosten
3061 2820 107 32 und

2225 2876 77 32 bare
2326 2877 166 38 Auslagen
2517 2879 160 35 ersetzen,
2704 2875 52 33 die
2783 2874 122 33 diesem
2930 2874 50 32 für
3006 2872 120 33 Aufbe-

2225 2929 155 39 wahrung
2405 2929 58 33 der
2486 2929 90 32 nicht
2599 2929 175 32 bestellten
2798 2928 121 32 Waren
2945 2926 181 33 entstehen.

2226 2982 197 33 Verwendet.
2463 2982 57 32 der
2562 2981 200 39 Empfänger
2803 2980 177 39 allerdings
3024 2972 102 45 einen,

2226 3046 93 21 wenn
2342 3035 82 32 auch
2446 3035 82 32 noch
2551 3045 35 22 so
2610 3034 156 39 geringen
2788 3033 71 32 Teil
2882 3033 58 32 der
2961 3032 62 32 ihm
3046 3032 81 32 ohne

2227 3088 192 39 Bestellung
2447 3086 223 41 zugesandten
2697 3087 121 32 Waren
2846 3092 39 27 zu
2914 3086 121 32 seinem
3063 3085 65 32 Ge-

2227 3141 152 38 brauche,
2398 3151 35 22 so
2452 3141 60 39 gilt
2528 3140 52 33 die
2599 3151 101 29 ganze
2719 3140 154 38 Sendung
2890 3139 49 32 als
2957 3148 171 29 angenom-

2228 3204 71 22 men
2320 3194 64 32 und
2407 3194 100 32 damit
2529 3194 51 32 ein
2602 3193 220 38 Kaufvertrag
2846 3192 47 32 als
2918 3191 211 39 abgeschlos-

2231 3257 66 22 sen.
2323 3247 36 31 In
2384 3247 120 32 diesem
2529 3246 90 32 Falle
2643 3246 85 32 kann
2753 3245 57 33 der
2828 3244 175 41 Absender
3027 3244 103 39 folge-

2230 3300 118 39 richtig
2374 3300 82 32 auch
2482 3299 50 33 die
2560 3299 147 39 Zahlung
2734 3299 58 32 des
2818 3298 214 39 Kaufpreises
3057 3307 73 22 ver-

2230 3354 127 39 langen.
2387 3372 25 10 —

2229 3499 86 39 Das
2356 3508 111 30 neue
2509 3496 209 41 deutsche
2757 3493 373 42 Automobilhaft-

2522 3559 317 50 pfiichtgesetz.

2365 3673 70 32 Das
2461 3682 80 22 neue
2569 3671 156 33 deutsche
2753 3667 381 40 Automobilhaftpflicht-

2240 3729 113 36 gesetz
2386 3725 44 32 ist
2462 3725 101 42 letzte
2595 3724 124 32 Woche
2753 3732 71 22 vom
2858 3720 277 39 Reichsanzeiger

2236 3778 239 33 veröffentlicht
2503 3778 142 36 worden,
2674 3775 155 32 nachdem
2859 3775 52 33 die
2941 3773 196 40 preußische

2236 3831 186 40 Regierung
2443 3831 66 32 ihre
2530 3824 222 45 Zustimmung
2772 3840 38 21 zu
2830 3829 57 32 der.
2905 3827 233 40 aufgestellten

2237 3885 150 39 Fassung
2408 3884 148 40 gegeben
2575 3882 56 32 hat
2649 3882 64 33 und
2734 3882 81 33 auch
2836 3880 106 40 einige
2963 3881 57 32 der
3040 3879 97 33 ande-

2238 3949 57 21 ren
2313 3938 160 39 größeren
2491 3936 264 32 Bundesstaaten
2773 3945 39 22 an
2831 3934 61 33 den
2910 3928 95 38 ihnen
3023 3932 115 39 mitge-

2240 3991 112 32 teilten
2378 3990 228 33 Grundsätzen
2631 3989 40 32 im
2696 3987 212 40 allgemeinen
2934 3986 106 33 nichts
3065 3995 74 42 aus-

2239 4046 154 30 zusetzen
2412 4044 121 32 hatten.

2306 4097 110 32 Ueber
2440 4096 61 32 den
2525 4095 106 33 Inhalt
2656 4095 58 32 des
2741 4095 160 32 Gesetzes
2925 4092 120 33 meldet
3069 4092 71 31 eine

2241 4149 147 33 Berliner
2419 4148 329 40 paralamentarische
2779 4146 271 39 Korrespondenz
3083 4144 58 33 das

2241 4203 170 39 folgende:
2431 4203 66 32 Der
2516 4212 81 23 neue
2616 4201 159 37 Entwurf,
2796 4200 57 32 der
2871 4210 62 22 von
2952 4199 191 32 Vertretern

2242 4256 58 32 der
2317 4255 343 34 Automobilindustrie
2677 4254 65 33 und
2759 4263 62 22 von
2840 4252 184 33 bekannten
3043 4250 100 32 Auto-

2242 4309 272 37 mobilbesitzern,
2538 4308 51 33 die
2612 4307 154 39 übrigens
2772 4306 122 32 kleine
2917 4303 227 40 Milderungen

2244 4362 82 32 noch
2357 4361 264 40 durchgedrückt
2651 4359 104 33 haben
2787 4359 112 37 sollen,
2931 4357 215 40 begutachtet

2244 4415 131 32 worden
2394 4415 55 38 ist,
2468 4414 128 32 zerfällt
2614 4413 31 32 in
2666 4413 68 32 drei
2754 4411 212 33 Abschnitte:
2986 4421 34 22 er
3039 4409 107 40 regelt

2246 4468 51 33 die
2317 4467 254 33 zivilrechtliche
2594 4466 88 32 Seite
2702 4465 64 33 und
2784 4464 65 33 hat-
2859 4462 202 41 polizeiliche
3081 4463 65 32 und

2248 4520 260 33 strafrechtliche
2537 4518 275 39 Bestimmungen.
2870 4518 62 32 Die.
2963 4515 183 33 zivilrecht-

2246 4574 83 32 liche
2355 4573 89 33 Seite
2466 4572 106 44 regelt
2595 4571 51 33 die
2669 4571 146 40 Haftung
2837 4571 50 32 für
2911 4570 61 32 den
2998 4569 150 33 Schaden

2246 4637 40 22 an
2301 4626 79 33 Leib
2396 4627 64 32 und
2477 4626 83 38 Gut;
2576 4625 128 33 haftbar
2719 4625 50 32 für
2787 4625 61 32 den
2866 4623 138 33 Schaden
3004 4623 68 32 ist
3091 4623 58 32 der

2475 1450 66 44 Die
2574 1449 199 32 rechtlichen
2794 1449 320 46 Voraussetzungen
3145 1481 3 3 |
3175 1435 3 2 :

2839 2453 117 31 Zoster-
2980 2451 157 33 hewirkt..
3163 2447 9 25 3
