3488 4969
1510 307 223 26 Schweizerische
1762 306 313 33 Arbeitgeber-Zeitung.

558 419 446 44 Streiknachrichten.

404 540 290 32 Altstetten
765 537 30 31 In
862 535 56 31 der
982 528 252 35 Bürstenfabrik

338 593 267 39 Schönenberger
638 592 41 32 ist
715 591 48 32 ein
799 587 145 34 Konflikt
979 583 254 40 ausgebrochen.

336 647 108 31 Durch
470 647 58 31 den
556 645 210 39 allgemeinen
796 641 177 38 Rückgang
1000 639 29 31 in
1056 638 55 31 der
1138 636 95 31 Indu-

336 700 77 31 strie
434 700 41 31 ist
497 700 55 31 der
573 684 138 47 Inhaber
732 698 55 30 der
809 696 181 38 genannten
1010 691 107 32 Firma
1138 690 95 31 eben-

334 754 73 32 falls
433 755 167 31 veranlaßt
628 752 141 35 worden,
798 750 58 31 den
883 745 179 38 Lohntarif,
1089 744 146 32 welchen

335 808 50 31 die
410 808 236 38 organisierten
669 805 149 32 Arbeiter
841 812 57 22 vor
922 804 84 28 etwa
1030 799 101 32 einem
1154 797 80 32 Jahr

335 861 79 31 nach
438 861 63 32 fast
526 859 219 39 20wöchigem
772 855 109 34 Streik
905 853 136 39 erpreßt
1060 852 112 31 hatten
1196 860 38 21 zu

334 914 126 32 künden
489 914 62 32 und
581 914 59 31 den
669 911 128 33 frühern
827 907 183 38 niedrigern
1039 904 89 33 Tarif
1157 903 76 32 wie-

335 968 55 31 der
417 977 55 22 zur
497 966 210 38 Anwendung
734 974 38 21 zu
798 962 145 37 bringen.
971 960 68 31 Das
1066 957 80 40 paßt
1172 967 62 21 nun

335 1021 55 31 Jer
417 1019 250 33 Gewerkschaft
694 1027 81 29 ganz
800 1016 62 31 und
890 1024 56 28 gar
972 1012 98 37 nicht;
1096 1011 64 31 und
1188 1010 45 32 sie

335 1073 54 32 hat
422 1073 66 31 ihre
522 1072 210 39 Delegierten
766 1067 180 35 veranlaßt,
979 1064 84 33 beim
1099 1063 136 32 Inhaber

335 1126 168 38 vorstellig
526 1137 38 20 zu
588 1125 140 32 werden.
752 1123 60 31 Um
837 1120 80 32 nach
942 1118 104 33 außen
1070 1117 53 32 hin
1145 1118 89 36 mög-

334 1172 95 39 lichst
457 1179 49 32 die
533 1179 107 31 Miene
667 1177 55 31 der
750 1173 200 41 gekränkten
977 1170 168 33 Unschuld
1171 1169 63 32 und

334 1232 200 39 bedrängten
558 1230 197 33 Proletarier
776 1225 238 35 hervorkehren
1036 1235 38 21 zu
1096 1223 138 37 können,

335 1285 127 32 werden
495 1283 208 41 gleichzeitig
733 1282 29 31 in
805 1281 55 31 der
902 1278 182 39 ergebenen
1114 1277 120 30 Presse

334 1339 163 31 allerhand
521 1335 295 35 Schauermärchen
839 1332 209 39 aufgetischt,
1070 1341 39 21 an
1132 1330 103 31 denen

335 1390 324 33 selbstverständlich
679 1389 73 31 kein
771 1387 126 32 wahres
915 1386 94 31 Wort
1026 1385 53 31 ist.
1098 1383 62 31 Mit
1179 1382 55 31 der

334 1444 168 32 Wahrheit
524 1444 129 31 nehmen
677 1452 35 21 es
734 1441 89 32 diese
845 1440 57 31 Art
923 1439 103 31 Leute
1049 1437 49 32 nie
1122 1447 34 21 so
1180 1446 54 28 ge-

335 1508 69 26 nau,
433 1498 68 31 eine
529 1495 283 38 Entschuldigung
840 1493 42 32 ist
910 1490 221 39 nachträglich
1159 1488 76 32 bald

336 1551 146 38 gemacht
509 1551 62 31 und
599 1549 92 32 dabei
719 1548 44 31 ist
791 1547 55 31 der
874 1544 209 40 gewünschte
1112 1541 123 32 Zweck

336 1604 79 31 doch
443 1603 148 32 erreicht.
619 1602 47 31 Ob
694 1601 80 32 auch
801 1599 133 32 diesmal
961 1597 78 32 alles
1065 1595 80 32 nacl
1174 1595 59 31 den

338 1657 180 31 Wiinschen
549 1656 56 31 der
635 1654 249 37 Obergenossen
917 1651 102 39 gehen
1061 1648 89 34 wird,
1192 1647 43 31 ist

336 1710 72 32 sehr
428 1709 145 39 traglich.
1146 1701 43 31 M.

648 1764 16 17 *
894 1761 14 16 *

772 1788 14 16 *

402 1843 213 31 Travers.
648 1841 67 30 Der
747 1849 55 22 vor
833 1838 74 32 bald
940 1836 101 32 einem
1072 1834 100 33 Jahre
1204 1833 30 31 in

335 1896 106 31 dieser
460 1895 136 38 Gegend
614 1892 264 40 ausgebrochene
897 1889 147 33 Konflikt
1063 1889 55 31 der
1137 1886 97 33 Holz-

335 1948 140 32 arbeiter
511 1947 55 32 mit
603 1947 90 31 ihren
730 1945 157 31 Meistern
926 1943 43 31 ist
1007 1942 108 31 immer
1153 1940 81 31 noch

335 2002 82 31 nicht
442 2000 165 38 beendigt,
631 1999 102 31 indem
757 2008 35 21 es
815 1997 79 31 noch
918 1996 69 31 eine
1010 1994 121 32 Anzahl
1153 1993 81 40 Mei-

336 2063 59 23 ster
429 2054 78 39 gibt,
535 2053 49 31 .die
612 2052 80 31 noch
720 2054 102 28 etwas
852 2049 162 38 Rückgrat
1042 2047 102 31 haben
1172 2045 62 32 und

339 2108 68 30 sich
440 2107 88 31 nicht
562 2116 69 21 vom
666 2108 108 28 ersten
820 2103 115 31 besten
969 2101 171 32 Genossen
1186 2099 48 30 ins

335 2160 187 31 Bockshorn
549 2159 95 37 jagen
671 2158 119 30 lassen.
817 2155 118 32 Leider
961 2153 130 33 werden
1118 2151 117 33 diesel-

335 2213 59 31 ben
413 2223 60 21 von
493 2212 89 31 ihren
602 2209 270 38 Berufskollegen
893 2208 87 31 nicht
998 2217 57 21 nur
1074 2206 31 31 in
1124 2205 111 31 keiner

335 2266 110 31 Weise
471 2266 209 35 unterstützt,
709 2263 138 32 sondern
875 2260 151 38 dadurch,
1054 2259 63 32 daß
1146 2258 90 32 diese

336 2319 49 31 die
417 2317 131 32 Befehle
577 2317 64 31 und
669 2316 200 37 Weisungen
899 2314 56 31 der
986 2311 251 33 Gewerkschaft

336 2371 202 38 gehorsamst
566 2369 144 37 erfüllen,
739 2367 177 39 schädigen
943 2366 46 33 sie
1017 2366 50 31 die
1093 2365 143 31 Interes-

337 2435 54 20 sen
416 2424 89 37 jener
528 2422 152 32 wackern
705 2421 138 38 Firmen,
869 2420 49 32 die
946 2419 122 39 gewillt
1093 2417 82 38 sind,
1201 2427 35 22 es

336 2476 52 32 auf
410 2476 91 32 einen
521 2476 117 38 Kampf
660 2475 186 31 ankommen
867 2484 38 21 zu
926 2473 118 37 lassen,
1065 2471 64 32 und
1150 2480 86 22 zwar

337 2530 28 31 in.
398 2529 211 37 Anbetracht,
642 2528 63 32 daB
738 2527 50 32 die
820 2526 231 38 Forderungen
1084 2525 56 31 der
1173 2523 64 32 Ge-

336 2581 248 32 werkschaftler
614 2580 144 38 weniger
788 2579 68 32 eine
886 2578 265 38 Besserstellung
1182 2577 55 32 der

337 2635 149 32 Arbeiter
517 2634 137 32 sondern
686 2633 69 32 eine
786 2632 252 37 Unterordnung
1069 2631 56 31 der
1155 2630 82 31 Mei-

337 2695 66 25 ster
423 2692 94 28 unter
537 2688 50 31 die
610 2686 290 32 Gewerkschaften
923 2685 169 32 bedeuten.
1116 2682 121 33 Glück-

338 2741 200 32 licherweise
566 2740 40 31 ist
634 2740 56 30 der
716 2739 121 32 überall
863 2739 80 31 flaue
971 2737 266 38 Geschäftsgang

338 2794 47 31 ein
418 2793 179 38 mächtiger
630 2792 272 38 Bundesgenosse
935 2792 56 30 der
1023 2790 215 38 Arbeitgeber

337 2847 62 32 und
429 2850 83 28 trotz
542 2846 56 31 der
626 2845 78 31 über
733 2845 67 31 ihre
831 2844 177 32 Geschäfte
1037 2843 201 38 verhängten

340 2900 138 38 Sperren
508 2899 79 31 oder
615 2897 164 32 vielleicht
811 2897 117 38 gerade
960 2896 143 38 deshalb,
1135 2895 103 33 erhal-

338 2957 52 28 ten
413 2953 45 31 sie
481 2962 34 21 so
534 2951 83 32 viele
639 2950 305 39 Arbeitsangebote,
967 2950 47 31 als
1037 2950 45 32 sie
1105 2959 58 22 nur
1183 2949 54 32 be-

338 3005 245 38 rücksichtigen
613 3004 136 30 kônnen.
808 3003 210 33 Vorderhand
1059 3003 43 32 ist
1145 3002 94 32 somit

338 3060 89 31 diese
450 3058 115 38 Sperre
587 3067 81 28 ganz
689 3056 226 39 wirkungslos.
1123 3056 70 31 Wz.

660 3121 14 17 *
905 3121 14 16 *

782 3147 15 16 *

404 3200 161 32 Arbon.
623 3199 60 31 Die
742 3197 497 40 Textilarbeitergewerkschaft

339 3254 82 31 kann
442 3264 34 21 es
495 3253 104 31 Herrn
620 3251 102 32 Heine
743 3252 86 32 nicht
848 3262 188 28 vergessen,
1057 3251 62 32 daß
1139 3262 34 21 er
1192 3251 48 31 ihr

341 3307 90 32 einen
464 3305 196 39 gewaltigen
694 3305 107 31 Strich
834 3305 99 32 durch
964 3305 67 32 ihre
1062 3304 177 38 Rechnung

341 3359 145 40 gemacht
517 3358 63 31 hat.
611 3357 60 32 Die
704 3358 251 32 Gewerkschaft
996 3358 140 38 glaubte,
1179 3358 60 31 den

339 3412 145 33 Konflikt
515 3412 29 31 in
575 3410 246 33 üblicherweise
854 3423 36 20 zu
923 3412 87 31 einer
1041 3412 197 38 Kräftigung

340 3466 85 31 ihrer
446 3463 229 40 Organisation
698 3464 178 32 ausbeuten
898 3475 37 21 zu
957 3464 126 32 können
1104 3465 64 31 und
1190 3464 50 31 ein

340 3519 147 38 baldiges
509 3516 197 39 Nachgeben
727 3527 61 21 von
810 3518 101 32 seiten
933 3518 57 32 der
1009 3517 106 32 Firma
1136 3517 104 32 Heine

340 3572 88 32 hätte
451 3570 167 33 unfehlbar
641 3569 108 32 dieses
775 3570 147 33 Resultat
942 3571 135 39 bringen
1100 3572 140 30 müssen.

341 3626 59 31 Die
425 3625 83 31 feste
534 3623 144 38 Haltung
704 3622 76 32 aber
805 3623 53 32 hat
883 3635 56 20 zur
962 3624 111 38 Folge,
1100 3624 63 32 daß
1190 3624 50 32 die

342 3676 247 34 Gewerkschaft
621 3675 83 32 nicht
737 3686 56 21 nur
822 3676 46 31 ihr
896 3677 150 32 Ansehen
1100 3678 30 31 in
1186 3677 55 32 der

342 3729 321 33 Stickereiindustrie
693 3739 80 28 ganz
803 3729 186 39 eingebüßt,
1020 3730 137 32 sondern
1187 3730 54 32 da-

340 3784 53 31 mit
417 3784 80 31 auch
520 3783 91 31 einen
634 3782 121 38 großen
778 3783 134 39 Anhang
934 3784 146 31 verloren
1102 3783 65 33 hat.
1190 3784 51 30 In-

341 3836 161 32 zwischen
525 3836 40 32 ist
589 3835 80 32 auch
692 3835 50 31 die
764 3836 105 32 Kasse
893 3837 90 31 stark
1005 3837 29 31 in
1056 3836 185 32 Mitleiden-

342 3889 104 32 schaît
487 3899 144 28 gezogen
670 3888 130 31 worden
840 3890 62 31 und
941 3890 103 31 vielen
1085 3890 156 31 Gewerk-

342 3942 185 33 schaftlern,
552 3942 50 31 die
625 3941 79 38 jetzt
730 3942 80 31 noch
835 3953 37 21 zu
896 3942 84 32 ihrer
1006 3942 102 33 Sache
1134 3943 108 32 halten

342 3996 40 32 ist
413 4008 34 21 es
476 3995 87 32 mehr
591 4005 47 21 um
669 3994 50 32 die
750 3995 175 39 allerdings
954 4006 130 29 magern
1117 3996 124 32 Streik-

343 4050 157 38 groschen
530 4059 37 22 zu
597 4052 63 28 tun,
691 4047 47 32 als
766 4058 49 21 um
845 4048 60 32 den
933 4049 134 32 weitern
1095 4049 147 32 Bestand

342 4102 55 32 der
421 4101 260 33 Gewerkschaft.
705 4101 45 30 Es
775 4101 128 33 besteht
928 4112 58 28 gar
1008 4102 73 32 kein
1106 4102 136 32 Zweifel

343 4155 146 35 darüber,
524 4156 62 32 daß
621 4155 49 32 die
704 4153 303 34 Wiederaufnahme
1041 4156 56 32 der
1130 4155 111 32 Arbeit

342 4207 87 32 einer
459 4209 192 39 Sprengung
681 4208 55 32 der
766 4207 252 33 Gewerkschaft
1047 4209 195 38 gleichkom-

342 4270 67 21 men
449 4262 90 36 wird,
580 4273 90 21 wenn
712 4262 50 32 die
803 4260 105 32 Firma
949 4262 111 32 darauf
1100 4263 141 38 beharrt,

344 4322 57 21 nur
434 4314 315 40 Nichtorganisierte
784 4314 121 33 wieder
940 4314 221 34 einzustellen.
1197 4316 45 32 Es

343 4364 52 32 hat
425 4365 95 33 damit
550 4369 50 32 die
628 4370 108 31 Firma
762 4375 92 26 unter
883 4367 135 40 eigenen
1047 4370 196 38 gewaltigen

343 4417 123 33 Kosten
499 4420 69 33 eine
600 4423 143 33 Bresche
775 4424 31 32 in
837 4424 49 32 die
918 4421 143 33 Phalanx
1092 4423 58 32 der
1182 4424 62 31 Ge-

343 4467 195 34 werkschaft
565 4470 119 40 gelegt,
709 4473 50 32 die
783 4474 30 31 in
836 4473 152 33 nächster
1012 4472 72 33 Zeit
1108 4474 56 32 der
1189 4485 54 29 ge-

344 4527 118 25 samten
482 4522 327 40 Arbeitgeberschaft
826 4525 261 41 verhängnisvoll
1106 4537 37 22 zu
1162 4538 81 22 wer-

344 4569 57 32 den
424 4573 122 35 drohte.
1155 4581 43 32 M.

1360 419 216 31 Herisau.
1611 419 80 31 Hier
1725 418 43 32 ist
1802 418 50 31 die
1888 415 301 36 Maschinenfabrik

1292 472 116 38 Kempf
1441 473 23 30 &
1500 472 53 31 Co.
1587 482 60 21 von
1693 471 56 32 der
1785 469 405 39 Metallarbeitergewerk-

1292 525 103 32 schaft
1426 525 71 32 aufs
1525 525 85 31 Korn
1642 535 184 28 genommen
1855 524 139 31 worden.
2025 523 165 31 Nachdem

1292 579 45 31 sie
1362 579 50 31 die
1436 578 260 32 Arbeiterschaft
1719 578 56 31 der
1799 580 181 36 genannten
2004 576 106 32 Firma
2136 586 54 28 ge-

1291 631 91 39 hörig
1401 631 181 32 bearbeitet
1600 631 63 32 und
1682 630 190 33 schließlich
1891 630 212 39 beigebracht
2121 629 69 32 hat-

1291 688 41 34 te,
1359 694 67 22 was
1452 685 49 31 für
1526 684 183 38 ungeheure
1738 684 137 32 Schätze
1903 684 46 31 sie
1977 684 69 30 dem
2072 683 117 31 Unter-

1291 738 129 31 nehmer
1447 737 171 32 errackere
1645 738 63 31 und
1736 737 93 31 dabei
1856 736 55 32 mit
1940 735 251 39 Hungerlöhnen

1291 791 140 31 bedacht
1452 791 56 37 sei,
1529 793 92 29 unter
1641 790 103 32 denen
1765 790 45 32 sie
1830 789 135 32 beinahe
1987 788 121 32 darben
2128 787 63 32 und

1293 843 178 32 verderben
1505 844 140 37 müßten,
1710 843 54 32 hat
1798 843 68 31 sich
1901 842 89 32 diese
2024 841 166 32 Arbeiter-

1292 897 104 31 schaft
1424 896 125 32 endlich
1577 897 80 31 dazu
1683 896 301 39 bewegen:lassen,
2012 895 100 31 durch
2140 894 50 32 die

1291 950 250 32 Gewerkschaft
1562 950 66 31 ihre
1650 949 180 32 bekannten
1853 948 237 32 bescheidenen
2112 948 78 30 For-

1291 1004 164 37 derungen
1485 1002 233 32 einzureichen.
1775 1001 215 39 Gleichzeitig
2019 1001 110 31 wurde
2160 1000 30 32 in

1291 1057 59 31 den
1373 1056 227 31 Werkstätten
1622 1056 70 31 eine
1714 1055 141 39 kräftige
1878 1054 166 39 Agitation
2066 1054 51 31 für
2139 1053 51 32 die

1291 1109 251 32 Gewerkschaft
1568 1108 159 32 entfaltet.
1754 1108 61 32 Die
1842 1112 86 28 erste
1955 1107 100 39 Folge
2083 1107 107 32 dieser

1293 1162 141 32 Schritte
1459 1172 77 28 war,
1562 1162 63 31 daß
1649 1162 85 31 Herr
1758 1161 116 38 Kempf
1901 1161 68 31 sich
1994 1160 56 32 mit
2074 1160 116 32 vollem

1290 1215 104 32 Recht
1415 1218 103 35 sagte,
1540 1214 87 32 seine
1646 1214 225 32 Werkstätten
1894 1213 88 32 seien
2001 1213 75 32 kein
2096 1213 93 32 Tum-

1290 1268 149 38 melplatz
1468 1268 49 31 für
1545 1268 50 31 die
1623 1267 192 39 Agitatoren
1843 1267 56 32 der
1929 1266 261 38 Gewerkschaft,

1290 1321 81 31 noch
1396 1321 132 31 bezahle
1555 1331 33 21 er
1614 1320 60 32 den
1699 1321 124 31 Leuten
1849 1320 50 32 die
1926 1319 135 33 ohnehin
2086 1319 105 32 hohen

1290 1374 109 31 Löhne
1424 1374 101 38 dafür,
1549 1374 62 31 daß
1636 1373 46 33 sie
1706 1374 51 31 für
1778 1373 50 32 die
1853 1372 250 33 Gewerkschaft
2128 1372 62 32 und

1292 1438 104 28 gegen
1443 1427 52 31 ihn
1542 1427 214 38 Propaganda
1803 1426 143 32 machen.
1995 1426 67 31 Das
2113 1425 76 39 Agi-

1291 1481 101 31 tieren
1416 1480 108 32 wurde
1548 1480 97 31 daher
1668 1479 116 32 strikte
1806 1482 171 36 untersagt
1998 1479 60 32 und
2084 1479 105 38 einige

1291 1533 333 32 Zuwiderhandelnde
1652 1533 102 32 sofort
1781 1532 174 32 entlassen.
2007 1532 99 31 Einer
2134 1532 57 31 der

1290 1586 197 37 „besseren‘‘
1514 1586 168 31 Genossen
1706 1585 106 32 wollte
1837 1585 67 32 sich
1930 1585 68 32 dies
2022 1585 89 32 nicht
2136 1595 52 29 ge-

1290 1638 97 31 fallen
1411 1638 107 32 lassen
1544 1639 62 31 und
1630 1638 53 32 bei
1708 1639 88 31 einer
1819 1638 182 39 passenden
2028 1637 161 39 Gelegen-

1290 1691 65 32 heit
1372 1692 154 37 rempelte
1545 1702 33 21 er
1595 1692 60 31 den
1673 1691 240 32 Firmainhaber
1930 1691 52 32 auf
2000 1691 56 31 der
2071 1690 119 33 Straße

1292 1754 48 21 an.
1373 1745 49 31 Da
1454 1744 62 32 ihm
1547 1745 41 31 da
1618 1744 326 32 selbstverständlich
1975 1743 71 32 kein
2082 1743 108 32 Gehôr

1291 1797 147 38 gegeben
1464 1798 128 31 werden
1616 1797 130 39 konnte,
1770 1797 105 39 begab
1902 1808 33 21 er
1961 1797 67 32 sich
2054 1796 135 32 andern-

1291 1854 74 34 tags
1391 1850 52 32 auf
1470 1851 57 31 das
1553 1850 138 38 Bureau,
1717 1861 50 21 um
1792 1850 163 32 nochmals
1982 1849 87 33 seine
2098 1860 91 21 anar-

1291 1903 180 32 chistelnde
1498 1903 187 32 Brandrede
1711 1914 38 21 zu
1776 1903 196 39 schwingen.
1999 1903 61 31 Die
2088 1903 103 31 sofort

1290 1956 267 38 herbeigerufene
1583 1956 122 32 Polizei
1730 1956 124 32 machte
1881 1956 83 31 dann
1990 1956 69 31 dem
2087 1955 102 33 Skan-

1291 2009 49 31 dal
1373 2009 49 31 ein
1451 2009 90 31 Ende
1571 2009 103 31 indem
1705 2009 46 31 sie
1781 2009 59 32 den
1870 2009 117 31 braven
2019 2009 171 31 Genossen

1291 2062 160 31 mitnahm.
1485 2062 73 31 Daß
1591 2062 50 31 die
1675 2072 99 28 ganze
1808 2062 197 31 Geschichte
2040 2072 59 21 von
2135 2062 55 31 der

1291 2114 250 32 Gewerkschaft
1562 2115 199 38 angezettelt.
1782 2125 75 27 war,
1878 2114 134 32 beweist
2036 2115 57 31 der
2114 2114 75 31 Um-

1292 2167 104 36 stand,
1419 2167 62 32 daß
1502 2167 153 32 während
1676 2168 57 31 der
1754 2178 122 28 ganzen
1898 2167 74 32 Zeit
1993 2168 55 31 der
2072 2167 117 32 Sekre-

1292 2222 48 29 tär
1362 2221 56 31 der
1439 2220 251 32 Gewerkschaft
1709 2221 32 31 in
1761 2221 57 32 der
1838 2220 89 32 Nähe
1972 2231 43 21 war
2035 2221 64 31 und
2122 2220 68 32 sich

1292 2273 81 31 nach
1405 2274 57 31 der
1492 2273 201 39 Verhaftung
1735 2274 57 32 des
1833 2274 142 31 fremden
2009 2274 181 37 Genossen,

1292 2336 88 21 warm
1382 2326 76 31 für
1479 2326 111 32 diesen
1610 2326 49 32 ins
1679 2327 91 38 Zeug
1790 2327 97 38 legte.
1910 2327 101 31 Wenn
2034 2327 50 31 die
2106 2326 84 32 Füh-

1293 2389 50 21 rer
1369 2379 56 31 der
1451 2379 291 32 Gewerkschaften
1768 2379 78 32 aber.
1871 2379 146 39 glauben,
2044 2380 57 32 mit
2129 2379 61 32 sol-

1294 2432 78 31 chen
1407 2432 176 31 Manövern
1616 2432 54 32 die
1699 2431 216 40 Arbeitgeber
1948 2432 172 39 gefügiger
2153 2443 39 21 zu

1292 2485 142 38 machen,
1459 2496 34 20 so
1516 2485 128 32 dürften
1667 2485 46 32 sie
1737 2485 68 32 sich
1829 2485 153 40 gewaltig
2005 2486 95 32 irren.
2145 2486 46 31 Im

1296 2538 227 39 vorliegenden
1554 2538 89 32 Falle‘
1674 2538 198 32 mindestens
1904 2539 108 32 wurde
2045 2539 59 32 das
2137 2549 52 29 ge-

1300 2591 69 31 rade
1392 2591 173 38 Gegenteil
1584 2601 62 22 von
1668 2591 70 32 dem
1760 2591 149 39 erreicht,
1931 2602 67 21 was
2020 2591 171 32 beabsich-

1294 2643 62 39 tigt
1375 2644 119 37 wurde,
1515 2644 62 32 und
1598 2654 34 22 es
1651 2644 82 32 wird
1753 2644 106 39 gewiß
1878 2644 147 33 niemand
2046 2645 56 31 der
2123 2645 68 31 Ma-

1293 2696 241 32 schinenfabrik
1555 2696 153 33 Vorhalte
1729 2697 130 32 machen
1883 2697 124 36 wollen,
2030 2708 92 22 wenn
2146 2697 45 33 sie

1295 2749 67 31 sich
1394 2749 165 32 daraufhin
1591 2750 224 32 entschlossen
1846 2750 64 35 hat,
1941 2750 92 33 keine
2065 2751 127 38 organi-

1295 2802 119 31 sierten
1444 2802 150 32 Arbeiter
1622 2803 89 31 mehr
1739 2803 209 32 einzustellen
1978 2804 62 31 und
2070 2815 39 21 zu
2138 2804 54 32 be-

1295 2855 193 38 schäftigen.
2078 2857 70 31 Wz.

1734 2946 14 17 *

1360 3013 128 32 Bern.
1515 3015 90 31 Nach
1630 3015 61 32 den
1715 3015 175 33 Berichten
1916 3016 57 32 der
1997 3015 196 39 organisier-

1296 3069 51 28 ten
1380 3067 227 32 Holzarbeiter
1639 3068 113 33 dauert
1783 3068 67 32 hier
1883 3068 51 32 die
1966 3069 228 38 Aussperrung

1295 3120 214 32 unverändert
1538 3120 115 32 weiter
1678 3121 63 32 und
1768 3121 99 32 durch
1895 3121 164 32 allerhand
2087 3121 106 32 Nach-

1295 3172 124 32 richten
1441 3173 59 31 soll
1520 3174 60 31 den
1601 3174 147 39 wenigen
1766 3174 94 39 übrig
1881 3174 210 39 gebliebenen
2112 3174 81 32 Aus-

1297 3225 208 32 ständischen
1525 3226 57 32 das
1600 3226 139 33 bißchen
1757 3227 65 31 Mut
1844 3227 82 32 hoch
1945 3227 150 39 gehalten
2114 3237 80 22 wer-

1297 3278 70 31 den.
1427 3279 60 31 Die
1518 3289 61 22 von
1611 3280 61 31 den
1703 3280 264 32 arbeitsscheuen
2001 3281 194 31 Schreinern

1297 3331 97 31 schon
1418 3342 61 21 von
1502 3332 126 39 Anfang
1652 3343 39 22 an
1714 3333 225 39 provozierten
1964 3333 231 39 Schlägereien

1296 3385 63 31 und
1388 3385 234 32 Radauszenen
1651 3385 103 32 haben
1784 3385 76 33 aber
1889 3387 51 31 die
1970 3386 122 32 Reihen
2125 3387 70 31 der-

1298 3437 108 32 selben
1435 3438 125 31 schwer
1586 3438 166 39 gelichtet,
1778 3439 103 32 indem
1909 3439 68 33 eine
2005 3440 101 38 große
2133 3439 62 32 An-

1298 3490 68 31 zahl
1399 3501 59 21 von
1492 3492 56 31 der
1579 3491 121 32 Polizei
1732 3492 29 32 in
1793 3492 168 33 Nummero
1996 3493 114 32 Sicher
2142 3503 54 28 ge-

1296 3542 112 33 bracht
1431 3544 129 31 werden
1581 3545 118 38 mußte,
1722 3546 68 31 eine
1813 3546 80 31 noch
1917 3546 135 38 größere
2075 3546 122 31 Anzahl

1297 3596 77 31 aber
1402 3596 58 32 den
1489 3597 111 32 Boden
1628 3598 104 32 Berns
1758 3609 38 21 zu
1823 3599 74 31 heiß
1925 3599 84 38 fand,
2037 3610 50 21 um
2115 3599 81 32 Foch

1298 3649 111 39 länger
1437 3650 111 32 darauf
1574 3651 174 32 verweilen.
1775 3662 38 21 zu)
1840 3651 135 33 können.
2005 3652 41 32 So
2076 3652 121 32 erklärt

1298 3706 47 28 es’
1361 3703 78 35 sich,
1468 3703 62 32 dab
1557 3714 61 21 von
1644 3704 61 32 den
1733 3705 184 38 anfänglich
1944 3711 253 33 ausgesperrten

1300 3755 193 32 Schreinern
1522 3767 58 21 nur
1606 3757 70 31 eine
1705 3768 80 28 ganz
1813 3757 106 33 kleine
1949 3758 79 31 Zahl
2056 3759 83 31 noch
2167 3758 30 31 in

1298 3808 84 32 Bern
1411 3809 147 33 verweilt
1587 3810 62 32 und
1678 3820 35 22 es
1741 3810 104 32 reicht
1874 3811 96 32 deren
2000 3811 80 32 Zahl
2110 3811 89 32 nicht

1299 3861 86 32 mehr
1407 3862 62 37 hin,
1491 3873 49 21 um
1563 3862 49 32 die
1636 3866 83 29 stets
1742 3863 116 39 größer
1880 3864 194 32 werdenden
2099 3864 98 33 Scha-

1299 3924 54 22 ren
1377 3914 55 32 der
1456 3915 276 40 Arbeitswilligen
1756 3916 162 33 erheblich
1943 3928 37 21 zu
2003 3913 194 43 belästigen.

1299 3967 60 32 Die
1385 3968 103 32 Sache
1512 3968 56 32 der
1590 3969 226 33 Holzarbeiter
1837 3969 84 33 kann
1945 3971 97 31 daher
2066 3971 132 38 endgül-

1300 4020 47 39 tig
1377 4021 47 31 als
1452 4021 147 32 verloren
1628 4022 256 39 abgeschrieben
1915 4024 138 35 werden,
2085 4026 114 37 môgen

1301 4073 46 32 sie
1376 4074 68 31 sich
1472 4074 81 32 auch
1580 4075 81 32 noch
1689 4085 34 22 so
1752 4076 138 38 wehren,
1920 4076 87 33 diese
2036 4071 163 38 Tatsache

1300 4127 251 38 zuzugestehen.

2312 1233 152 31 Basel.
2491 1233 78 31 Hier
2594 1233 139 33 bereitet
2759 1233 70 32 sich
2854 1233 50 32 ein
2929 1233 118 39 Kampf
3073 1244 74 21 zwi-

2248 1285 98 32 schen
2380 1286 60 31 den
2474 1286 254 32 verschiedenen
2763 1286 294 33 Gewerkschaïten
3091 1288 57 31 des

2246 1338 243 39 Baugewerbes
2529 1340 62 31 und
2631 1340 70 31 dem
2742 1340 293 32 schweizerischen
3064 1343 81 29 Bau-

2245 1391 278 33 meisterverband
2541 1403 66 21 vor.
2626 1393 57 31 Am
2701 1397 49 28 30.
2770 1393 180 32 Dezember
2971 1397 79 28 1907
3070 1393 78 32 kün-

2246 1445 110 38 digten
2382 1445 50 32 die
2458 1446 203 38 vereinigten
2689 1446 292 33 Gewerkschaften
3008 1447 59 32 den
3093 1447 54 31 be-

2246 1498 177 32 stehenden
2450 1499 165 31 Lohntarif
2640 1500 52 31 auf
2717 1500 60 31 den
2802 1503 49 29 30.
2876 1500 85 32 Juni.
3010 1500 138 32 Darauf-

2246 1551 52 31 hin
2330 1551 142 32 reichten
2507 1552 45 32 sie
2585 1552 67 32 ihre
2686 1553 192 39 gewohnten
2910 1553 239 32 bescheidenen

2245 1604 231 39 Forderungen
2501 1605 59 31 ein.
2608 1605 61 32 Die
2694 1606 157 32 ebenfalls
2878 1606 163 39 geeinigte
3067 1606 80 32 Mei-

2247 1658 178 31 sterschaft
2453 1658 92 32 nahm
2575 1659 169 32 ihrerseits
2777 1659 157 39 Stellung,
2965 1660 104 31 indem
3102 1650 46 42 sie

2246 1721 70 21 zum
2347 1721 118 22 voraus
2498 1712 141 32 erklärte
2671 1723 61 21 von
2765 1713 57 31 der
2854 1713 185 39 ‘bisherigen
3076 1707 72 42 9*/s-

2246 1764 172 38 stündigen
2440 1764 199 33 Arbeitszeit
2662 1765 88 32 nicht
2772 1766 198 39 abzugehen,
2994 1767 39 31 da
3057 1767 91 32 hiezu

2245 1817 89 31 nicht
2363 1828 57 21 nur
2450 1818 155 32 keinerlei
2635 1819 224 39 Veranlasung
2888 1820 156 38 vorliege,
3076 1830 71 22 son-

2245 1870 78 31 dern
2347 1881 34 21 es
2405 1871 40 30 im
2470 1871 173 39 Gegenteil
2667 1873 274 31 wünschenswert
2969 1873 191 38 erscheine,.

2245 1923 64 31 daß
2335 1933 38 22 an
2400 1924 107 31 dieser
2533 1935 37 21 an
2599 1925 255 32 verschiedenen
2881 1927 138 37 größern
3049 1926 99 33 Orten

2249 1976 57 31 der
2340 1976 147 32 Schweiz
2522 1977 241 39 festgesetzten
2798 1979 201 32 Arbeitszeit
3034 1980 114 31 einmal

2244 2029 220 38 festgehalten
2481 2031 129 31 werden
2629 2033 117 36 müsse,
2764 2042 49 21 um
2832 2032 98 32 damit
2948 2033 56 31 der
3023 2033 125 39 ewigen

2247 2082 164 31 Schraube
2435 2083 80 31 ohne
2538 2083 91 32 Ende
2652 2084 50 31 ein
2724 2085 91 32 Ende
2838 2096 38 20 zu
2898 2086 143 31 machen.
3086 2086 61 32 Die

2245 2134 189 39 bezügliche
2453 2136 191 39 Forderung
2663 2137 57 32 der
2736 2137 151 33 Arbeiter
2904 2139 43 31 ist
2966 2139 83 31 denn
3068 2139 80 32 auch

2247 2187 160 33 durchaus
2439 2188 93 33 keine
2566 2190 109 32 solche
2708 2191 52 31 auf
2792 2191 266 40 Besserstellung
3091 2192 57 32 des

2246 2240 207 39 hungernden
2485 2242 224 39 Proletariats,
2740 2244 82 32 noch
2853 2245 42 32 ist
2926 2245 51 32 die
3008 2245 140 32 Verkür-

2246 2304 83 28 zung
2352 2295 56 31 der
2430 2295 200 33 Arbeitszeit
2653 2297 162 38 geeignet,
2840 2298 50 32 die
2914 2298 235 33 Lebensmittel

2247 2347 63 31 und
2357 2347 302 40 Wohnungspreise
2708 2350 129 39 billiger
2886 2362 38 21 zu
2974 2352 173 39 gestalten.

2249 2399 200 33 Gleichwohl
2481 2401 100 39 hängt
2614 2402 51 32 die
2699 2403 250 33 Gewerkschaft
2981 2405 55 32 mit
3072 2406 78 31 aller

2245 2452 109 33 Macht
2383 2464 39 21 an
2451 2454 56 32 der
2535 2455 189 40 Forderung
2752 2457 54 32 auf
2835 2457 227 41 Reduzierung
3091 2459 58 32 der

2246 2506 199 33 Arbeitszeit
2466 2508 53 32 auf
2540 2512 16 27 9
2581 2509 144 32 Stunden
2746 2510 40 31 im
2809 2510 152 39 Sommer,
2984 2511 104 32 wobei
3109 2512 40 31 im

2247 2559 127 32 Winter
2398 2560 139 33 sowieso
2562 2572 58 21 nur
2645 2562 80 32 noch
2751 2566 18 28 8
2797 2563 143 32 Stunden
2967 2564 183 39 gearbeitet

2247 2613 129 31 werden
2401 2613 135 33 können.
2585 2615 48 31 An
2659 2615 120 32 diesem
2807 2617 158 32 Umstand
2993 2617 155 33 scheiter-

2248 2668 52 29 ten
2325 2666 80 31 denn
2430 2667 81 32 auch
2535 2668 60 31 alle
2619 2669 281 39 Verhandlungen.
2946 2670 203 33 Inzwischen

2247 2718 103 32 haben
2368 2719 49 32 dis
2437 2720 137 32 Meister
2593 2721 168 33 ihrerseits
2780 2723 70 32 eine
2869 2723 280 41 Arbeitsordnung

2249 2772 185 38 aufgesteilt
2460 2775 62 31 und
2543 2774 156 33 beharren
2724 2776 122 38 darauf,
2870 2777 62 32 daB
2956 2777 110 32 solche
3088 2788 62 22 von

2249 2825 82 32 allen
2352 2826 170 32 Arbeitern
2543 2833 191 33 respektiert
2760 2830 119 32 werde.
2922 2830 99 33 Diese
3043 2831 106 32 Platz-

2249 2878 144 40 ordnung
2414 2879 118 33 kommt
2555 2881 48 31 der
2853 2894 8 6 ı
2885 2884 187 32 Wünschen
3095 2885 56 32 der

2248 2931 260 34 Arbeiterschaft
2531 2934 38 31 im
2594 2945 74 21 wei.
2977 2948 97 25 zegen
3087 2938 64 32 und

2250 2985 99 32 selbst
2372 2986 50 31 die
2442 2986 115 33 besten
2578 2988 169 32 Genossen
2767 3009 23 11 ii
3101 2991 49 32 las

2249 3038 152 39 anstôBig
2421 3040 62 31 und
2503 3041 246 38 unannehmbar,
2771 3042 63 31 daB
2856 3052 57 22 sic!

2248 3090 73 38 jee
2339 3091 167 39 Agitation
2526 3093 49 32 für
2595 3094 50 32 die
2666 3094 250 33 Gewerkschaft
2935 3096 74 32 oder
3032 3125 7 3 :

2251 3144 99 38 groBe
2380 3145 103 32 Sache
2511 3146 56 33 des
2596 3147 209 33 Sozialismus
2832 3148 152 34 während
3012 3150 56 32 der
3093 3155 40 26 Ar

2250 3197 149 33 beitszeit
2423 3199 62 32 und
2507 3200 164 32 innerhalb
2694 3201 55 31 der
2771 3201 241 40 Arbeitsplätze
3036 3203 116 32 strikte

2251 3251 164 32 verbeten.
2470 3253 67 31 Das
2568 3253 40 32 ist
2641 3253 81 33 doch
2753 3255 108 37 gewiß
2892 3266 56 21 nur
2979 3256 48 31 ihr
3058 3260 94 35 gutes

2254 3304 110 33 Recht,
2390 3305 62 31 daß
2479 3306 44 31 sie
2548 3306 88 32 nicht
2661 3307 50 32 die
2736 3307 110 33 Löhne
2871 3309 91 31 dafür
2986 3309 166 39 bezahlen,

2252 3357 63 31 daß
2346 3358 49 31 die
2427 3358 150 33 Arbeiter
2608 3370 60 21 von
2700 3361 85 31 ihrer
2815 3361 111 34 Arbeit
2958 3363 195 39 abgehalten

2252 3411 139 31 werden.
2446 3412 60 31 Die
2540 3412 207 40 Sympathien
2790 3415 58 31 der
2880 3419 166 35 gesamten
3078 3416 75 32 Ein-

2253 3464 237 32 wohnerschaft
2524 3466 71 32 sind
2627 3467 81 31 denn
2740 3468 81 32 auch
2853 3469 218 32 unbestritten
3103 3470 51 32 auf

2254 3517 102 32 seiten
2384 3518 57 31 der
2467 3518 235 34 Unternehmer
2729 3521 63 32 und
2819 3532 91 21 wenn
2939 3533 34 22 es
3002 3523 60 31 den
3091 3523 63 32 Ge-

2253 3570 239 32 werkschaften
2523 3573 79 31 nach
2635 3574 101 31 einem
2766 3575 136 38 Kampfe
2935 3576 152 39 gelüstet,
3119 3587 35 21 so

2253 3623 126 32 dürfren
2402 3635 45 21 sie
2468 3624 67 32 hier
2555 3626 90 32 einen
2668 3627 130 32 solchen
2818 3628 139 39 erleben,
2978 3630 81 31 nach
3079 3630 75 32 wel-

2253 3676 78 32 chem
2334 3679 73 30 sie
2428 3678 49 31 für
2497 3678 93 39 lange
2610 3680 72 32 Zeit
2703 3680 121 33 kuriert
2847 3682 66 31 sein
2934 3682 139 33 dürften.

3111 3737 44 32 M.

2462 3887 479 43 Firmennachriehten.

2321 3999 84 31 Herr
2429 3999 32 32 C.
2487 4000 234 39 Gilg-Steiner,
2746 4001 138 33 Inhaber
2909 4002 56 32 der
2990 4002 61 32 seit
3079 4005 77 29 1837

2255 4051 221 33 bestehenden
2498 4054 247 32 mechanischen
2770 4055 204 33 Schreinerei
2995 4056 64 32 und
3081 4056 77 32 Par-

2255 4105 201 38 quettfabrik
2483 4106 30 31 in
2540 4107 201 32 Winterthur
2768 4108 54 32 hat
2852 4108 108 32 seinen
2991 4109 86 32 Sohn
3104 4108 54 33 Ri-

2257 4158 99 32 chard
2383 4159 76 39 Gilg
2486 4160 47 32 als
2560 4160 131 32 aktiven
2718 4161 172 32 Teilhaber
2916 4162 30 32 in
2974 4163 51 32 die
3053 4162 107 32 Firma

2257 4211 252 39 aufgenommen.
2561 4213 140 33 Aktiven
2729 4215 63 31 und
2821 4215 157 32 Passiven
3008 4216 70 31 sind
3106 4215 53 32 auf

2257 4264 51 32 die
2328 4266 184 32 erweiterte
2533 4277 79 22 neue
2633 4267 106 32 Firma
2760 4268 32 31 C.
2815 4268 345 39 Gilg-Steiner

2257 4318 25 31 &
2312 4318 86 32 Cie.
2426 4319 264 40 übergegangen.
2719 4321 58 31 Bei
2808 4321 107 32 dieser
2945 4321 216 39 Gelegenheit

2258 4372 108 31 wurde
2394 4372 69 32 dem
2490 4373 224 39 langjährigen
2739 4374 226 39 Angestellten
2992 4376 57 31 der
3075 4376 85 31 alten

2259 4425 115 36 Firma,
2403 4425 105 33 Herrn
2538 4426 31 32 C.
2599 4427 191 34 Ruckstuhl,
2845 4428 144 32 Prokura
3043 4428 117 33 etteilt.

2258 4478 95 39 Möge
2377 4479 50 31 ein
2451 4487 93 30 guter
2568 4480 95 32 Stern
2688 4481 37 31 ob
2750 4481 56 32 der
2829 4492 101 22 neuen
2953 4482 107 33 Firma
3083 4483 77 32 wal-

2260 4529 66 30 ten!
3050 4531 66 32 Wr.
