3456 4976
65 1028 12 95 RAR
65 1014 9 10 ETS
65 925 5 56 PORTE

67 2329 12 195 Er

1732 7 41 7 IN
1791 6 30 8 AE
0 0 3456 4976 Le
1860 2 32 12 IE
1903 4 11 6 LI

1922 2 73 140 &
1992 1 213 164 Jun
2218 7 96 123 JA
2325 0 185 120 1-26
2529 0 151 148 vom
2664 0 369 146 line
3039 0 198 121 AQU

1235 269 1013 136 Schweizerische

3241 3 5 10 +

3251 17 61 25 Zen

430 468 2686 406 Arbeitgeber-Zeitung

614 896 323 140 Organ
996 896 156 95 des
1206 889 521 100 Verbandes
1784 870 415 145 Schweiz.
2255 895 626 123 Arbeitgeber.

1191 1052 193 59 Organe
1427 1047 54 53 de
1521 1059 218 51 l'alliance
1778 1067 140 35 suisse
1958 1066 78 36 des
2078 1069 195 42 patrons.

571 1189 215 42 Verlag:

337 1231 141 50 Verband
509 1237 287 49 Schweizerischer
822 1237 206 55 Arbeitgeber

366 1304 184 28 Sekretariat:
572 1304 207 28 Kinkelstrasse
792 1305 46 32 28,
851 1304 94 28 Zürich
960 1305 37 27 IV.

337 1349 177 32 Redaktion:
535 1348 336 37 Redaktionskommission
893 1349 47 27 des
959 1349 67 28 Ver-
1187 1375 13 14 *

470 1389 102 28 bandes
592 1389 132 28 Schweiz.
743 1389 187 35 Arbeitgeber.
1186 1410 13 14 »

1184 1283 209 28 Fostabonnenten
1414 1283 46 28 und
1478 1282 219 35 Nichtmitglieder:

1173 1318 44 27 für
1238 1318 32 27 12
1289 1319 111 27 Monate
1414 1339 7 7 .
1573 1328 12 18 r
1653 1335 27 3 —

1250 1354 16 26 6

1250 1390 16 26 3

1515 1206 480 43 Hbonnement:

1902 1284 48 27 Für
1970 1284 161 35 Mitglieder:

1341 1375 14 14 »”
1417 1374 95 8 ae
1568 1339 25 50 Ra
1613 1340 69 43 3.50
1764 1337 45 27 für
1829 1336 30 39 12
1878 1337 108 27 Monate
2007 1357 6 7 .

1341 1364 384 61 he
1777 1410 14 15 a
1837 1392 16 41 û
1927 1410 85 15 m
2051 1410 114 15 al

2140 1338 44 28 Fr.
2203 1339 69 27 5.—

2455 1200 237 43 Expedition:
2729 1202 130 43 Schipfe
2882 1204 52 39 33,
2961 1204 112 33 Zürich
3092 1204 19 33 |.

2408 1266 223 29 Annoncen
2641 1283 10 5 -
2662 1268 212 29 Annahme
2902 1270 83 28 durch
3014 1263 141 36 sämtliche

2408 1311 290 35 Annoncen-Bureaux,
2717 1314 85 28 sowie
2822 1314 81 28 durch
2924 1315 43 27 die
2988 1315 167 35 Expedition.

2422 1366 87 20 Preis
2529 1367 36 19 20
2580 1367 59 21 Cts,
2653 1372 56 20 per
2725 1368 82 19 Zeile
2829 1368 75 20 oder
2923 1369 96 19 deren
3034 1369 108 20 Raum.

2201 1392 73 27 2.80
2502 1403 41 18 Bei
2556 1403 205 27 Wiederholungen
2776 1404 186 24 entsprechender
2976 1402 90 22 Rabatt.

539 1481 58 39 Nr.
622 1481 58 39 27.
709 1503 50 3 —
788 1481 36 37 4.
836 1464 66 56 Juli
933 1480 107 40 1908.

1366 1479 280 43 Erscheint
1673 1480 154 50 jeden
1858 1480 266 51 Samstag.

2283 1457 10 103 |
2598 1484 45 39 Ill.
2671 1484 190 51 Jahrgang.

335 1604 90 40 Aus
454 1604 84 40 den
558 1588 367 66 Verhandlungen
945 1605 74 39 des
1038 1604 199 39 Zentral-

379 1667 244 40 verbandes
653 1667 200 39 schweiz.
881 1666 310 49 Arbeitgeber-

606 1728 365 49 organisationen.

430 1841 69 32 Das
528 1841 152 39 geplante
709 1839 529 41 Gegenseitigkeitsübereinkom-

338 1904 72 22 men
436 1894 164 32 zwischen
628 1894 58 32 der
712 1893 208 40 Hauptstelle
949 1893 290 33 österreichischer

337 1946 484 40 Arbeitgeberorganisationen
846 1947 64 32 und
935 1947 70 32 dem
1031 1946 208 32 Zentralvor-

340 2000 96 33 stand
488 1999 289 33 schweizerischer
828 1999 410 40 Arbeitgeber-Organisa-

339 2053 109 32 tionen
470 2053 44 32 ist
534 2053 156 32 zustande
714 2052 196 39 gekommen.
932 2052 62 33 Die
1016 2052 116 32 beiden
1155 2052 83 32 Zen-

339 2105 228 32 tralverbände
583 2104 213 39 verpflichten
815 2105 68 32 sich
902 2104 217 40 gegenseitig,
1138 2105 51 32 die
1208 2104 31 32 in

340 2158 102 31 einem
467 2158 301 39 Interessengebiet
791 2158 32 32 in
846 2158 149 38 Konflikt
1020 2158 70 32 sich
1113 2157 126 33 befind-

339 2210 106 32 lichen
463 2210 152 33 Arbeiter
632 2211 41 32 im
692 2211 121 32 andern
832 2211 301 39 Interessengebiet
1152 2210 86 33 wäh-

340 2263 80 32 rend
438 2263 56 43 der
512 2264 111 32 Dauer
639 2264 59 33 des
716 2264 186 33 Konfliktes
919 2264 90 33 nicht
1028 2260 211 36 einzustellen

341 2316 78 32 oder
445 2327 39 21 zu
510 2316 239 40 beschäftigen.

408 2369 48 32 Ob
484 2369 51 32 die
562 2369 32 32 in
619 2369 108 40 Frage
754 2370 209 32 kommenden
990 2369 250 34 Arbeiterlisten

341 2422 54 32 auf
413 2423 70 31 dem
502 2422 245 40 Zirkularwege
766 2423 78 32 oder
861 2423 100 33 durch
980 2423 58 32 das
1055 2423 111 32 Mittel
1184 2424 56 32 der

341 2475 375 40 Arbeitgeber-Zeitung
761 2476 61 32 den
867 2476 71 41 dem
962 2476 278 33 Zentralverband

341 2527 297 38 angeschiossenen
663 2527 237 39 Arbeitgebern
925 2529 142 31 bekaunt
1092 2530 148 36 gegeben

340 2579 142 39 werden,
500 2580 44 32 ist
560 2580 82 32 noch
658 2580 90 32 nicht
765 2579 220 33 entschieden.
1127 2580 68 32 Wr.

337 2753 87 40 Das
458 2753 280 40 industrielle
771 2753 147 39 Leben
952 2752 46 39 in
1027 2751 210 50 England,

458 2814 298 40 Deutschland
783 2815 88 39 und
900 2813 220 40 Amerika.

432 2927 36 31 In
497 2936 147 23 unserem
674 2926 168 38 Zeitalter,
871 2936 50 22 wo
949 2925 292 33 wirtschaftlichen

339 2980 129 38 Fragen
495 2980 181 32 besondere
705 2979 294 33 Aufmerksamkeit
1026 2978 214 40 zugewendet

339 3033 92 38 wird,
458 3033 175 32 verdienen
661 3033 304 39 Untersuchungen,
1018 3032 124 32 welche
1171 3032 69 32 sich

339 3086 58 32 mit
436 3086 273 39 vergleichenden
742 3086 133 32 Studien.
918 3086 56 32 der
994 3092 5 4 *
1016 3085 224 32 industriellen

340 3139 343 39 Leistungsfähigkeit
714 3149 62 22 von
808 3139 150 33 Ländern
1002 3138 237 40 beschäftigen,

338 3192 124 32 welche
487 3192 121 39 infolge
634 3192 85 32 ihrer
745 3192 281 39 hervorragenden
1051 3192 188 32 Entwicke-

339 3245 77 38 lung.
444 3245 57 32 der
528 3245 325 32 Maschinentechnik
880 3256 39 22 zü
948 3245 86 33 einer
1061 3245 179 33 führenden

339 3297 92 32 Rolle
455 3297 52 32 auf
530 3298 70 31 dem
623 3291 214 40 Weltmarkte
861 3299 133 39 gelangt
1019 3298 80 39 sind,
1123 3299 116 32 beson-

339 3351 96 32 deres
456 3351 176 33 Interesse.
654 3351 45 31 Es
723 3351 70 31 sind
815 3352 109 31 solche
945 3352 295 39 Untersuchungen

338 3404 51 32 für
410 3404 59 32 den
491 3404 190 38 Kaufmann,
702 3403 50 32 für
773 3403 61 32 den
854 3404 182 39 Ingenieur,
1058 3405 79 32 aber
1158 3405 81 33 auch

339 3457 51 32 für
419 3458 61 31 den
511 3456 261 40 Sozialpolitiker
800 3467 61 21 von
891 3456 112 32 hohem
1032 3458 104 38 Wert,
1165 3459 74 31 weil

339 3510 48 32 ihr
408 3510 144 32 Studium
572 3510 200 40 ermöglicht,
792 3510 50 33 die
862 3509 302 34 Konkurrenzkraft
1183 3511 56 31 der

340 3563 164 32 einzelnen
532 3563 160 33 Nationen
719 3564 119 39 richtig
864 3574 39 22 zu
929 3563 190 38 beurteilen,
1146 3574 93 22 wenn

339 3627 71 21 man
437 3615 80 33 auch
544 3616 88 32 nicht
659 3617 214 40 Gelegenheit
901 3616 119 40 gehabt.
1045 3616 66 39 hat,
1140 3617 99 32 durch

339 3667 221 42 langjähriges
589 3669 145 33 Studium
760 3681 61 22 von
848 3669 333 33 Industriebetrieben
1208 3671 31 31 in

340 3722 143 33 {remden
513 3722 135 31 Staaten
678 3723 69 33 sich
775 3735 58 23 aus
862 3724 131 39 eigener
1021 3723 217 40 Anschauung

343 3774 49 32 ein
423 3775 73 32 Bild
527 3774 85 32 ihrer
642 3775 341 42 Leistungsfähigkeit
1014 3787 38 22 zu
1086 3777 152 32 schaffen.

342 3826 116 34 Bisher
493 3827 61 40 gab
588 3837 35 21 es
657 3828 164 41 derartige
854 3830 295 39 Untersuchungen
1181 3841 59 22 nur

340 3880 74 32 sehr
432 3880 136 39 wenige,
589 3880 40 31 da
648 3880 97 34 deren
764 3883 186 40 Abfassung
969 3894 57 21 nur
1045 3883 193 40 denjenigen

339 3932 139 40 möglich
501 3933 53 37 ist,
579 3933 50 32 die
654 3934 30 31 in
709 3935 332 35 Industriebetrieben
1066 3937 83 40 tätig
1173 3948 65 22 wa-

339 3996 66 28 ren,
430 3986 50 33 die
504 3996 57 22 zur
583 3986 211 42 Beurteilung
818 3990 57 32 der
898 3990 340 41 Leistungsfähigkeit

338 4040 228 39 notwendigen
589 4039 163 34 Faktoren
774 4053 57 22 aus
854 4044 56 32 der
934 4044 121 40 großen
1079 4044 81 32 Zahl
1182 4045 56 32 der

339 4092 123 33 hierbei
488 4094 30 31 in
544 4093 106 39 Frage
676 4092 209 36 kommenden
911 4097 167 33 Elemente
1105 4098 132 32 heraus-

338 4146 151 32 zufinden
516 4147 121 32 wissen
663 4147 64 32 und
754 4148 102 32 neben
883 4151 237 33 umfassendem
1149 4151 89 33 tech-

338 4198 134 33 nischen
493 4201 64 32 und
578 4199 290 34 wirtschaftlichen
889 4203 132 32 Wissen
1043 4205 82 31 auch
1146 4205 92 32 Land

338 4252 64 31 und
421 4252 103 34 Leute
544 4253 119 41 richtig
683 4265 39 21 zu
741 4253 178 34 beurteilen
938 4259 183 37 vermögen.
1143 4258 94 32 Hier-

339 4313 39 21 zu
407 4304 145 34 kommen
582 4308 81 31 noch
693 4308 52 32 die
775 4307 177 40 unbedingt
1009 4311 229 39 notwendigen

338 4355 199 36 Kenntnisse
562 4360 56 32 der
643 4361 50 32 für
718 4361 51 33 die
794 4360 199 33 Produktion
1018 4363 133 41 nötigen
1176 4365 61 31 Be-

339 4408 195 41 dingungen,
564 4413 80 32 wie:
674 4414 169 33 Reichtum
873 4425 39 22 an
943 4414 295 41 Bodenprodukten

339 4459 123 42 (Eisen,
505 4464 103 33 Kohle
633 4478 46 21 u.
704 4478 24 21 s.
751 4466 64 41 w.),
857 4469 379 40 Arbeiterverhältnisse,

337 4514 218 42 Lohnfragen,
611 4519 404 43 Kommunikationsmittel
1072 4534 28 21 u.
1133 4534 24 22 s.
1187 4535 50 28 w.,

339 4567 303 42 Schwierigkeiten,
666 4573 51 32 die
739 4574 87 33 nicht
848 4575 99 34 leicht
969 4587 37 21 zu
1028 4576 210 34 überwinden

338 4619 72 33 sind
430 4622 63 32 und
514 4623 232 42 langjähriges,
769 4627 217 40 eingehendes
1011 4630 145 33 Studium
1180 4631 57 32 des

272 4959 302 17 TT
609 4965 14 11 i
641 4965 37 11 ai
726 4969 98 7 in
870 4962 61 14 dass
941 4973 18 3 ia
971 4971 6 3 no
1053 4973 11 3 ii

1299 1609 226 32 vorhandenen
1550 1610 233 33 statistischen
1814 1611 61 32 und
1905 1610 291 33 wirtschaftlichen

1298 1662 171 32 Materials
1494 1663 177 32 erfordern.

1365 1715 46 31 Im
1435 1715 135 40 vorigen
1593 1716 101 32 Jahre
1713 1716 51 33 ist
1788 1717 30 32 in
1844 1716 147 40 England
2017 1716 52 32 ein
2094 1716 101 33 Werk

1299 1768 200 39 erschienen,
1521 1769 142 32 welches
1686 1770 68 32 sich
1776 1780 70 22 zum
1865 1770 172 32 erstenmal
2058 1769 59 33 mit
2139 1770 56 32 der

1296 1821 108 39 Frage
1449 1822 268 39 vergleichender
1740 1815 292 40 Industriestudien
2080 1823 115 32 befaßt

1297 1874 64 32 und
1382 1874 121 40 infolge
1526 1875 106 32 seiner
1651 1875 239 38 vortrefflichen
1911 1876 284 39 Darstellungsart

1296 1927 65 32 und
1385 1928 107 32 seines
1516 1923 202 44 gediegenen
1740 1928 122 33 Inhalts
1887 1929 118 39 großes
2028 1929 166 33 Aufsehen

1297 1984 111 35 erregt
1428 1980 65 33 hat.
1515 1981 61 31 Ein
1596 1981 181 33 bekannter
1798 1981 180 40 englischer
1999 1982 194 32 Volkswirt-

1297 2033 165 38 schaftler,
1482 2033 118 33 Arthur
1621 2034 172 39 Shadwell,
1814 2034 54 33 hat
1884 2038 94 29 unter
1996 2035 72 32 dem
2088 2031 104 36 Titel:

1294 2086 198 38 „Industrial
1522 2086 185 40 Efficiency
1736 2098 19 22 a
1785 2088 215 38 comparative
2032 2088 97 39 study
2160 2089 32 32 of

1295 2138 171 33 industrial
1484 2139 55 33 life
1557 2140 31 31 in
1606 2140 159 39 England,
1785 2140 157 39 Germany
1960 2141 62 32 and
2040 2141 55 32 the
2113 2140 80 32 Uni-

1300 2192 55 32 ted
1389 2192 132 33 States“
1555 2192 50 32 ein
1637 2193 103 32 Werk
1783 2193 222 40 geschrieben,
2049 2193 144 46 welches

1296 2244 145 42 kürzlich
1466 2245 100 33 durch
1589 2246 71 32 eine
1685 2246 178 40 gediegene
1887 2247 156 32 deutsche
2068 2246 125 33 Ueber-

1298 2301 136 36 setzung
1464 2298 61 33 den
1554 2299 178 32 deutschen
1760 2300 125 32 Lesern
1912 2299 195 40 zugänglich
2137 2310 55 29 ge-

1296 2351 108 32 macht
1425 2352 129 38 wurde;
1577 2351 71 33 eine
1670 2362 72 22 vom
1764 2353 257 39 Regierungsrat
2043 2353 59 32 Dr.
2124 2353 69 32 Leo

1296 2407 94 30 unter
1405 2405 85 32 dem
1520 2404 104 33 Titel:
1666 2405 175 39 „Moderne
1882 2406 311 39 Wirtschaftsprob-

1296 2457 102 32 leme“
1424 2458 289 39 herausgegebene
1740 2459 193 39 Sammlung,
1960 2459 51 33 die
2038 2459 42 32 im
2106 2459 87 40 Hey-

1296 2510 193 36 mannschen
1507 2511 140 37 Verlag,
1674 2511 118 32 Berlin.
1828 2503 165 51 >vscheint.
2020 2512 57 32 hat
2105 2512 89 41 diese

1296 2560 250 40 Uebersetzung
1594 2564 95 30 unter
1737 2561 70 33 dem
1856 2557 105 37 "Titel:
1996 2562 197 39 „England,

1296 2613 224 43 Deutschland
1547 2614 64 40 und
1639 2614 168 32 Amerika:
1834 2615 82 32 Eine
1943 2615 251 39 vergleichende

1298 2666 112 32 Studie
1448 2666 87 33 ihrer
1571 2667 223 33 industriellen
1831 2668 362 40 Leistungsfähigkeit“

1295 2719 248 33 veröffentlicht.
1863 2729 3 2 i

1363 2772 50 32 Da
1434 2783 35 21 es
1491 2773 162 32 Shadwell
1673 2773 89 33 nicht
1781 2774 139 39 môglich
1940 2775 53 38 ist,
2014 2775 63 32 alle
2098 2775 96 32 Indu-

1298 2825 99 32 strien
1416 2825 31 32 in
1467 2826 60 32 den
1545 2826 138 32 Bereich
1704 2827 105 32 seiner
1825 2827 296 40 Untersuchungen
2138 2828 57 32 mit

1298 2878 259 39 einzubeziehen,
1589 2880 55 32 hat
1675 2890 36 22 er
1742 2880 68 32 sich
1842 2881 112 32 darauf
1985 2881 209 38 beschränkt,

1296 2932 81 31 zwei
1398 2932 58 32 der
1475 2932 137 39 größten
1632 2932 184 33 Industrien
1836 2934 31 32 in
1888 2934 56 32 der
1963 2934 231 32 Weltkonkur-

1297 2994 74 22 renz
1399 2983 297 41 herauszugreifen,
1724 2986 63 32 und
1815 2996 35 22 so
1878 2986 176 33 behandelt
2081 2998 34 22 er
2143 2987 51 33 die

1297 3037 162 33 Industrie
1484 3038 58 32 des
1566 3038 119 33 Eisens
1709 3039 63 32 und
1797 3040 55 32 der
1877 3040 316 32 Textilfabrikation.

1362 3091 50 32 Da
1436 3102 62 22 nun
1523 3091 30 32 in
1576 3092 105 38 jedem
1707 3092 110 33 Lande
1843 3093 103 33 selbst
1971 3093 51 33 die
2048 3093 146 32 Produk-

1298 3144 303 33 tionsverhältnisse
1635 3155 40 22 an
1707 3145 253 33 verschiedenen
1994 3146 102 32 Orten
2130 3156 64 22 we-

1297 3197 137 32 sentlich
1461 3197 214 33 verschieden
1704 3198 80 38 sind,
1810 3199 75 32 weil
1912 3199 51 33 die
1990 3199 115 33 Preise
2132 3210 62 22 von

1295 3249 206 46 Materialien
1527 3251 63 32 und
1616 3251 142 38 Löhnen,
1786 3252 98 33 sowie
1912 3252 57 33 der
1994 3263 58 22 zur
2077 3253 116 32 Verar-

1294 3302 134 40 beitung
1450 3304 169 32 derselben
1640 3304 226 40 notwendigen
1886 3306 224 32 industriellen
2130 3306 63 32 An-

1296 3355 94 40 lagen
1417 3356 32 39 je
1477 3357 81 31 nach
1587 3357 157 33 örtlichen
1772 3358 63 32 und
1863 3359 213 39 allgemeinen
2105 3359 89 32 wirt-

1297 3409 214 33 schaftlichen
1539 3410 246 33 Verhältnissen
1814 3411 91 33 stark
1934 3411 194 40 differieren,
2159 3422 35 22 so

1295 3461 55 33 hat
1378 3462 162 33 Shadwell
1566 3463 109 33 solche
1695 3464 185 39 Gegenden
1905 3475 57 22 aus
1989 3457 60 40 den
2077 3465 117 32 einzel-

1295 3524 61 21 nen
1391 3516 150 31 Ländern
1560 3516 290 40 herausgegriffen,
1871 3518 52 32 bei
1943 3518 102 32 denen
2067 3518 51 32 die
2139 3529 55 22 zur

1295 3566 240 42 Vergleichung
1564 3569 133 40 nötigen
1726 3570 200 40 Unterlagen
1958 3571 235 40 gleichwertig,

1296 3620 29 31 d.
1354 3620 28 32 h.
1410 3621 52 32 für
1488 3622 61 32 alle
1577 3623 130 32 Länder
1734 3623 52 32 auf
1814 3624 170 32 derselben
2012 3625 98 38 Basis
2138 3625 56 31 be-

1295 3673 109 33 ruhen.
1430 3675 35 31 In
1489 3675 151 39 England
1665 3676 71 33 sind
1759 3676 150 39 folgende
1935 3677 163 33 Distrikte
2122 3670 73 40 her-

1296 3727 238 40 ausgegriffen:
1562 3729 209 39 Lancashire,
1824 3730 96 33 West
1947 3730 131 40 Riding,
2132 3741 62 22 von

1294 3779 196 33 Yorkshire:
1540 3781 283 41 Wolverhampton
1874 3784 63 32 und
1988 3784 204 39 Umgebung.

1295 3833 36 31 In
1353 3834 233 39 Deutschland,
1608 3835 120 39 Berlin,
1753 3837 153 38 Sachsen,
1929 3837 180 33 Rheinland
2131 3838 63 32 und

1295 3886 192 40 Westfalen,
1509 3888 152 33 wahrend
1682 3899 62 22 von
1765 3890 151 33 Amerika
1937 3890 50 33 die
2011 3890 163 33 Distrikte
2188 3906 5 18 :

1296 3939 274 41 Massachusetts,
1627 3942 250 40 Rhode-Island,
1935 3944 259 39 Pennsylvanien

1294 3994 63 32 und
1382 3994 212 33 Südkarolina
1616 3995 31 31 in
1670 3995 155 33 Betracht
1847 3996 154 33 kommen.
2025 3997 169 32 Anschlie-

1296 4044 84 34 Bend
1410 4058 39 21 an
1479 4047 50 33 die
1560 4048 291 40 Untersuchungen
1892 4050 79 32 über
2011 4051 52 32 die
2104 4051 90 31 indu-

1296 4099 121 33 strielle
1437 4100 340 41 Leistungsfähigkeit
1796 4103 71 32 sind
1887 4104 80 32 auch
1986 4104 51 32 die
2057 4114 56 22 zur
2132 4104 62 32 Be-

1295 4153 162 40 urteilnug
1489 4154 57 32 der
1577 4154 142 33 sozialen
1749 4156 223 33 Verhältnisse
2016 4157 180 39 unbedingt

1298 4206 228 40 notwendigen
1558 4208 183 32 Faktoren:
1775 4209 237 39 Arbeitslöhne,
2047 4211 147 32 Arbeits-

1294 4258 238 41 bedingungen,
1579 4261 209 39 Arbeitszeit,
1837 4263 245 40 Arbeiterfrage
2131 4264 64 32 und

1294 4313 258 40 -versicherung,
1588 4315 460 42 Wohlfahrtseinrichtungen,
2096 4317 98 32 Woh-

1293 4366 231 40 nungsfragen,
1542 4368 124 32 Kosten
1686 4369 56 32 der
1758 4369 244 40 Lebensmittel,
2020 4370 110 33 ferner
2143 4381 50 22 so-

1293 4419 81 32 ziale
1399 4420 265 41 Gesetzgebung,
1688 4422 416 41 Arbeitervereinigungen,
2130 4424 64 33 Ge-

1293 4472 251 39 werkschaften,
1571 4475 215 38 gewerbliche
1811 4477 64 32 und
1899 4477 295 41 Fachausbildung,

1294 4526 197 32 ausführlich
1519 4527 183 33 behandelt.

1365 4579 163 33 Shadwell
1561 4580 54 33 hat
1650 4581 56 32 der
1739 4582 182 43 deutschen
1953 4583 165 33 Industrie
2163 4584 39 32 in

1282 4632 97 32 “ihrer
1409 4633 202 33 Gesamtheit
1644 4635 160 38 geradezu
1836 4636 50 32 ein
1916 4637 68 32 Lob
2016 4647 178 30 gesungen,

1578 4721 7 9 /

2246 3415 74 32 dem
2349 3416 101 32 Felde
2480 3415 155 40 schlagen
2664 3416 137 33 können.

2246 3831 82 47 tion,
2360 3841 70 32 dem
2461 3841 272 40 Bildungswesen
2765 3843 63 32 und
2871 3842 70 32 dem

2253 1614 58 32 das
2328 1613 53 33 bei
2399 1614 138 32 näherer
2554 1614 226 40 Betrachtung
2799 1614 176 40 eigentlich
2995 1618 103 29 etwas
3117 1625 40 22 zu

2252 1667 207 39 weitgehend
2482 1667 54 33 ist.
2564 1668 42 32 So
2631 1671 98 29 nennt
2754 1678 34 22 er
2814 1668 51 32 die
2889 1668 190 32 Deutschen
3105 1668 52 32 ein

2251 1719 83 33 Volk
2357 1720 57 32 der
2437 1721 273 38 systematischen
2735 1720 260 39 Gründlichkeit,
3020 1721 58 32 das
3102 1721 55 32 auf

2251 1773 84 32 allen
2359 1773 162 33 Gebieten
2544 1774 212 32 technischen
2780 1774 151 32 Wissens
2958 1774 124 33 Schritt
3105 1774 52 32 für

2254 1826 125 33 Schritt
2407 1827 181 39 vordringt,
2631 1827 100 32 durch
2762 1827 222 40 Vereinigung
3028 1827 128 32 theore-

2251 1879 122 32 tischer
2398 1880 296 39 Untersuchungen
2716 1880 60 33 mit
2801 1880 212 39 praktischen
3038 1880 117 32 Erfah-

2250 1942 123 30 rungen
2389 1933 135 39 Erfolge
2543 1933 113 33 erzielt
2672 1934 64 32 und
2754 1934 60 32 das
2832 1934 114 32 einmal
2963 1934 192 39 Errungene

2250 1986 60 32 zäh
2332 1986 64 32 und
2420 1986 107 32 sicher
2549 1986 145 33 festhält.
2717 1987 48 32 Es
2787 1986 81 33 fehlt
2891 1986 96 33 ihnen
3011 1987 58 32 der
3092 1987 63 31 den

2250 2039 209 39 Engländern
2482 2039 64 33 und
2571 2039 233 33 Amerikanern
2829 2040 114 39 eigene
2969 2039 186 39 Wagemut,

2251 2092 97 31 deren
2378 2089 127 42 geniale
2534 2092 337 39 Erfinderphantasie,
2913 2092 101 33 sowie
3056 2092 99 32 deren

2251 2145 192 44 stürmische
2465 2145 162 40 Energie;
2650 2145 92 32 dafür
2763 2145 127 33 kennen
2913 2146 47 32 sie
2982 2145 90 32 nicht
3094 2145 60 46 das

2249 2198 257 32 amerikanische
2529 2198 248 39 Galopptempo,
2799 2199 59 32 das
2878 2209 39 22 zu
2938 2198 103 32 einem
3061 2198 93 32 Man-

2251 2251 53 39 gel
2330 2261 40 22 an
2396 2251 250 33 Gründlichkeit
2673 2252 64 32 und
2764 2243 66 41 fein
2856 2251 211 40 präzisierter
3094 2251 60 31 Ar-

2249 2303 68 33 beit
2340 2304 114 32 führen
2478 2304 85 39 muß,
2589 2305 59 32 der
2671 2304 51 33 die
2747 2305 211 31 Amerikaner
2983 2304 49 39 als
3058 2313 95 29 soge-

2249 2360 117 29 nannte
2386 2357 388 40 Qualitätsproduzenten
2795 2356 259 40 disqualifiziert.
3068 2357 85 31 Des-

2250 2410 73 32 halb
2349 2410 190 33 erscheinen
2565 2411 51 32 die
2642 2411 189 32 Deutschen
2857 2411 61 32 den
2943 2409 210 40 Engländern
3173 2416 7 7 -

2250 2463 64 32 und
2344 2463 232 33 Amerikanern
2608 2464 48 32 als
2688 2464 51 32 die
2773 2463 256 40 gefährlichsten
3059 2465 94 29 unter

2250 2516 84 32 allen
2350 2516 146 33 Rivalen.
2514 2517 63 32 Die
2594 2517 190 39 Deutschen
2802 2517 103 31 haben
2923 2516 96 32 keine
3022 2515 131 44 eigene

2253 2565 202 40 Spezialität,
2484 2566 78 32 aber
2592 2566 47 32 sie
2667 2566 110 32 lernen
2807 2566 79 32 alles
2914 2586 44 3 —
2984 2566 58 32 mit
3069 2566 83 32 Aus-

2249 2618 112 33 nahme
2390 2619 166 32 vielleicht
2588 2620 58 32 des
2677 2619 244 32 franzôsischen
2954 2619 117 33 Sinnes
3101 2619 52 31 für

2252 2672 119 40 Schick
2390 2692 52 18 —,
2463 2672 63 32 und
2547 2683 87 21 zwar
2657 2672 74 32 sehr
2751 2672 206 33 zielbewußt.
2982 2672 76 39 ,,Sie
3078 2671 108 33 ver-

2252 2725 112 32 stehen
2388 2726 120 31 Waren
2532 2736 39 22 zu
2594 2721 224 43 produzieren,
2843 2726 51 32 die
2920 2736 36 22 so
2982 2726 82 32 solid
3088 2725 65 32 und

2251 2778 170 33 dauerhaft
2445 2779 61 32 wie
2532 2779 51 32 die
2609 2779 179 32 britischen
2813 2779 64 32 und
2903 2789 35 22 so
2964 2779 100 32 leicht
3088 2778 78 33 und:

2250 2831 135 39 bequem
2406 2832 61 32 wie
2490 2832 51 32 die
2564 2832 279 32 amerikanischen
2866 2832 81 32 sind.
2972 2832 54 32 Sie
3048 2832 105 32 bauen

2225 2908 3 3 .
2253 2884 122 33 Schiffe
2401 2885 65 32 und
2492 2885 234 32 Lokomotiven
2752 2886 65 32 und
2843 2885 195 32 fabrizieren
3064 2885 89 31 Mes-

2252 2940 173 36 serwaren,
2453 2938 51 32 die
2531 2938 121 32 ebenso
2679 2942 56 35 gut
2763 2938 72 33 sind
2861 2938 62 33 wie
2949 2948 127 28 unsere,
3105 2938 49 32 sie

2253 2990 110 32 weben
2384 2991 125 39 besser,
2532 2991 47 33 sie
2601 2991 104 33 bauen
2727 2991 197 33 elektrische
2947 2992 65 32 und
3033 2991 120 32 leichte

2250 3044 234 32 automatische
2503 3044 191 32 Maschinen
2714 3044 181 39 ebensogut
2913 3039 62 38 wie
2995 3044 51 33 die
3060 3044 129 32 Ame-

2250 3096 139 39 rikaner,
2405 3098 64 32 und
2486 3098 31 32 in
2534 3098 58 32 der
2607 3098 212 40 Anwendung
2837 3098 58 32 der
2910 3097 245 33 Wissenschaft

2250 3150 53 32 auf
2322 3150 51 32 die
2393 3144 175 45 Industrie,
2589 3152 56 31 der
2664 3151 51 32 die
2737 3151 144 33 Zukunft
2901 3151 125 43 gehört,
3048 3151 108 32 schla-

2251 3213 61 29 gen
2334 3203 47 33 sie
2402 3204 95 32 beide
2517 3204 57 32 mit
2595 3204 254 40 Leichtigkeit.“

2320 3256 36 31 In
2390 3257 59 32 der
2481 3256 278 34 Metallindustrie
2793 3257 236 33 insbesondere
3064 3257 90 34 steht

2251 3309 223 33 Deutschland
2498 3309 196 40 erstklassig
2717 3311 59 38 da;
2798 3310 42 39 ja,
2864 3321 35 22 es
2922 3310 56 33 hat
3002 3320 96 30 sogar
3122 3311 32 31 in

2250 3363 149 32 mancher
2422 3363 152 32 Hinsicht
2596 3364 61 32 alle
2680 3364 121 31 andern.
2824 3363 249 33 Konkurrenten
3095 3374 59 22 aus

2843 3417 60 32 Auf
2933 3417 72 32 dem
3035 3416 120 34 Gebiet

2252 3468 57 32 der
2338 3469 269 33 Textilindustrie
2640 3470 150 39 dagegen
2822 3470 135 33 erkennt
2991 3469 164 33 Shadwell

2251 3522 51 32 die
2328 3522 277 39 Ueberlegenheit
2631 3523 169 39 Englands
2827 3534 49 27 an,
2905 3523 51 33 die
2985 3523 169 32 insbeson-

2252 3574 75 33 dere
2381 3575 41 32 im
2451 3575 361 34 Textilmaschinenbau
2853 3576 89 32 ihren
2983 3576 171 41 Ausdruck

2250 3627 112 33 findet.
2387 3628 62 32 Die
2474 3629 204 33 Lichtseiten
2703 3630 57 32 der
2786 3629 178 33 deutschen
2990 3629 164 33 Industrie

2250 3681 106 39 liegen
2374 3681 82 32 nach
2476 3681 162 33 Shadwell
2657 3682 246 39 hauptsächlich
2922 3683 31 32 in
2972 3683 58 32 der
3047 3686 107 36 syste-

2250 3734 179 32 matischen
2459 3734 240 40 Organisation,
2730 3736 31 32 in
2791 3736 57 32 der
2878 3736 153 32 staatlich
3062 3746 93 29 gere-

2251 3787 108 39 gelten
2408 3787 398 42 Arbeiterversicherung,
2859 3789 295 39 Gewerbeinspek-

2985 3842 169 40 sonstigen

2251 3893 189 40 Eingreifen
2469 3894 56 33 des
2556 3895 132 32 Staates
2715 3896 54 32 auf
2797 3896 82 31 allen
2908 3895 161 33 Gebieten
3097 3896 58 32 der

2253 3947 235 39 Sozialpolitik.
2520 3948 57 33 Als
2613 3948 264 33 Schattenseiten
2910 3949 246 32 Deutschlands

2250 4000 84 32 weiß
2354 4000 162 33 Shadwell
2533 4012 59 22 nur
2609 4001 211 33 aufzuführen
2833 4016 5 18 :
2856 4002 133 39 längere
3006 4002 149 44 Arbeits-

2250 4053 115 39 zeiten,
2392 4054 184 39 niedrigere
2602 4055 121 38 Löhne,
2751 4059 110 29 teuere
2888 4055 267 40 Wohnungsver-

2250 4106 157 33 hältnisse
2430 4108 63 32 und
2514 4108 357 40 Lebensmittelpreise.

2317 4160 71 32 Die-
2408 4161 188 39 Engländer.
2627 4161 70 33 sind
2727 4162 83 32 nach
2842 4161 163 33 Shadwell
3036 4162 30 32 in
3098 4162 58 32 der

2250 4213 113 32 Arbeit
2391 4214 133 32 rascher
2554 4214 48 33 als
2632 4215 51 32 die
2712 4215 200 39 Deutschen,
2944 4215 211 40 sorgfältiger

2251 4266 47 32 als
2321 4266 50 33 die
2393 4267 220 39 Amerikaner,
2636 4268 81 32 doch
2739 4268 109 33 nimmt
2869 4268 68 33 ihre
2960 4267 194 40 Rührigkeit

2250 4319 145 40 langsam
2418 4320 39 32 ab
2481 4321 63 32 und
2567 4321 80 33 läuft
2669 4325 94 29 unter
2786 4322 61 32 den
2870 4321 124 39 Folgen
3018 4321 58 33 des
3099 4332 56 22 zu-

2251 4373 198 32 nehmenden
2479 4374 232 34 Wohlstandes
2745 4374 131 39 Gefahr,
2908 4385 56 22 zur
2996 4375 158 39 Bequem-

2250 4426 135 33 lichkeit
2407 4428 64 32 und
2494 4427 153 32 Indolenz
2671 4438 37 21 zu
2731 4427 127 40 neigen.
2882 4429 70 32 Das
2975 4428 112 32 Leben
3110 4429 45 32 ist

2251 4482 84 29 trotz
2358 4480 56 32 der
2437 4481 191 32 wesentlich
2651 4480 141 33 höheren
2815 4481 110 33 Löhne
2949 4482 31 32 in
3003 4481 152 32 Amerika

2251 4532 30 32 in
2306 4533 150 39 England
2481 4533 139 39 billiger.

2317 4586 45 31 Im
2392 4586 260 40 merkwürdigen
2683 4587 188 40 Gegensatz
2902 4599 38 22 zu
2973 4588 184 33 Shadwells

2250 4639 260 40 Ausführungen,
2536 4640 57 33 der
2617 4640 233 34 insbesondere
2875 4641 51 33 die
2951 4641 206 33 industrielle
