3447 4974
1400 310 223 28 Schweizerische
1651 309 308 34 Arbeitgeber-Zeitung,

3009 301 45 26 Nr.
3073 300 34 26 27

295 430 113 32 rialien
434 429 113 32 erzielt
572 428 133 33 worden
730 428 54 38 ist,
811 428 62 32 und
899 426 59 33 wir
985 426 102 32 haben
1114 425 83 32 Aus-

296 483 85 33 sicht
406 483 55 33 auf
486 483 69 32 eine
582 482 125 32 Million
757 481 150 32 weiterer
958 476 239 35 Pferdekräfte.

295 538 174 38 Langsam,
497 535 77 33 aber
604 535 106 32 sicher
732 534 88 33 wird
848 533 81 33 nach
958 533 58 33 der
1043 532 156 39 Meinung

295 590 58 32 des
373 589 248 39 Vortragenden
643 588 51 32 die
715 587 285 39 Kohlenfeuerung
1021 586 179 38 verdrängt

295 643 142 38 werden,
460 642 64 33 und
546 652 72 22 man
641 641 82 32 wird
746 641 111 32 immer
878 640 89 32 mehr
991 639 94 32 dahin
1109 638 89 32 kom-

295 707 80 27 ınen,
400 696 51 32 die
475 693 422 40 Krafterzeugungsstellen
920 692 79 33 weit
1022 690 176 34 außerhalb

297 750 56 32 der
381 749 116 33 Städte
523 759 39 21 zu
587 748 165 39 verlegen.
779 746 197 33 Erwünscht
1003 747 86 31 wäre
1116 745 84 32 noch

297 803 70 32 eine
390 802 134 32 weitere
547 800 226 39 Verbilligung
797 800 57 32 der
877 799 189 39 Gaspreise.

467 939 176 40 Handel
670 938 91 40 und
789 936 264 41 Iudustrie.

362 1053 98 31 Der:
474 1030 525 71 Kupferrohrverband
1040 1047 56 32 hat
1139 1031 62 47 den

298 1105 202 39 Grundpreis
518 1105 50 42 für
585 1101 222 48 Kupferrohre
824 1102 53 32 auf
896 1095 57 38 171
974 1100 95 32 Mark
1085 1098 120 53 herab-

298 1162 139 37 gesetzt.

364 1239 90 31 Aus
484 1238 78 32 der
591 1233 418 44 Blechindustrie.
1066 1232 62 33 Die
1171 1232 32 32 in

298 1292 83 32 Köln
427 1290 249 33 versammelten
721 1286 374 35 Feinblechwalzwerke
1144 1285 59 32 der

298 1345 155 39 Hagener
478 1337 222 45 Vereinigung
737 1342 65 33 und
841 1342 56 32 der
936 1339 266 34 Schwarzblech-

299 1397 220 40 Vereinigung
541 1406 110 23 waren
673 1395 57 33 mit
752 1394 183 33 Rücksicht
956 1393 55 33 auf
1034 1393 51 32 die
1108 1402 95 22 uner-

299 1454 118 30 wartet
457 1450 133 39 geringe
630 1449 251 38 Herabsetzung
920 1447 58 32 der
1017 1446 186 39 Halbzeug-

300 1504 108 40 preise
438 1499 196 43 einstimmig
664 1502 56 33 der
748 1501 147 38 Ansicht,
926 1500 65 32 daß
1021 1499 51 33 die
1102 1498 102 33 schon

277 1558 85 32 seit
382 1558 151 38 längerer
553 1556 76 32 Zeit
650 1542 91 46 stark
752 1553 336 40 verlustbringenden
1107 1543 97 41 Fein-

301 1610 205 39 blechpreise
535 1608 180 39 unbedingt
746 1607 113 33 erhöht
889 1606 132 33 werden
1060 1605 144 38 müßten,

286 1664 132 44 sollten
443 1663 52 32 die
517 1662 122 32 Werke
663 1661 89 33 nicht
774 1671 71 22 zum
868 1659 157 40 Erliegen
1047 1659 157 32 kommen.

300 1717 62 32 Die
386 1716 166 32 einzelnen
574 1714 190 39 Mitglieder
787 1713 116 33 wollen
926 1712 135 34 deshalb
1085 1712 119 32 höhere

301 1770 116 39 Preise
437 1760 187 48 verlangen.

363 1845 159 45 Ueber
551 1857 75 33 die
654 1854 293 34 Rohölkrise
988 1853 43 32 in
1071 1851 135 34 Gali-

302 1912 115 37 zien,
443 1910 52 33 die
519 1910 83 39 jetzt
626 1909 67 33 fast
718 1907 254 34 ausschließlich
999 1907 51 32 die
1076 1905 130 40 dortige
1236 1917 3 2 |

302 1964 230 38 Bevölkerung
560 1960 212 41 beschäftigt,
804 1960 143 33 schreibt
988 1960 51 32 die
1079 1958 132 39 ,,Bohe-

302 2017 102 32 mid

303 2122 262 33 Rohôlreichtum
587 2120 176 33 Galiziens.
784 2120 97 32 Einst
899 2118 134 33 wurden
1052 2118 31 32 in
1104 2117 103 33 einem

305 2166 235 48 europäischen
597 2174 107 32 Hafen
763 2183 102 29 ganze
925 2170 284 39 Schifisladungen

305 2228 197 32 Baumwolle
531 2227 50 33 ins
609 2227 92 31 Meer
730 2225 174 40 geworfen,
933 2235 53 23 um
1014 2224 50 32 die
1094 2223 114 33 Preise

306 2281 89 32 nicht
417 2292 40 21 zu
480 2280 154 39 drücken,
656 2280 65 32 und
744 2279 52 32 die
818 2277 247 34 brasilianische
1088 2276 121 40 Regie-

305 2344 83 29 rung
405 2334 156 32 versucht
580 2333 82 32 eben
678 2333 83 39 jetzt
779 2332 57 33 mit
854 2332 101 31 ihrem
974 2330 159 33 teilweise
1153 2329 56 32 da-

308 2387 104 32 neben
446 2386 198 39 geglückten
675 2383 399 40 Valorisationsprojekte,
1109 2382 101 33 durch

308 2439 225 39 Einsperrung
555 2439 90 32 eines
666 2438 110 32 Teiles
799 2438 56 32 der
876 2437 249 32 Kaffeevorräte
1148 2437 63 32 den

309 2492 94 33 Preis
426 2492 105 31 dieses
557 2491 139 31 Artikels.
719 2491 53 31 auf
794 2491 68 31 eine
886 2489 207 38 gewünschte
1116 2488 93 32 Höhe

310 2556 38 21 zu
367 2545 146 32 bringen.
540 2545 4 19 1
637 2546 141 29 istanowice
845 2544 18 11 lë
1061 2546 36 4 tzt

311 2594 30 32 öl
366 2594 32 32 in
425 2595 47 31 den
514 2595 78 31 Fluß
622 2595 157 31 ablaufen,

310 2642 208 37 Behältnisse
545 2658 57 21 zur
630 2646 241 39 Aufsammlung
899 2646 58 32 der
984 2656 41 22 an
1051 2645 61 33 den
1122 2641 89 43 Tag

812 2598 64 27 weil
906 2604 51 20 die
988 2602 220 22 vorhandenen

275 2743 43 21 PR

392 2763 14 17 e
428 2762 26 21 ni
482 2753 88 31 mand
594 2768 57 14 den
677 2754 62 30 Mut
763 2753 110 31 findet,
896 2752 81 32 Geld
1001 2762 26 16 in

467 2816 32 20 zu
526 2814 144 24 stecken,
697 2805 122 31 welche
848 2814 70 19 infa!

325 2911 263 30 ;ationslosigKeit
1005 2926 50 9 ster
1107 2926 98 10 Bedeu-

295 2963 146 72 bu
421 2973 49 21 am.
498 2963 117 31 Bissen
660 2969 136 25 erstickt.
828 2955 60 40 Die
919 2928 295 67 Österreichischen

313 3014 177 33 Raffinerien‘
556 3016 123 31 können.
723 3016 97 32 heute
860 3016 83 32 rund
986 3019 18 28 5
1047 3014 167 33 Millionen

327 3027 141 73 tee
500 3079 54 21 ner
574 3069 183 31 Petroleum
778 3078 170 29 erzeugen,
968 3068 156 33 bemühen
1145 3067 70 33 sich

316 3132 44 21 um
382 3132 80 22 neue
470 3076 277 85 ste
765 3122 65 32 und
848 3121 80 32 eben
947 3125 69 29 erst
1032 3121 82 39 jetzt
1131 3131 84 22 wur-

314 3181 60 26 den
393 3174 126 32 wieder
540 3175 138 38 größere
699 3174 336 33 Ausfuhrabschlüsse
1057 3185 39 21 zu
1117 3174 98 32 hôhe-

313 3238 56 22 ren
386 3228 49 32 als
452 3227 59 33 den
527 3227 247 40 Inlandpreisen
792 3227 159 39 gemacht,
969 3228 77 32 aber
1062 3227 51 32 die
1130 3226 86 33 Roh-

315 3280 227 39 ölproduktion
571 3278 184 41 übersteigt
785 3280 82 32 doch
895 3280 111 32 immer
1045 3280 67 32 ihre
1141 3280 77 32 Lei-

315 3333 279 40 stungsfähigkeit
621 3334 64 32 und
712 3333 61 33 alle
800 3332 344 41 Absatzmöglichkeit.
1175 3333 42 32 So

315 3386 43 32 ist
381 3397 35 21 es
439 3386 82 45 denn
543 3386 76 32 kein
640 3387 155 38 Wunder,
818 3386 63 32 daß
904 3387 58 32 der
984 3385 125 34 Artikel
1132 3386 85 32 Roh-

316 3439 31 32 öl
379 3439 94 32 einen
504 3438 233 40 beispiellosen
770 3433 185 38 Preissturz
990 3439 128 32 erlitten
1152 3439 65 32 hat.

315 3492 67 32 Vor
397 3492 158 39 ungefähr
572 3495 18 28 6
608 3492 123 32 Jahren
747 3492 132 33 mußten
899 3495 17 28 7
932 3492 132 32 Kronen
1081 3494 40 29 60
1139 3491 79 32 Hel-

315 3545 57 38 ler,
394 3545 84 32 noch
499 3545 40 32 im
560 3545 158 39 Vorjahre
739 3548 20 28 4
781 3545 56 32 Kr.
859 3548 39 29 25
921 3545 42 32 H.
986 3544 128 34 bezahlt
1136 3554 83 22 wer-

315 3598 73 38 den,
413 3597 96 48 heute
532 3598 132 32 werden
688 3598 51 32 die
763 3597 202 33 Raffinerien
989 3598 57 33 mit
1069 3597 150 40 Angebo-

316 3654 54 28 ten
392 3661 37 21 so
448 3650 208 39 überlaufen,
670 3650 64 33 daf
756 3652 47 31 sie
825 3652 147 38 prompte
993 3651 104 33 Käufe
1119 3661 40 22 zu
1180 3654 40 28 80

316 3703 145 38 Hellern,
480 3703 220 34 SchluBkäufe
717 3714 39 22 zu
775 3708 13 28 1
809 3705 106 32 Krone
935 3708 39 28 10
991 3704 132 33 Hellern
1140 3701 80 35 voll-

316 3756 114 32 ziehen
452 3756 135 33 können.
609 3756 186 40 Allerdings
817 3757 129 33 erleben
968 3757 81 33 auch
1070 3757 51 32 die
1143 3756 77 33 Raf-

315 3809 139 33 finerien
478 3809 94 33 keine
597 3810 127 32 Freude
749 3820 41 22 an
816 3810 107 33 dieser
950 3809 271 40 Spottbilligkeit.

317 3862 94 32 Denn
436 3862 47 32 sie
504 3862 105 33 haben
634 3863 100 38 große
757 3863 142 40 Mengen
922 3874 40 21 zu
986 3866 17 29 2
1027 3863 131 32 Kronen
1182 3866 38 29 25

318 3914 135 33 Hellern
483 3915 205 39 eingedeckt,
718 3916 65 33 und
811 3918 129 31 müssen
970 3916 81 39 jetzt
1079 3916 57 32 mit
1167 3925 55 30 ge-

317 3967 158 43 mischten
502 3968 159 33 Gefühlen
686 3969 109 38 sehen,
820 3969 63 32 daß
907 3969 47 33 sie
978 3969 49 32 ihr
1049 3969 173 32 Rohmate-

294 4015 81 36 “mal
401 4025 79 27 anch
504 4031 35 20 zu
565 4021 122 32 diesem
709 4021 183 39 Tiefpreise
915 4021 168 35 überzahlt
1106 4022 116 33 haben.

386 4116 91 32 Das
524 4118 193 33 Kartell
766 4118 80 33 der
867 4115 355 43 ungarischen

318 4168 486 35 Maschinenriemen-
835 4172 85 32 und
953 4172 270 32 Sohlleder-

303 4221 333 34 fabrikanten
661 4224 43 33 ist
728 4224 83 39 jetzt
836 4225 81 32 nach
943 4225 135 39 längern
1103 4225 120 33 Unter-

318 4273 206 42 handlungen
548 4276 158 33 zustande
731 4277 198 39 gekommen.
954 4278 119 33 Dieses
1097 4278 127 33 Kartell

319 4327 44 32 ist
388 4328 208 41 unabhängig
621 4339 71 22 vom
718 4331 296 33 ôsterreichischen
1040 4331 184 33 Sohlleder-

319 4380 130 38 kartell,
475 4380 80 33 wird
579 4382 118 38 jedoch
724 4382 41 33 im
791 4382 256 35 Einvernehmen
1073 4384 57 34 mit
1157 4384 67 33 die-

322 4444 66 22 sem
418 4434 175 39 vorgehen.
626 4435 61 33 Die
719 4435 278 36 Kartellfabriken
1028 4437 197 34 errichteten

320 4487 52 31 ein
403 4487 236 39 gemeinsames
668 4488 286 34 Verkaufsbureau
985 4490 32 32 in
1045 4490 180 40 Budapest.

320 4539 48 32 Es
397 4540 130 33 besteht
557 4541 52 33 die
639 4541 147 39 Absicht,
818 4543 51 33 die
897 4543 164 33 Fabriken
1090 4544 32 32 in
1154 4544 71 33 eine

320 4592 129 40 einzige
478 4594 100 39 große
608 4594 333 41 Aktiengesellschaft
973 4597 252 33 umzuwandeln.

369 2069 63 32 Ein
461 2069 117 39 Segen,
607 2068 57 32 der
690 2077 71 22 zum
787 2066 121 44 Fluche
936 2065 92 39 wird,
1066 2064 44 33 ist
1149 2064 59 32 der

310 2699 222 47 kommenden.
546 2700 142 39 Mengen
712 2699 91 33 nicht
828 2698 196 40 hinreichen,
1048 2698 64 57 und
1132 2695 80 70 wi

1230 2812 19 13 1;
1278 2807 52 30 daß
1352 2806 17 31 der
1429 2807 132 30 letztere
1583 2805 48 32 bei
1655 2817 106 18 seinen
1796 2815 17 9 M

1328 425 48 31 In
1409 425 83 31 den
1525 423 286 39 englischen
1844 418 307 51 Eisenbezir-

1253 479 85 32 ken
1368 478 102 32 bleibt
1501 477 52 32 die
1583 476 144 40 Haltung
1758 476 52 32 bei
1842 474 118 32 stillem
1993 472 160 33 Geschäft

1229 526 2 5 |
1248 532 180 39 durchweg
1457 529 161 34 schwach.
1646 531 37 32 In
1711 530 62 32 den
1801 525 351 41 Binnengrafschaften

1254 586 55 32 hat
1340 582 51 35 die
1421 584 134 33 weitere
1586 582 269 38 Abschwächung
1887 580 57 33 der
1974 579 178 33 Roheisen-

1253 639 109 39 preise
1393 649 38 21 zu
1461 637 151 33 weiterer
1640 634 273 39 Einschränkung
1944 633 56 32 der
2030 633 122 32 Erzeu-

1256 702 86 30 gung
1371 694 168 37 angeregt.
1569 689 140 33 Betreffs
1739 689 57 31 des
1827 686 212 33 Clevelander
2067 685 86 33 Roh-

1256 746 119 37 eisens,
1407 745 119 32 dessen
1558 743 92 33 Preis
1682 742 110 33 bisher
1824 740 102 33 durch
1959 740 61 32 den
2053 749 101 29 regen

1255 798 178 33 deutschen
1458 796 131 40 Begehr
1613 795 147 34 aufrecht
1785 794 146 33 erhalten
1956 792 121 39 wurde,
2104 802 49 22 er-

1229 857 1 3 |
1254 855 117 29 wartet
1391 848 70 35 man
1480 849 121 39 infolge
1621 849 56 33 der
1695 849 153 39 jüngsten
1868 846 180 33 deutschen
2067 845 86 32 Roh-

1255 904 274 39 eisenbewegung
1556 902 156 33 ebenfalls
1739 901 69 32 eine
1835 900 209 38 Verflauung.
2072 899 81 32 Eine

1256 958 249 38 Erleichterung
1535 955 51 32 für
1617 956 50 32 die
1699 952 336 47 Roheisenhersteller
2045 946 109 38 steht

1254 1011 101 32 bevor
1381 1010 99 33 durch
1508 1009 51 32 die
1586 1008 220 39 Ermäßigung
1834 1007 58 32 der
1918 1004 235 41 Kohlenpreise

1256 1064 63 32 und
1351 1062 237 34 Arbeitslöhne.
1647 1062 62 33 Die
1741 1059 318 39 Eisenbahnwagen-
2091 1058 64 32 und

1255 1115 444 34 Lokomotivbau-Anstalten
1718 1113 128 33 bleiben
1866 1116 58 36 gut
1942 1111 211 39 beschäftigt.

1348 1221 146 47 Keine
1568 1217 458 54 Verbandsbildung
2104 1230 51 36 im

1256 1288 387 41 Drahtgewerbe.
1663 1288 62 32 Die
1745 1286 248 38 Bestrebungen
2013 1294 56 22 zur
2088 1283 67 32 Bil-

1247 1344 97 38 ‚dung
1364 1343 89 33 eines
1471 1341 189 34 Verbandes
1679 1341 52 32 für
1751 1333 166 45 gezogene
1937 1337 124 33 Drähte
2084 1337 72 32 sind

1257 1396 122 32 wieder
1405 1394 205 41 aufgegeben
1627 1394 148 37 worden,
1802 1392 75 32 weil
1905 1391 69 33 sich
2002 1390 51 33 die
2080 1389 75 35 Vel-

1257 1452 64 35 ten,
1345 1444 533 42 Guilleaume-Lahmeyer-Werke
1900 1438 95 39 unter
2016 1444 63 32 den
2100 1443 56 32 be-

1258 1502 178 33 stehenden
1455 1500 244 33 Verhältnissen
1718 1499 189 39 weigerten,
1926 1497 32 32 in
1976 1506 81 23 neue
2076 1496 79 32 Ver-

1258 1545 204 49 handlungen
1487 1554 210 32 einzutreten.
1743 1551 144 39 Deshalb
1913 1550 81 33 wird
2018 1549 83 33 auch
2125 1549 32 31 in

1258 1608 198 33 absehbarer
1475 1607 76 32 Zeit
1569 1606 73 32 kein
1661 1603 324 62 Drahtstiftverband
2005 1602 152 33 erstehen

1259 1661 136 57 können.
1640 1671 3 3 }

1355 1756 339 34 Gesellschaft
1751 1756 70 32 des
1879 1752 278 34 Verbandes

1261 1810 325 34 Sächsischer
1653 1807 358 34 TIndustrieller
2080 1815 78 23 zur

1260 1863 400 40 Entschädigung
1716 1852 74 42 bei
1846 1859 354 33 Arbeitsein-[

1607 1915 73 33 Aus
1700 1915 71 32 dem
1797 1914 32 33 in
1858 1914 59 32 der
1944 1912 234 33 Generalver-

1262 1917 291 39 stellungen.

1262 1971 176 38 sammiung
1466 1972 193 30 erstatteten
1687 1966 309 34 Geschäftsbericht
2047 1965 46 33 ist
2121 1975 38 27 zu

1262 2024 199 37 entnehmen,
1490 2022 64 32 daB
1582 2021 51 33 die
1660 2020 222 33 Gesellschaft
1909 2019 82 33 auch
2018 2019 41 31 im
2086 2027 72 23 ver-

1262 2086 170 30 gangenen
1456 2075 100 32 Jahre
1582 2074 172 32 wiederum
1780 2073 86 32 ihrer
1890 2071 160 40 Aufgabe,
2078 2070 80 47 ohne

1262 2128 197 42 Nachschuß
1497 2128 147 32 erheben‘
1673 2138 39 21 zu
1749 2128 140 36 müssen,
1928 2124 231 33 nachkommen

1262 2182 64 32 und
1342 2182 51 32 für
1410 2184 39 29 58
1468 2181 127 32 Streiks
1612 2179 310 40 Entschädigungen
1939 2178 31 32 in
1988 2180 171 35 satzungs-

1264 2235 154 39 gemäßer
1444 2234 92 32 Höhe
1565 2226 171 47 gewähren
1762 2232 130 32 konnte.
1921 2223 67 40 Der
2015 2229 145 40 Mitglie-

1263 2287 157 34 derstand
1439 2287 56 32 hat
1516 2287 70 33 sich
1606 2287 40 32 im
1664 2279 136 46 vorigen
1819 2285 101 33 Jahre
1940 2277 63 39 von
2023 2286 62 29 667
2107 2283 53 32 auf
2191 2286 2 2 |

1266 2344 80 29 1109:
1369 2340 201 33 industrielle
1592 2336 152 35 Betriebe
1768 2337 156 41 gehoben.
1970 2340 37 28 18
2033 2335 128 34 Streiks

1264 2394 142 32 konnten
1428 2393 40 32 im
1491 2392 155 40 Vorjahre
1668 2390 32 34 in
1723 2392 61 32 den
1806 2390 177 33 Betrieben
2005 2389 57 33 der
2084 2389 77 32 Mit-

1265 2447 125 40 glieder
1411 2446 152 32 verhütet
1584 2444 140 33 werden.

1543 2540 416 33 bseiaschrämkun
1975 2548 47 29 ge
2124 2540 36 26 in

1279 2610 58 8 jer
1371 2593 438 33 Seidenindustrie:
1862 2592 56 30 Die
1947 2592 201 29 Veremnigun;

1266 2617 58 63 der
1352 2647 179 33 deutschen
1561 2646 104 33 Samt-
1693 2645 76 33 und.
1788 2645 229 32 Seidenwaren
2030 2652 13 15 -
2057 2642 106 33 Groß-

1266 2701 134 32 händler
1425 2700 56 33 hat
1508 2700 53 32 bei
1589 2699 70 35 dem
1687 2698 150 33 Verband
1865 2698 60 32 der
1942 2687 222 54 Seidenstoff-

1267 2754 217 31 Fabrikanten
1513 2752 239 32 Deutschlands
1782 2765 56 17 den
1869 2753 123 35 Antrag
2021 2748 143 41 gestellt,

1719 2834 4 1 ı
1851 2809 144 31 gliedern
2016 2803 71 31 eine
2108 2801 56 32 all-

1291 2869 39 20 em
1528 2861 43 27 Kuun
1648 2869 38 19 der
1842 2858 86 30 nisse
1954 2866 56 22 von
2031 2854 134 33 Seiden-

1975 2919 31 21 In
2024 2907 141 33 solchem

1267 2964 91 32 Falle
1378 2964 109 32 würde
1509 2952 70 44 sich
1598 2962 52 33 die
1669 2927 220 77 Vereinigung
1910 2962 56 32 der
1987 2960 179 33 deutschen

1271 3017 104 32 Samt-
1405 3017 63 32 und
1501 3015 413 40 Seidenwarengrossisten
1943 3013 223 40 verpflichten,

1269 3080 58 22 nur
1343 3080 62 22 von
1422 3069 193 40 denjenigen
1632 3068 217 33 Fabrikanten
1867 3068 59 33 der
1943 3066 223 39 Schweiz,

1270 3123 228 33 Oesterreichs
1527 3122 63 33 und
1619 3122 133 32 Italiens
1780 3132 39 22 zu
1848 3121 165 38 beziehen,
2044 3119 122 33 welche

1271 3176 68 32 ihre
1368 3176 200 33 Produktion
1596 3175 31 31 in
1656 3175 140 39 gleicher
1824 3175 113 32 Weise
1964 3173 113 40 regeln
2105 3172 63 33 und

1272 3229 70 32 sich
1369 3229 88 32 einer
1482 3227 168 34 Kontrolle
1675 3228 227 33 unterwerfen.
1930 3228 47 31 Es
2003 3226 82 33 wird
2113 3226 54 32 da-

1269 2918 113 25 Stoffen
1404 2918 194 30 schleunigst.
1627 2913 200 29 veranlassen
1861 2938 13 2 m

1247 3297 3 2 -
1271 3282 71 32 rauf
1363 3281 231 40 hingewiesen,
1616 3281 83 38 „daß
1721 3281 51 33 die
1795 3279 373 39 Seidenwarenproduk-

1272 3335 67 33 tion
1357 3334 52 33 bei
1427 3335 61 32 den
1508 3333 171 42 günstigen
1696 3334 247 33 Verhältnissen
1960 3333 31 32 in
2010 3333 61 32 den
2089 3332 79 32 letz-

1274 3391 54 29 ten
1352 3388 122 34 Jahren
1499 3398 51 22 um
1576 3386 163 34 vielleicht
1765 3390 39 29 20
1830 3387 141 32 Prozent
1998 3385 171 41 gestiegen

1275 3441 57 38 sei,
1373 3440 153 33 während
1567 3440 51 33 die
1659 3439 138 34 Ausfuhr
1838 3440 58 32 der
1936 3438 234 40 europäischen

1275 3492 465 34 Seidenwaren-Fabrikanten
1765 3494 31 32 in
1822 3492 180 34 derselben
2020 3490 76 34 Zeit
2121 3502 50 21 um

1274 3547 51 32 ein
1345 3547 229 32 wesentliches
1594 3547 292 39 zurückgegangen
1908 3546 57 32 sei.
1988 3544 112 34 Selbst
2119 3544 52 33 bei

1275 3600 221 32 eintretender
1525 3599 167 40 günstiger
1721 3600 100 32 Mode
1848 3600 81 32 ohne
1960 3597 212 41 Spekulation

1275 3653 59 32 des
1365 3653 215 33 Rohmarktes
1610 3653 108 32 würde
1751 3653 51 32 die
1834 3650 340 40 Aufnahmefähigkeit

1276 3705 65 45 des
1355 3706 233 39 europäischen
1608 3705 203 33 Verbrauchs
1831 3705 91 33 nicht
1943 3706 158 39 genügen,
2123 3713 50 22 um

1275 3758 53 33 bei
1351 3759 57 32 der
1428 3758 145 40 jetzigen
1595 3758 193 41 Erzeugung
1812 3758 70 33 eine
1908 3757 144 40 gesunde
2076 3755 97 34 Basis

1277 3822 39 21 zu
1338 3811 178 33 schaffen.“
1540 3811 72 33 Wie
1634 3811 57 33 wir
1713 3812 108 38 hôren,
1843 3812 56 34 hat
1923 3807 73 36 sich
2014 3811 58 32 der
2094 3810 79 32 Vor-

1278 3865 95 33 stand
1399 3865 58 32 des
1482 3864 272 34 Verbandes-der
1781 3863 393 34 Seidenstoff-Fabrikan-

1277 3920 54 29 ten
1355 3928 39 22 zu
1418 3921 139 36 gunsten
1581 3917 58 33 des
1663 3918 184 33 erwähnten
1870 3917 163 40 Antrages
2058 3927 117 29 ausge-

1279 3971 159 38 sprochen
1466 3971 64 32 und
1560 3970 164 39 empfiehlt
1763 3971 61 33 den
1866 3970 190 33 sämtlichen
2096 3970 79 31 Ver-

1276 4023 311 40 bandsmitgliedern
1609 4023 166 41 dringend,
1798 4024 52 33 die
1873 4013 207 43 Produktion
2094 4022 82 32 nach

1277 4076 216 39 Möglichkeit
1521 4076 284 34 einzuschränken.
1834 4076 49 33 Ob
1913 4076 89 33 diese
2030 4074 147 34 Produk-

1278 4129 349 40 tionseinschränkung
1656 4129 69 38 eine
1753 4129 205 33 einheitliche
1985 4129 64 33 und
2077 4128 100 39 allge-

1277 4182 104 42 meine
1403 4182 68 33 sein
1491 4181 92 39 wird,
1606 4183 87 33 steht
1713 4182 81 33 noch
1816 4182 106 34 dahin.

1344 4280 90 32 Das
1455 4278 723 35 Kartellderôsterreichisch-

1281 4332 330 40 ungarischen
1695 4331 472 40 Emailgeschirrfa-

1279 4385 179 39 briken,
1481 4385 143 33 welches
1647 4386 66 34 fast
1737 4385 68 33 drei
1827 4385 101 33 Jahre
1952 4384 149 39 bestand,
2125 4384 56 33 hat

1281 4438 70 32 sich
1379 4438 173 40 aufgelöst.
1580 4438 61 33 Die
1669 4438 147 34 Ursache
1845 4438 121 33 hierfür
1992 4439 45 32 ist
2064 4438 32 32 in
2124 4438 57 32 der

1279 4491 318 40 Verschlechterung
1641 4492 58 32 der‘
1741 4491 342 33 Absatzverhältnisse
2128 4491 53 32 auf

1280 4545 72 32 dem
1365 4545 253 40 Inlandmarkte
1646 4556 39 22 zu
1714 4544 130 39 suchen,
1872 4544 123 33 welche
2024 4544 52 33 die
2104 4543 77 33 Ein-

1280 4598 135 39 haltung
1467 4598 57 32 der
1575 4598 232 40 ‚aufgestellten
1859 4597 219 33 Konditionen
2132 4606 49 23 er-

1281 4650 171 33 schwerte.
1469 4651 74 33 Wie
1561 4651 123 50 erklärt
1699 4650 92 40 wird,
1809 4651 48 32 sei
1874 4650 155 33 Aussicht
2045 4648 154 35 vorhan-

2185 2601 5 14 1

2134 2614 24 9 is

2207 420 72 37 den,
2308 418 63 33 daß
2399 418 70 32 sich
2497 417 51 33 die
2576 416 163 32 Fabriken
2763 416 44 32 im
2831 403 130 44 Herbst
2987 413 123 49 wieder

2206 472 170 40 bezüglich
2401 471 89 33 eines
2538 470 238 40 gemeinsamen
2800 468 190 40 Vorgehens
3037 476 72 23 ver-

2208 525 182 39 ständigen:

2304 616 427 34 Amerikanischer
2792 612 318 35 Eisenmarkt.

2207 673 70 31 Das
2296 670 223 33 New-Yorker
2553 660 176 42 Fachblatt
2746 669 97 38 „Iron
2861 668 91 39 Age“
2971 666 140 33 meldet:

2208 725 62 33 Die
2299 724 178 39 Stimmung
2503 724 32 31 in
2562 723 57 32 der
2646 721 261 33 Fisenindustrie
2935 721 44 32 ist
3007 723 104 29 etwas

2207 777 305 38 vertrauensvoller,
2536 777 32 32 in
2591 776 166 32 einzelnen
2783 773 329 39 Geschäftszweigen

2207 831 109 33 laufen
2333 831 158 39 Aufträge
2511 830 31 32 in
2561 833 103 29 etwas
2685 828 169 40 grôberem
2873 827 161 38 Umfange
3049 826 61 32 ein.

2207 885 91 32 Auch
2321 884 51 32 die
2396 883 279 39 Spezifikationen
2698 882 145 38 erfolgen
2866 881 31 32 in
2920 875 191 44 reichliche-

2208 948 66 22 rem
2304 937 108 38 Maße,
2443 936 82 32 doch
2553 936 121 32 kommt
2702 935 52 33 die
2783 935 189 38 Besserung
3001 932 119 38 weder

2208 992 203 38 ausgeprägt
2426 989 82 33 noch
2527 988 172 40 allgemein
2716 998 70 22 zum
2803 986 182 34 Ausdruck.
3004 985 108 34 Ziem-

2208 1044 65 32 lich
2294 1043 203 33 bedeutende
2520 1042 122 32 Posten
2662 1051 63 22 von
2747 1040 169 33 Gießerei-
2938 1040 64 32 und
3023 1038 88 33 basi-

2210 1097 110 32 schem
2347 1096 163 32 Roheisen
2538 1095 133 32 wurden
2692 1105 48 22 an
2770 1094 58 32 der
2857 1093 162 34 Seeküste
3048 1092 65 32 und

2209 1161 40 21 an
2275 1150 61 32 den
2360 1148 381 40 New-England-Points
2777 1158 40 21 zu
2852 1145 261 34 unveränderten

2189 1203 160 44 Preisen
2371 1202 145 40 gekauft.
2544 1202 62 32 Die
2633 1195 155 38 Umsätze
2815 1200 41 32 im
2881 1200 140 32 Westen
3039 1208 73 22 wa-

2209 1267 57 21 ren
2287 1256 149 39 dagegen
2457 1255 237 33 unbedeutend:
2717 1254 117 39 Einige
2856 1252 170 33 Hochöfen
3048 1251 65 32 zei-

2211 1320 62 29 gen
2300 1307 69 34 sich
2394 1304 90 37 noch
2502 1309 112 32 immer
2637 1307 115 38 bereit,
2779 1306 373 33 Preiskonzessionen

2209 1363 52 31 für
2278 1362 171 32 basisches
2466 1361 164 33 Roheisen
2647 1371 40 22 zu
2703 1360 195 39 bewilligen.
2919 1359 42 33 So
2980 1358 133 33 wurden

2214 1419 91 34 15,25
2337 1415 130 32 Dollars
2499 1425 58 28 per
2587 1414 111 32 Tonne
2729 1413 115 32 franko
2877 1411 236 39 Ost-Pennsyl-

2210 1468 96 32 vania
2327 1467 193 39 akzeptiert.
2544 1468 69 31 Das
2638 1466 160 33 Geschäft
2819 1466 32 31 in
2874 1465 173 39 Knüppeln
3069 1465 46 32 ist

2211 1522 76 31 sehr
2306 1520 208 39 schleppend,
2534 1520 248 32 Stahlschienen
2800 1519 108 39 liegen
2926 1518 104 39 ruhig.
3049 1510 65 40 Für

2210 1574 158 33 Baustahl
2388 1573 132 33 wurden
2540 1573 148 32 ziemlich
2706 1571 229 41 belangreiche
2954 1563 160 47 Aufträge

2213 1627 118 33 erteilt.
2364 1627 67 31 Für
2464 1626 173 33 Stabeisen
2669 1626 64 32 und
2765 1624 186 33 Bandeisen
2982 1624 133 33 besteht

2212 1681 138 39 größere
2374 1679 205 40 Nachfrage;
2604 1679 53 32 die
2680 1679 91 39 Lage
2796 1678 58 33 des
2879 1677 179 33 Geschäfts
3083 1677 32 32 in

2212 1733 143 32 Blechen
2378 1733 44 32 ist.
2446 1733 150 39 dagegen
2620 1732 75 32 sehr
2718 1731 279 39 unbefriedigend.
3045 1731 69 32 Das

2212 1785 299 40 Exportgeschäfte
2532 1785 45 32 ist
2597 1784 156 33 belebter.

2486 1938 357 41 Verschiedenes.
2869 1929 3 3 -

2280 2034 174 32 Berlin.
2507 2034 67 31 Der
2604 2032 182 39 Rückgang
2817 2032 56 32 der
2904 2030 211 33 sozialdemo-

2214 2087 189 33 kratischen
2436 2085 295 33 Gewerkschaîten
2762 2084 32 32 in
2827 2083 110 32 Berlin
2967 2082 85 33 wird
3085 2082 31 32 in

2214 2140 72 32 dem
2304 2139 119 33 soeben
2442 2138 233 33 erschienenen
2692 2140 158 30 neuesten
2867 2135 250 34 Jahresbericht

2214 2193 58 32 der
2299 2192 148 37 Berliner
2474 2189 481 35 Gewerkschaftskommission
2983 2188 134 33 offiziell

2215 2245 200 40 zugegeben.
2469 2245 77 32 Man
2575 2244 109 43 zählt:
2693 2244 32 32 in
2752 2243 85 33 rund
2869 2246 59 28 100
2960 2241 157 38 Gewerk-

2217 2299 149 32 schaften.
2417 2298 97 33 heute
2567 2300 137 35 235,980
2756 2295 200 40 Mitglieder,
3012 2303 106 31 gegen

2216 2354 136 37 252,096
2381 2351 41 32 im.
2450 2350 168 39 Vorjahre.
2670 2350 114 32 Neben.
2812 2349 59 32 der.
2898 2347 220 40 ungünstigen

2217 2404 255 39 Geschäftslage
2501 2404 108 32 dürfte-
2638 2403 51 42 die
2717 2402 169 40 Agitation
2898 2394 74 40 der
3000 2400 118 33 christ-

2217 2458 107 64 Jichen
2354 2458 64 32 und
2450 2457 133 73 gelben.
2597 2455 294 34 Gewerkschaften
2922 2453 196 56 hauptsäch-

2221 2512 27 28 lie
2319 2512 65 29 lazı
2415 2511 209 29 beigetragen;
2654 2510 109 29 haben.

2221 2565 75 28 triffi
2297 2530 176 70 Wo
2524 2540 60 52 ich
2600 2564 58 24 das
2689 2560 226 37 Baugewerbe,
2944 2560 56 30 das
3003 2558 117 67 DELLE

2221 2621 48 32 11,
2273 2622 61 36 YUV
2362 2615 187 39 Mitglieder
2581 2613 181 46 vingebußt
2788 2615 66 30 hat,
2905 2614 116 30 Davon
3051 2608 68 35 ent-

2219 2668 97 32 fallen
2342 2668 54 32 auf
2422 2668 52 32 die
2500 2666 302 33 Bauhülfsarbeiter
2829 2665 91 33 zirka
2945 2668 95 35 5000,
3067 2664 53 33 auf

2220 2721 51 32 die
2292 2721 131 42 Maurer
2443 2724 83 28 4600
2547 2721 64 31 und
2633 2720 53 32 auf
2707 2719 51 33 die
2781 2718 227 33 Zimmerleute
3031 2717 90 32 zirka

2223 2777 80 29 1100
2324 2774 108 32 Mann.
2476 2773 62 32 Die
2560 2773 230 41 Holzarbeiter
2811 2772 104 32 haben
2937 2771 79 32 über
3039 2768 83 47 3800

2220 2827 189 39 Mitglieder
2436 2826 159 39 verloren,
2625 2826 51 32 die
2693 2825 116 32 Maler
2837 2825 81 32 rund
2948 2818 98 44 1000,
3064 2813 57 43 die

2221 2880 161 32 Handels-
2412 2880 65 33 und
2506 2878 325 40 Transportarbeiter
2862 2880 82 30 2500
2974 2877 66 32 und
3071 2876 52 33 die

2220 2933 287 32 Wäschearbeiter
2529 2935 95 29 1200.
2663 2931 81 33 Eine
2764 2931 102 32 Reihe
2886 2930 138 32 anderer
3043 2928 80 34 klei-

2221 2996 58 22 ner
2301 2985 293 33 Gewerkschaften
2617 2985 72 32 sind
2711 2984 157 33 ebenfalls
2891 2994 40 22 an
2954 2982 72 34 dem
3047 2982 76 32 Nie-

2222 3040 165 38 dergange
2406 3038 161 39 beteiligt.
2610 3039 185 38 Insgesamt
2814 3037 133 39 beträgt
2967 3037 58 33 der
3044 3036 80 32 Ver-

2225 3093 67 32 lust
2323 3092 79 32 über
2437 3095 113 35 16,000
2583 3090 200 40 Mitglieder.
2839 3091 70 31 Der
2937 3089 191 39 Rückgang

2222 3147 88 31 wäre
2331 3145 81 32 noch
2436 3145 128 39 größer,
2586 3154 94 22 wenn
2701 3136 90 40 nicht
2813 3143 51 32 ein
2886 3142 71 33 Teil
2980 3143 58 32 der
3060 3142 65 32 Ge-

2223 3198 251 38 werkschaften,
2493 3198 79 32 rund
2591 3197 51 33 ein
2660 3197 131 38 Drittel,
2810 3196 92 33 einen
2921 3187 205 48 Mitglieder-

2223 3251 152 33 zuwachs
2404 3251 127 39 erlangt
2559 3251 123 38 hätten,
2712 3250 56 33 der
2796 3248 248 41 hauptsächlich
3073 3248 53 33 auf

2224 3305 53 32 die
2302 3304 269 39 Streibewegung
2592 3304 62 32 der
2676 3303 256 32 verschiedenen
2956 3302 171 32 Branchen

2224 3357 255 40 zurückgeführt
2493 3357 131 32 werden
2640 3357 85 32 muß.
2763 3357 69 31 Der
2846 3355 155 33 Wechsel
3018 3355 31 32 in
3066 3355 64 32 den

2226 3410 292 33 Gewerkschaften
2541 3411 44 32 ist
2607 3410 52 33 ein
2681 3408 284 34 außerordentlich
2989 3407 139 39 starker,

2228 3464 180 42 insgesamt
2440 3457 113 39 waren
2582 3463 81 32 über
2697 3465 135 35 100,000.
2864 3460 190 40 Mitglieder
3086 3460 42 32 im

2225 3517 103 37 Laufe
2354 3516 58 33 des
2436 3517 122 32 letzten
2582 3516 121 32 Jahres
2728 3517 220 37 ausgetreten,
2976 3514 153 33 darunter

2225 3570 83 32 über
2336 3573 112 34 12,000
2473 3569 184 33 weibliche.
2708 3569 68 32 Der
2805 3567 143 33 stärkste
2977 3566 154 33 Verband

2227 3623 44 32 ist
2295 3623 109 32 immer
2427 3623 82 32 noch
2534 3623 57 32 der
2616 3621 156 33 deutsche
2797 3619 333 34 Metallarbeiterver-

2227 3676 86 33 band
2336 3676 56 33 mit
2416 3679 116 35 63,000
2556 3674 221 40 Mitgliedern.
2824 3675 95 32 Dann
2942 3673 111 40 folgen
3078 3673 52 32 die

2227 3729 162 37 Handels-
2405 3729 69 33 und.
2486 3728 324 39 Transportarbeiter
2826 3727 57 33 mit
2901 3730 115 35 31,000
3033 3726 98 32 Mann

2229 3778 64 37 und
2318 3782 50 32 die
2393 3781 230 33 Holzarbeiter
2647 3781 57 33 mit
2729 3783 124 36 24,000.
2901 3780 63 33 Die
2990 3779 141 33 kleinste

2230 3828 231 47 Organisation
2488 3827 44 40 ist
2559 3833 52 35 die
2639 3834 59 33 der
2724 3833 327 40 Zigarrensortierer,
3080 3833 52 32 die

2230 3899 59 22 nur
2315 3891 39 29 56
2382 3887 190 40 Mitglieder
2599 3887 134 34 umfaßt.
2784 3885 99 34 Nicht
2910 3886 146 40 weniger
3084 3886 49 32 als

2234 3945 56 28 121
2325 3941 128 32 Streiks
2482 3941 65 33 und
2576 3941 272 39 Aussperrungen
2879 3939 72 33 sind
2981 3939 42 32 im
3053 3938 80 32 Ber-

2231 3995 82 32 liner
2341 3994 120 32 Bezirk.
2489 3994 41 32 im
2559 3994 123 33 letzten
2713 3992 251 40 Geschäftsjahr
2993 4002 39 22 zu
3061 4000 76 24 ver-

2231 4047 154 33 zeichnen
2408 4058 162 29 gewesen.
2614 4047 110 32 Daran
2746 4046 72 33 sind
2839 4046 51 33 die
2911 4044 223 34 Metallarbei-

2233 4104 51 29 ter
2307 4100 56 33 mit
2390 4095 37 42 */4
2453 4100 161 39 beteiligt.

2234 4153 128 34 Streiks
2383 4154 45 33 ist
2449 4152 195 40 erfolgreich
2665 4159 162 38 gewesen.
2869 4152 66 31 Für
2956 4151 52 34 die
3028 4151 107 33 Lohn-

2233 4207 128 39 kämpfe
2379 4207 49 32 ist
2442 4207 70 32 eine
2533 4206 126 33 Summe
2676 4216 63 23 von
2750 4205 96 33 mehr
2864 4204 47 34 als
2930 4208 17 29 5
2967 4205 168 32 Millionen

2234 4260 95 32 Mark
2356 4259 229 40 aufgewendet
2611 4259 142 33 worden.
2803 4258 64 32 Für
2895 4257 241 36 Arbeitslosen-

2233 4310 251 42 unterstützung
2504 4312 133 33 wurden
2661 4305 55 42 1*/2
2738 4310 167 34 Millionen
2926 4310 210 41 verausgabt,

2234 4366 52 33 für
2316 4365 280 40 Maßregelungen
2627 4361 174 42 (Maifeier)
2864 4366 136 36 314,000
3031 4364 106 33 Mark.

2235 4420 68 31 Der
2329 4418 270 33 Kassenbestand
2627 4417 58 33 der
2710 4417 147 33 Berliner
2886 4416 252 34 Gewerkschaf-

2236 4476 55 29 ten
2312 4472 132 40 beträgt
2465 4470 123 34 zurzeit
2611 4474 103 30 etwas
2736 4470 81 33 über
2839 4473 17 30 2
2879 4471 169 32 Millionen
3070 4470 68 32 Mk.

2236 4526 47 31 Es
2305 4525 43 33 ist
2370 4525 51 32 ein
2442 4524 132 33 Verlust
2597 4534 106 30 gegen
2725 4524 59 33 das
2805 4524 138 40 Vorjahr
2964 4527 62 29 von
3049 4523 90 33 zirka

2237 4581 115 42 60,000
2376 4578 96 32 Mark
2497 4587 39 23 zu
2560 4576 225 44 verzeichnen.
3104 4593 2 2 -

2815 2509 65 30 Der
2909 2508 128 30 Verlust
3064 2507 54 31 -be-
3153 2536 2 2 …

2663 4099 170 39 Ungefähr
2858 4098 52 33 die
2937 4098 112 33 Hälfte
3078 4098 57 33 der
3157 4107 3 2 -

3377 2830 12 129 a
3371 2712 18 115 in

3380 3080 16 83 KA
3380 3025 10 47 ci
3377 2987 13 35 ns

3380 3174 16 44 ee
