3503 4980
390 297 48 28 Nr.
457 297 33 26 27

1872 258 9 16 4

1876 282 10 20 k

1495 297 223 26 Schweizerische
1747 296 315 37 Arbeitgeber-Zeitung.

3192 302 16 26 3

393 409 338 39 Automobilbesitzer,
758 410 241 33 strafrechtlich
1022 409 127 31 können
1174 407 122 33 sowohl

394 463 151 32 Besitzer
575 462 61 33 wie
668 462 186 38 Chauffeur
870 463 142 38 verfolgt
1041 461 141 39 werden,
1214 461 82 32 auch

394 516 85 32 kann
499 516 70 32 dem
591 515 182 40 Chauffeur,
793 527 93 22 wenn
907 515 99 40 grobe
1027 514 268 40 Nachlässigkeit

393 569 251 39 nachgewiesen
664 569 91 39 wird,
778 570 51 32 die
850 565 189 36 Fahrlizenz
1061 567 143 32 dauernd
1226 570 68 29 ent-

358 618 3 5 “
394 632 104 29 zogen
520 622 141 32 werden.
685 623 64 32 Für
774 622 140 40 gewisse
938 621 91 32 Fälle
1054 620 71 33 sind
1148 620 147 33 Ausnah-

393 685 71 22 men
488 675 138 32 betreffs
651 676 56 32 der
730 676 147 38 Haftung
901 673 214 40 vorgesehen,
1139 674 156 32 meistens

394 728 78 32 aber
480 726 67 34 nur
563 728 31 32 in
611 729 112 33 Fällen
740 729 137 32 hôherer
894 727 138 38 Gewalt,
1049 727 169 39 Versagen
1236 726 59 33 des

394 781 240 33 Mechanismus
662 783 80 31 ohne
768 780 223 33 Verschulden
1018 779 58 33 des
1103 779 191 33 Chauffeurs

393 844 135 23 usw.

459 888 122 32 Ferner
603 888 72 32 sind
695 888 264 37 Bestimmungen
982 885 168 40 getroffen,
1173 889 121 35 unqua-

393 940 151 33 lifizierte
563 941 165 33 Personen
746 941 89 32 nicht
853 939 88 32 mehr
960 939 48 32 als
1028 938 193 38 Chauffeure
1240 949 54 21 zu-

393 993 160 32 zulassen.
582 994 63 33 Die
672 992 423 40 Prüfungsbestimmungen
1124 991 72 34 sind
1222 1001 72 23 ver-

395 1046 134 39 schärft,
555 1047 65 32 und
646 1047 106 39 jedem
779 1046 146 38 Prüfling
952 1045 131 35 werden
1111 1044 183 40 Zeugnisse

393 1098 81 33 über
499 1099 88 33 seine
612 1099 217 40 Fähigkeiten
855 1098 205 39 ausgestellt.
1086 1097 101 34 Diese
1214 1097 80 32 Prü-

396 1151 357 41 fungsbestimmungen
787 1152 129 32 dürften
949 1150 106 33 vielen
1088 1150 89 33 nicht
1212 1160 81 30 ganz

393 1205 82 31 nach
492 1203 146 35 Wunsch
658 1206 78 32 sein.
756 1204 165 33 Während
939 1204 109 39 bisher
1066 1203 92 39 jeder
1177 1203 116 33 Chauf-

393 1257 71 32 feur
486 1258 109 32 seinen
604 1258 213 33 Fahrschein
839 1257 124 38 erhielt,
984 1267 94 22 wenn
1100 1267 36 22 er
1156 1257 51 32 ein
1228 1266 65 22 we-

394 1310 56 39 nig
476 1311 224 32 umherfahren
727 1311 131 38 konnte,
888 1310 101 32 sollen
1017 1310 107 32 fortan
1151 1310 142 32 Fahrten

394 1363 41 32 im
466 1363 144 34 Gelände
639 1365 64 32 und
731 1364 152 32 belebten
915 1362 140 34 Straßen
1083 1362 50 33 als
1161 1362 131 33 Befähi-

395 1417 193 39 gungsfahrt
603 1418 151 38 verlangt
770 1417 141 32 werden.
1141 1409 77 38 E

459 1470 62 32 Die
540 1470 188 39 Regierung
748 1470 57 32 hat
825 1469 52 34 die
897 1469 84 32 volle
1002 1468 205 39 Zuversicht,
1229 1469 65 32 daß

394 1522 57 32 der
472 1533 81 22 neue
575 1523 149 33 Entwurf
749 1522 121 33 sowohl
893 1522 53 32 bei
970 1522 60 32 den
1053 1522 240 32 Automobilbe-

368 1574 157 40 _sitzern,
548 1576 62 32 wie
634 1576 81 32 auch
738 1575 54 32 bei
816 1575 71 32 dem
911 1574 169 33 Publikum
1104 1574 188 40 Entgegen-

393 1628 145 33 kommen
555 1629 110 32 finden
682 1628 91 32 wird.
790 1628 91 32 Auch
898 1628 68 32 hält
981 1638 72 21 man
1071 1627 71 33 eine
1161 1627 131 33 Schwä-

395 1681 105 39 chung
530 1681 57 32 der
615 1680 344 33 Automobilindustrie
990 1680 101 34 durch
1122 1680 61 33 den
1213 1681 80 31 Ent-

393 1734 82 32 wurf
497 1734 50 32 für
571 1734 284 40 ausgeschlossen.
881 1735 68 31 Der
972 1733 149 33 Entwurf
1144 1733 66 33 will
1235 1733 58 33 das

393 1787 169 32 Publikum
591 1797 105 29 gegen
724 1787 301 39 Ausschreitungen
1053 1786 115 33 wilder
1194 1786 99 32 Auto-

391 1839 184 33 mobilisten
600 1840 166 38 schützen,
792 1840 51 33 die
869 1840 70 32 sich
963 1840 87 32 ihrer
1072 1840 220 33 Verantwort-

392 1892 136 33 lichkeit
553 1893 90 32 nicht
671 1893 134 32 bewußt
834 1893 72 32 sind
935 1893 78 32 oder
1042 1903 36 22 es
1105 1892 90 33 nicht
1225 1892 68 32 sein

391 1945 127 33 wollen.
566 1946 209 39 Vorsichtige
800 1946 125 32 Fahrer
950 1940 128 38 dürften
1103 1956 59 22 nur
1189 1945 103 32 selten

391 1998 58 33 mit
492 1999 70 32 dem
587 1999 122 39 Gesetz
753 1999 32 32 in
808 1998 150 33 Konflikt
1002 1999 155 31 kommen.
1226 1999 66 32 Der

393 2051 156 39 Wunsch,
583 2051 71 32 eine
688 2051 173 33 staatliche
895 2051 277 39 Prüfungsschule
1207 2061 85 29 resp.

391 2104 345 39 Ausbildungsanstalt
765 2105 53 31 für
847 2104 193 33 Chauffeure
1069 2115 39 22 zu
1139 2104 154 39 gründen,

394 2156 120 33 konnte
545 2157 91 32 nicht
667 2157 224 32 verwirklicht
922 2157 143 32 werden.
1120 2157 174 32 Vielleicht

391 2209 83 33 wird
491 2208 42 34 es
558 2210 115 32 einmal
696 2210 141 39 möglich
861 2210 80 38 sein,
965 2210 206 33 bestehende‘
1193 2210 100 33 Schu-

392 2262 52 33 len
469 2266 95 29 unter
590 2263 172 32 staatliche
788 2263 152 33 Aufsicht
966 2274 39 22 zu
1033 2263 126 33 stellen.

453 2316 68 31 Der
538 2326 82 22 neue
640 2316 149 38 Entwurf
808 2316 82 33 wird
910 2316 58 33 das
989 2320 87 41 erste
1096 2316 197 33 Automobil-

392 2368 304 40 haftpflichtgesetz
715 2369 57 32 der
790 2369 90 33 Welt
899 2369 78 32 sein.
997 2370 93 31 Denn
1109 2370 32 31 in
1160 2369 134 33 Oester-

374 2416 108 37 reich
497 2421 63 32 und
576 2421 31 32 in
624 2421 59 32 der
699 2422 148 32 Schweiz
865 2422 71 32 sind
951 2422 120 38 bisher,
1088 2425 84 30 trotz
1188 2422 106 39 jahre-

394 2473 114 40 langer
536 2474 224 39 Vorarbeiten,
792 2475 82 32 auch
904 2475 32 32 in
966 2475 62 32 den
1058 2476 236 38 Parlamenten,

395 2526 110 32 solche
529 2520 145 39 Gesetze
695 2527 83 37 noch
801 2527 90 32 nicht
913 2526 158 33 zustande
1096 2528 198 38 gekommen.

394 2578 37 31 In
452 2578 61 32 den
532 2578 137 40 übrigen
691 2579 135 32 Staaten
847 2579 100 32 denkt
966 2590 71 21 man
1058 2590 39 21 an
1119 2580 90 32 diese
1230 2580 64 32 Ge-

396 2634 92 29 setze
518 2631 81 32 auch
630 2631 98 32 nicht.
0 0 3503 4980 -
784 2632 225 32 Deutschland
1040 2632 56 32 hat
1129 2632 70 32 sich
1230 2633 65 32 alte

356 2698 3 2 -
393 2683 227 40 Erfahrungen
639 2683 139 33 anderer
801 2685 136 32 Staaten
958 2685 69 31 also
1048 2685 89 33 nicht
1158 2689 139 29 zunutze

393 2737 134 31 machen
549 2737 137 37 können,
708 2737 64 32 und
794 2747 58 22 aus
876 2736 111 33 diesen
1011 2737 152 33 Gründen
1185 2739 110 32 mußte

395 2799 146 29 sorgsam
559 2799 234 30 vorgegangen
812 2790 141 32 werden.

690 2917 310 75 Gerichtssaal.

461 3032 69 40 Das
568 3039 145 45 Zürcher
751 3040 217 40 Obergericht
1005 3042 190 33 verurteilte
1234 3044 62 32 den

397 3092 155 33 Sekretär
596 3092 58 33 des
690 3092 314 34 Schweizerischen.
1022 3095 273 33 Metallarbeiter-

393 3145 193 38 verbandes,
609 3145 107 32 Oskar
740 3144 246 43 Schneeberger
1008 3148 32 32 in
1062 3149 95 39 Bern,
1181 3160 115 29 wegen

386 3196 335 49 Nötigungsversuch
744 3209 39 22 zu
807 3202 39 29 80
869 3200 53 32 Fr.
947 3201 91 33 Buße
1061 3202 64 33 und
1149 3202 51 33 die
1223 3202 72 32 mit-

395 3251 220 39 angeklagten
650 3251 160 40 Spengler
854 3253 172 40 Siblinger,
1072 3255 117 33 Müller
1231 3256 65 33 und

394 3303 133 39 Beyrer,
555 3307 127 34 erstern
710 3305 157 33 ebenfalls
895 3317 39 23 zu
961 3311 41 28 80
1029 3308 53 32 Fr.
1111 3308 93 33 Buße
1232 3309 64 32 und

394 3357 135 32 letztere
548 3356 118 33 beiden
685 3367 38 22 zu
740 3358 32 38 je
792 3361 40 30 60
850 3359 54 33 Fr.
923 3360 104 39 Buße,
1048 3362 100 32 sowie
1158 3359 66 35 zur
1244 3372 51 22 so-

394 3409 195 33 lidarischen
611 3410 148 40 Zahlung.
781 3411 57 33 der
858 3412 135 40 Kosten,
1015 3414 153 33 darunter
1189 3418 40 30 60
1241 3416 53 32 Fr.

396 3462 240 41 Staatsgebühr
660 3463 51 33 für
736 3464 95 33 beide
860 3466 174 33 Instanzen
1061 3468 64 31 und
1154 3472 60 29 100
1241 3469 53 31 Fr.

395 3516 390 41 Prozeßentschädigung
818 3529 39 22 an
890 3519 51 33 die
975 3519 201 40 Zivilpartei.
1232 3521 63 32 An-

394 3570 77 40 fang
497 3570 76 32 Juni
599 3569 121 33 letzten
746 3571 130 39 Jahres,
903 3573 153 33 während
1083 3574 58 33 des
1170 3575 125 39 Speng-

394 3623 182 38 lerstreiks,
605 3622 110 32 wurde
745 3623 58 32 der
833 3624 159 41 Spengler
1020 3627 37 31 A.
1087 3638 58 22 aus
1174 3628 121 32 Ennet-

389 3676 121 39 baden,
531 3677 56 32 der
606 3676 31 32 in
657 3675 120 33 Zürich
796 3676 53 33 bei
871 3678 292 40 Spenglermeister
1183 3681 112 33 Rauch

395 3730 170 38 arbeitete,
595 3729 53 33 auf
666 3729 81 32 "dem
776 3730 252 39 Hauptbahnhof
1057 3743 62 22 von
1148 3734 62 32 den
1240 3745 55 29 ge-

394 3787 140 38 nannten
559 3782 190 40 Spenglern,
766 3782 59 33 die
850 3783 61 33 den
937 3785 276 35 StreikausschuB
1235 3787 60 33 bil-

397 3835 107 41 deten,
536 3835 193 41 angehalten
761 3836 64 31 und
858 3837 99 32 durch
990 3838 92 33 einen
1114 3840 91 33 Brief
1238 3841 58 33 des

399 3889 174 33 Sekretärs
608 3888 246 39 Schneeberger
899 3890 292 36 einzuschüchtern
1223 3904 72 22 ver-

396 3942 104 38 sucht,
528 3942 52 31 die
606 3942 115 33 Arbeit
748 3941 259 41 niederzulegen.
1083 3946 37 32 In
1174 3947 122 33 diesem

394 3995 111 33 Briefe
524 4005 68 22 war
599 3995 196 39 mitgeteilt,
815 3995 51 44 die
887 3999 103 30 etwas
1011 3998 127 34 scharfe
1157 4000 139 33 Einsen-

396 4048 86 40 dung
522 4049 79 32 über
629 4048 37 32 A.
706 4048 31 32 in
779 4048 51 33 die
860 4049 435 44 ,,Metallarbeiterzeitung“

374 4119 3 3 -
394 4111 115 30 wegen
529 4102 89 33 eines
637 4101 160 33 Vorfalles
817 4102 30 32 in
867 4103 112 33 Baden
1000 4105 47 32 sei
1066 4114 86 24 zwar
1169 4106 52 33 bis
1240 4117 56 22 zur

394 4155 158 33 nächsten
579 4156 150 32 Nummer
756 4155 253 42 zurückgelegt;
1038 4158 47 33 sie
1112 4160 109 39 werde
1249 4160 47 39 je-

395 4206 82 33 doch
497 4209 200 39 erscheinen,
715 4219 93 22 wenn
827 4209 36 31 A.
883 4210 240 34 weiterarbeite
1142 4213 64 32 und
1224 4224 72 22 man

395 4261 109 31 werde
533 4262 53 32 ihn
616 4263 82 32 auch
727 4263 49 32 als
809 4262 249 35 Streikbrecher
1086 4265 210 39 publizieren.

395 4309 38 38 In
456 4312 90 36 jener
569 4315 212 42 Einsendung
806 4326 67 22 war
899 4315 69 34 eine
996 4318 211 38 gerichtliche
1232 4318 64 34 Be-

397 4363 147 41 strafung
572 4368 59 32 des
658 4369 37 33 A.
723 4370 156 39 erwähnt,
909 4369 57 33 der
993 4380 114 30 wegen
1136 4372 160 40 Unregel-

395 4415 221 40 mäßigkeiten
659 4424 187 37 gegenüber
888 4424 57 33 der
987 4423 309 42 Spenglergewerk-

397 4469 107 33 schaft
523 4469 31 32 in
574 4470 112 35 Baden
705 4495 42 3 —
768 4486 35 23 es
823 4477 151 33 handelte
996 4477 70 33 sich
1085 4488 51 22 um
1155 4479 54 32 Fr.
1226 4483 70 29 1.90

393 4542 44 3 —
451 4532 62 23 von
531 4523 109 33 dieser
656 4525 188 44 eingeklagt
860 4531 64 32 und
929 4541 82 25 vom
1028 4530 269 42 Bezirksgericht

395 4575 113 33 Baden
533 4588 39 21 zu
601 4581 39 28 10
665 4578 53 32 Fr.
744 4581 94 34 Buße
863 4584 171 33 verurteilt
1059 4585 132 32 worden
1218 4596 77 22 war.

394 4628 58 34 Als
476 4629 37 33 A.
539 4631 53 32 auf
618 4631 51 33 die
694 4631 229 38 Präsentation
949 4638 109 33 dieses
1083 4638 213 33 Drohbriefes

1351 409 89 32 nicht
1469 409 146 39 sogleich
1643 409 170 32 einlenken
1840 409 119 43 wollte,
1988 409 110 32 wurde
2126 418 37 23 er
2189 418 62 22 von

1351 463 61 31 den
1440 462 241 33 Streikführern
1706 462 205 43 beschimpit.
1959 462 37 32 In
2023 461 121 32 diesem
2170 461 81 32 Vor-

1351 515 104 39 gehen
1494 515 158 33 erblickte
1692 515 52 32 die
1782 514 370 33 Bezirksanwaltschaît
2192 515 59 32 das

1350 569 171 39 Vorgehen
1546 568 58 32 des
1628 569 186 32 Versuches
1837 579 61 21 von
1923 568 167 39 Nôtigung
2113 568 64 32 und
2203 568 47 32 sie

1351 622 108 32 stellte
1483 631 105 30 gegen
1610 622 60 44 alle
1692 621 70 35 vier
1782 621 156 43 Anklage.
1961 622 69 31 Das
2052 620 198 40 Bezirksge-

1350 675 86 32 richt
1465 675 152 39 gelangte
1645 675 118 38 jedoch
1792 685 40 22 zu
1861 675 87 32 einer
1977 674 273 39 Freisprechung,

1350 728 75 32 weil
1453 728 58 32 der
1537 727 91 32 Brief
1659 728 245 39 Schneeberger
1932 728 89 32 mehr
2050 727 92 32 einen
2171 728 80 31 Ver-

1351 781 301 39 gleichsvorschlag
1680 781 142 32 enthalte
1849 781 63 33 und
1940 781 51 33 ein
2019 781 135 39 Zwang,
2181 780 70 33 also

1351 834 70 32 eine
1448 834 161 33 strafbare
1634 834 186 39 Handlung,
1867 834 89 34 nicht
1981 834 161 39 ausgeübt
2167 844 83 22 wor-

1350 887 61 32 den
1437 887 58 33 sei.
1542 888 37 31 In
1605 888 81 31 dem.
1700 887 101 32 Erlaß
1827 887 87 44 einer
1938 887 312 39 Verrufserklärung

1350 940 86 40 liege
1467 940 95 33 keine
1594 940 314 40 Rechtswidrigkeit
1937 941 65 33 und
2034 940 134 33 deshalb
2180 940 71 43 sei

1349 994 82 32 auch
1456 994 51 32 die
1532 994 156 39 Drohung
1713 994 89 32 einer
1827 994 130 32 solchen
1982 994 89 32 nicht
2098 993 151 33 strafbar.

1350 1047 62 43 Die
1439 1047 203 34 mündlichen
1671 1047 198 39 Drohungen
1898 1047 89 32 seien
2017 1047 90 33 nicht
2136 1047 114 32 erwie-

1350 1110 68 28 sen,
1429 1100 51 32 da
1499 1100 46 32 sie
1564 1110 62 22 von
1646 1093 66 39 den
1725 1100 228 40 Angeklagten
1972 1100 176 33 bestritten
2167 1110 82 22 wer-

1350 1153 61 32 den
1428 1153 64 36 und
1509 1153 54 32 auf
1581 1153 51 32 die
1649 1153 150 40 Aussage
1818 1154 58 32 des
1892 1153 243 33 Damnifikaten
2153 1153 96 32 allein

1349 1206 90 32 nicht
1481 1206 178 39 abgestellt
1701 1207 132 31 werden
1875 1206 115 43 könne.
2036 1206 63 33 Die
2123 1207 126 32 Kosten

1348 1259 133 32 wurden
1505 1259 54 33 auf
1584 1260 51 32 die
1661 1254 253 38 Gerichtskasse
1941 1270 197 29 genommen.

1415 1312 115 39 Gegen
1553 1310 109 35 dieses
1685 1313 107 32 Urteil
1807 1303 219 53 appellierten
2051 1313 123 32 sowohl
2198 1304 51 41 die
2264 1354 8 3 |

1351 1364 345 34 Staatsanwaltschaft
1719 1366 49 33 als
1792 1366 80 33 auch
1897 1366 52 33 die
1958 1366 208 39 Zivilpartei
2191 1377 58 23 ans

1349 1418 226 40 Obergericht.
1619 1420 136 31 Erstere
1798 1419 192 40 beantragte
2036 1429 107 30 gegen
2187 1420 61 32 alle

1347 1472 72 32 vier
1439 1472 210 39 Angeklagte
1673 1472 32 39 je
1730 1472 79 33 acht
1834 1473 88 39 Tage
1950 1473 190 39 Gefängnis.
2190 1473 58 32 Dr.

1347 1525 175 32 Farbstein
1545 1525 98 33 erhob
1666 1525 158 33 zunächst
1846 1526 31 32 in
1898 1526 106 39 bezug
2027 1526 54 32 auf
2107 1526 153 32 Schnee-

1348 1577 120 40 berger
1493 1578 51 32 die
1571 1578 141 36 Einrede
1739 1579 57 32 der
1821 1578 345 44 Nichtzuständigkeit
2192 1579 57 32 der

1348 1631 249 32 zürcherischen
1623 1631 155 33 Gerichte
1802 1632 64 32 und
1888 1632 134 33 bestritt
2048 1632 123 46 sodann
2196 1632 52 33 die

1348 1684 315 39 Rechtswidrigkeit
1706 1685 58 32 der
1794 1682 215 43 Handlungen
2052 1685 57 33 der
2140 1686 108 39 Ange-

1348 1736 144 40 klagten.
1540 1738 92 31 Nach
1657 1738 125 39 Antrag
1809 1738 57 32 des
1891 1738 198 32 Referenten
2115 1739 133 32 wurden

1349 1790 52 32 die
1426 1790 106 35 Akten
1560 1801 39 21 an
1625 1790 59 33 das
1710 1791 267 40 Bezirksgericht
2003 1792 245 39 zurückgewie-

1349 1852 67 32 sen,
1441 1843 99 33 damit
1564 1854 35 22 es
1623 1839 81 37 auch
1729 1855 106 34 gegen
1853 1845 66 32 den
1944 1838 216 39 abwesenden
2186 1845 61 33 Sil-

1348 1896 115 39 binger
1496 1896 58 33 das
1586 1897 108 32 Urteil
1725 1897 87 33 fälle.
1865 1896 166 34 Nachdem
2038 1889 147 42 dieses.
2206 1898 42 32 im

1350 1949 97 32 Sinne
1469 1949 87 32 einer
1576 1950 263 40 Freisprechung
1861 1951 117 39 erfolgt
1999 1961 78 28 war,
2098 1951 78 33 fand
2194 1962 53 22 am

1350 2002 171 32 Mittwoch
1554 1996 201 46 nachmittag
1788 2003 51 32 die
1874 2004 282 40 Schlußberatung
2189 2014 58 23 vor

1349 2054 216 40 Obergericht
1595 2059 90 29 statt.
1737 2057 69 32 Der
1833 2057 154 33 Referent
2014 2057 91 33 hatte
2136 2049 111 41 seinen

1347 2107 125 40 Antrag
1501 2108 182 33 schriftlich
1709 2109 176 40 aufgelegt.
1935 2110 46 31 Er
2008 2110 45 33 ist
2080 2111 81 32 dazu
2191 2120 55 30 ge-

1336 2153 113 46 langt,
1470 2161 51 32 die
1541 2161 207 42 Appellation
1768 2162 49 32 als
1837 2162 180 39 begründet
2036 2174 40 21 zu
2098 2160 149 36 erklären

1349 2214 64 31 und
1443 2224 39 22 zu
1511 2214 211 40 beantragen,
1754 2225 36 23 es
1821 2215 88 33 seien
1940 2216 168 32 sämtliche
2138 2217 108 39 Ange-

1348 2266 113 40 klagte
1489 2277 114 29 wegen
1630 2264 325 44 Nötigungsversuch
1984 2280 43 26 ‚zu
2050 2262 197 40 verurteilen

1349 2319 64 32 und
1440 2330 87 22 zwar
1556 2313 246 48 Schneeberger
1828 2315 39 39 zu
1895 2325 59 31 100
1980 2323 54 32 Fr.
2063 2322 103 39 Buße,
2190 2323 57 36 die

1351 2372 68 32 drei
1446 2372 228 44 Angeklagten
1701 2385 39 21 zu
1767 2374 32 39 je
1828 2378 40 29 60
1892 2375 54 32 Fr.
1996 2376 68 32 Der
2091 2376 156 32 Referent

1349 2425 107 32 führte
1477 2436 72 30 aus,
1574 2421 63 37 die
1648 2426 333 40 Kompetenzeinrede
2007 2429 50 32 sei
2078 2429 90 36 nicht
2191 2428 56 33 be-

1350 2478 148 39 gründet.
1519 2473 37 37 In
1577 2479 56 32 der
1656 2479 104 33 Sache
1782 2471 102 43 selbst
1903 2481 89 39 legte
2014 2482 57 31 der
2091 2482 157 33 Referent

1351 2531 58 32 däs
1437 2531 278 39 Schwergewicht
1766 2533 56 31 auf
1841 2534 80 31 die
1947 2534 215 39 Vorweisung
2184 2535 63 31 des

1349 2582 139 32 Briefes.
1529 2583 119 32 Dieser
1667 2584 143 33 enthalte
1827 2585 90 33 nicht
1934 2595 58 23 nur
2011 2586 52 32 die
2081 2586 166 39 Drohung,

1352 2635 138 32 sondern.
1520 2636 52 32 die
1602 2637 156 39 Drohung
1789 2637 47 32 sei
1866 2639 82 31 auch
1977 2639 271 32 widerrechtlich.

1351 2688 62 32 Die
1442 2688 227 40 Angeklagten
1699 2690 112 33 hatten
1839 2691 84 32 wohl
1953 2692 59 32 das
2041 2691 116 39 Recht,
2188 2692 61 32 den

1350 2740 123 39 Kläger
1501 2742 236 39 aufzufordern,
1768 2744 51 32 die
1847 2744 115 33 Arbeit
1988 2745 260 40 niederzulegen,

1351 2793 77 34 aber
1456 2794 46 32 sie
1529 2805 107 22 waren
1664 2796 89 33 nicht
1779 2796 195 40 berechtigt,
2003 2798 90 32 diese
2120 2798 129 32 Auffor-

1352 2846 123 40 derung
1503 2848 59 32 mit
1589 2848 88 32 einer
1705 2849 155 39 Drohung
1888 2850 259 39 zuubegleiten.

1351 2899 100 32 durch
1473 2900 95 32 sollte
1589 2901 50 32 ein
1661 2902 124 39 Zwang
1806 2902 53 32 auf
1878 2902 37 32 A.
1937 2903 161 39 ausgeübt
2118 2900 131 36 werden

1350 2953 64 31 und
1430 2953 65 32 das
1516 2964 69 21 war
1605 2954 174 32 wiederum
1801 2954 269 34 widerrechtlich.
2105 2957 143 39 Inbezug

1351 3005 54 32 auf
1432 3006 51 33 die
1510 3007 202 33 mündlichen
1740 3007 196 41 Drohungen
1963 3009 110 33 wollte
2102 3010 58 32 der
2186 3010 63 32 Re-

1350 3058 106 34 ferent
1476 3060 145 39 mangels
1642 3060 89 33 eines
1753 3062 210 38 genügenden
1983 3062 169 34 Beweises
2172 3063 77 32 frei-

1353 3112 167 38 sprechen.
1568 3113 68 46 Von
1661 3114 137 32 anderer
1824 3114 85 33 Seite
1934 3115 111 33 wurde
2070 3116 32 32 in
2128 3116 121 32 diesem

1351 3164 127 34 Punkte
1503 3166 50 32 für
1577 3166 239 40 Verurteilung,
1842 3167 168 40 bezüglich
2036 3169 59 32 des
2120 3169 129 33 Briefes

1352 3218 77 32 aber
1456 3219 52 32 die
1535 3219 263 40 Freisprechung
1825 3221 127 39 votiert,
1982 3222 41 32 da
2050 3222 110 38 weder
2187 3233 61 22 von

1352 3269 197 42 Drohungen
1591 3273 83 32 noch
1706 3273 323 48 Zwangsversuchen
2074 3275 51 33 die
2159 3275 90 33 Rede

1353 3324 68 32 sein
1445 3324 115 33 könne:
1607 3326 61 32 Die
1692 3326 191 33 Vorinstanz
1907 3327 83 33 habe
2015 3328 69 32 sich
2110 3329 52 32 auf
2188 3329 61 31 den

1353 3377 162 40 richtigen
1550 3378 207 40 Standpunkt
1790 3380 140 39 gestellt,
1964 3381 64 32 daß
2062 3382 70 36 eine
2166 3382 83 31 Dro-

1331 3430 116 41 hung,
1472 3431 169 38 jemanden
1668 3432 167 42 öffentlich
1858 3434 48 32 als
1936 3434 247 33 Streikbrecher
2210 3446 39 21 zu

1352 3483 158 39 erklären,
1527 3484 94 33 keine
1640 3485 162 34 strafbare
1819 3486 170 41 Handlung
2008 3488 57 32 sei.
2084 3488 68 32 Der
2168 3488 81 32 Vor-

1352 3536 146 34 sitzende
1518 3538 91 32 teilte
1629 3539 90 32 diese
1738 3539 197 40 Auffassung
1954 3541 92 38 auch,
2066 3541 76 32 fand
2161 3541 87 39 aber,

1352 3592 103 30 etwas
1476 3590 117 32 anders
1614 3592 146 33 verhalte
1782 3603 35 22 es
1839 3593 65 32 sich
1926 3593 56 33 mit
2004 3594 58 33 der
2081 3594 167 40 Drohung,

1352 3642 60 32 den
1431 3643 36 32 A.
1487 3654 114 29 wegen
1622 3645 107 32 seiner
1748 3645 231 40 gerichtlichen
1999 3647 199 45 Bestrafung
2218 3647 31 32 in

1351 3695 112 33 Baden
1489 3707 38 22 zu
1553 3697 209 39 publizieren.
1811 3699 87 33 Dazu
1925 3700 112 33 hatten
2064 3701 51 32 die
2141 3701 108 39 Ange-

1351 3748 134 40 klagten
1506 3750 75 32 kein
1602 3751 105 33 Recht
1728 3752 64 32 und
1814 3752 130 34 deshalb
1966 3764 67 22 war
2055 3754 49 42 ihr
2125 3743 124 50 Vorge-

1351 3802 61 32 hen
1444 3803 51 32 ein
1536 3803 307 35 widerrechtliches.
1895 3807 82 32 Was
2008 3807 61 32 den
2111 3807 138 33 zweiten

1351 3855 70 45 Teil
1447 3856 59 32 des
1532 3857 161 33 Vorfalles
1719 3858 41 32 im
1787 3859 250 39 Hauptbahnhof
2064 3860 185 40 anbelangt,

1352 3918 36 22 so
1405 3909 76 32 teile
1500 3919 34 22 er
1552 3910 51 32 die
1620 3910 147 40 Ansicht,
1786 3912 61 32 daß
1865 3912 69 33 sich
1952 3913 52 33 die
2021 3913 228 40 Angeklagten

1353 3961 172 40 Silbinger,
1543 3963 119 32 Müller
1678 3964 63 32 und
1758 3964 121 39 Beyrer
1895 3966 82 32 auch
1994 3966 70 33 hier
2081 3967 58 32 des
2157 3967 92 32 Nöti-

1352 4016 284 38 gungsversuches
1666 4017 149 41 ‚schuldig
1843 4019 149 38 gemacht
2020 4019 123 33 hätten.
2172 4020 78 32 Die-

1352 4072 53 27 ser
1425 4068 200 41 Auffassung
1649 4070 113 33 schloß
1786 4071 67 32 sich
1875 4072 52 33 die
1949 4072 162 34 Mehrheit
2133 4084 50 22 an.

1516 4165 269 42 Technische
1812 4167 276 42 Rundschau.

1417 4268 81 33 Eine
1552 4270 345 43 zürcherische
1953 4272 297 32 Automobil-

1352 4320 305 35 Werkstätte
1688 4322 57 34 hat
1776 4323 92 33 einen
1898 4324 242 41 Vergaser
2172 4325 79 39 kon-

1353 4374 143 39 struiert,
1526 4375 59 32 der
1611 4376 57 33 mit
1708 4376 83 33 allen
1831 4377 159 41 flüssigen
2019 4378 232 33 Brennstoffen

1352 4424 144 43 (Benzol,
1517 4428 120 39 Petrol,
1661 4429 90 39 Sprit
1768 4427 93 42 usw.)
1881 4431 214 33 funktioniert
2114 4426 64 38 und
2200 4442 51 23 so-

1351 4480 56 33 mit
1425 4481 51 32 die
1493 4481 125 40 Folgen
1635 4482 57 33 der
1709 4483 286 42 Preissteigerung
2013 4485 59 32 des
2090 4485 160 33 raffinier-

1352 4536 53 38 ten
1423 4533 152 40 Benzins,
1593 4535 51 32 die
1663 4536 51 33 die
1733 4537 215 33 Rentabilität
1966 4538 58 33 des
2044 4538 207 33 Motorenbe-

1352 4586 121 40 triebes
1500 4588 31 41 in
1557 4588 106 40 Frage
1689 4590 136 38 gestellt
1851 4591 63 32 und
1942 4591 51 33 die
2019 4591 232 33 Automobilin-

1352 4640 123 32 dustrie
1503 4640 265 42 beeinträchtigt,
1796 4643 167 41 beseitigt.
1993 4644 61 33 Die
2083 4645 168 32 Betriebs-

2183 2849 66 34 Da-
2261 2841 25 12 |
2305 2840 137 32 habeu.-

2282 3179 2 2 -
2304 3158 223 36 Feuerstellen
2557 3158 99 32 durch
2686 3157 142 33 zentrale

2306 408 116 33 kosten
2444 409 190 32 reduzieren
2658 409 69 32 sich
2749 409 57 33 mit
2828 400 121 42 diesem
2971 409 165 40 Vergaser
3158 409 52 32 für

2309 462 61 32 alle
2402 462 153 32 Motoren
2586 462 52 32 bei
2672 462 312 40 gleichbleibendem
3017 462 192 33 Nutzeffekt

2306 525 50 22 um
2358 518 102 40 etwa
2477 515 50 33 die
2545 515 123 32 Hälfte.

2371 621 147 32 Einen
2545 621 326 39 Lufttorpedo
2921 622 65 39 hat,
3038 622 61 33 wie
3150 632 58 22 aus

2308 673 187 33 Stockholm
2526 675 161 39 gemeldet
2716 675 92 39 wird,
2867 675 57 33 der
2982 675 225 33 schwedische

2306 726 268 33 Oberstleutnant
2598 728 51 32 W.
2674 728 62 32 Fr.
2753 728 95 39 Unge
2875 728 165 33 erfunden.
3066 729 60 32 Bei
3152 729 56 32 der

2305 779 325 41 Vervollkommnung
2675 781 57 32 der
2754 774 243 47 Flugapparate
3042 782 84 32 kann
3150 791 58 24 es

2305 833 89 33 nicht
2418 834 280 39 wundernehmen,
2720 845 97 22 wenn
2841 846 63 21 nun
2931 828 81 39 auch
3039 835 50 32 ein
3114 835 94 33 Luft-

2306 887 135 39 torpedo
2466 887 78 32 oder
2566 887 184 40 fliegender
2771 888 149 40 Torpedo
2945 889 156 32 erfunden
3124 899 83 22 wor-

2306 939 61 33 den
2394 938 61 40 ist,
2478 940 57 32 der
2563 940 111 33 seinen
2701 941 86 40 Weg
2793 942 123 32 durch
2945 942 51 32 die
3024 942 98 32 Lüfte
3150 942 59 32 mit

2305 993 236 33 Motorantrieb
2565 1004 40 22 zu
2629 994 135 38 nehmen
2788 995 64 32 hat.
2879 995 225 32 Einzelheiten
3127 995 81 32 über

2306 1046 57 32 die
2389 1046 237 33 Konstruktion
2658 1047 58 32 der
2745 1058 104 22 neuen
2879 1048 110 32 Waffe
3022 1046 72 36 sind
3106 1049 102 32 noch

2304 1099 90 32 nicht
2413 1099 144 33 bekannt
2579 1095 185 44 geworden.
2787 1102 69 31 Der
2877 1101 185 40 „fliegende
3085 1102 122 39 Torpe-

2306 1152 61 46 do“
2393 1153 79 39 geht
2494 1153 82 32 nach
2601 1154 58 32 der
2683 1154 118 38 „Voss.
2827 1155 97 38 Ztg.‘“
2950 1155 32 32 in
3007 1155 62 32 den
3094 1155 113 32 Besitz

2305 1206 58 43 der
2385 1206 109 32 Firma
2516 1207 113 39 Krupp
2654 1207 31 32 in
2710 1208 111 33 Essen
2842 1208 90 38 über,
2958 1208 66 33 die.
3038 1208 168 35 sämtliche

2304 1259 138 33 Patente
2464 1260 31 32 in
2518 1260 92 32 allen.
2623 1261 151 32 Ländern
2796 1261 201 32 übernimmt.
3021 1261 62 33 Die
3105 1262 143 32 Esse-

2302 1325 59 22 ner
2376 1315 110 32 Firma
2502 1315 81 32 wird
2603 1315 146 39 sogleich
2768 1315 169 39 Torpedos
2955 1315 251 33 verschiedener

2304 1364 134 32 Kaliber
2466 1364 177 32 herstellen
2672 1364 65 33 und
2766 1364 99 32 damit
2896 1364 201 39 eingehende
3126 1364 81 32 Ver-

2303 1417 99 33 suche
2417 1417 174 33 ausführen
2606 1417 101 39 lasen,
2723 1418 52 32 die
2790 1418 41 32 im
2846 1417 133 33 Beisein
2995 1417 59 33 des
3071 1417 136 33 Oberst-

2303 1471 164 32 leutnants
2484 1471 96 39 Unge
2598 1471 31 32 in
2647 1471 107 32 Essen
2773 1471 202 32 stattfinden.
2994 1470 63 33 Die
3074 1471 132 35 Armee-

2303 1524 64 32 und
2392 1524 332 39 Marineverwaltung
2752 1524 199 33 Schwedens
3004 1523 116 33 erhielt
3147 1524 59 32 das

2303 1578 115 38 Recht,
2422 1575 66 35 für
2508 1578 51 32 die
2579 1578 114 39 eigene
2712 1577 364 39 Landesverteidigung
3097 1577 109 32 derar-

2303 1629 69 42 tige
2394 1631 169 39 Torpedos
2584 1631 229 33 herzustellen.
2845 1638 37 2 —

2366 1739 84 31 Die
2491 1737 486 46 Eisenbahnschiene
3020 1737 71 32 als
3132 1737 73 31 Te-

2304 1791 387 39 lephonleitung.
2723 1791 94 43 Ein
2850 1783 100 40 neues
2985 1790 130 40 System
3139 1789 67 40 der

2301 1845 208 39 Telephonie,
2532 1845 81 32 über
2634 1845 98 33 weite
2755 1844 251 40 Entfernungen
3024 1846 95 30 unter
3141 1843 99 41 Be-

2301 1901 143 36 nutzung
2467 1898 58 32 der
2546 1897 343 43 Eisenbahnschienen
2897 1892 65 38 als
2985 1896 152 40 Leitung,
3161 1897 44 31 ist

2278 1951 55 33 ‚in
2354 1951 151 33 Rußland
2527 1951 132 39 erprobt
2680 1951 142 32 worden.
2845 1950 63 33 Die
2930 1950 168 32 Versuche
3120 1959 90 23 wur-.

2303 2004 61 32 den
2394 2004 53 32 auf
2478 2004 57 33 der
2563 2003 356 33 Warsaw-Eisenbahn
2948 2003 165 32 zwischen
3142 2003 62 31 Pe-

2303 2057 150 39 tersburg
2475 2057 65 32 und
2563 2057 122 32 Pekow
2710 2057 158 39 gemacht.
2893 2057 59 31 Bei
2975 2056 229 39 Verwendung

2303 2110 191 39 geeigneter
2537 2109 368 40 Schallverstärkungs
2918 2129 12 4 -
2943 2109 261 39 Vorrichtungen

2302 2162 142 33 konnten
2476 2162 190 40 Gespräche
2698 2163 32 31 in
2760 2163 103 32 voller
2894 2161 225 34 Deutlichkeit
3151 2161 53 32 auf

2302 2215 245 40 Entfernungen
2574 2226 63 22 von
2664 2216 68 32 fast
2761 2219 61 28 500
2851 2215 180 33 Kilometer
3057 2225 147 22 vernom-

2301 2269 72 32 men
2392 2269 141 43 werden.

2367 2366 153 42 Ueber
2543 2366 90 32 Gas
2655 2366 70 32 als
2746 2365 367 33 Abwehrmittel
3136 2374 66 29 ge-

2303 2429 83 29 gen
2406 2419 74 32 die
2499 2419 310 39 Rauchplage
2831 2419 117 39 sprach
2967 2428 59 22 vor
3047 2418 56 32 der
3123 2417 79 32 Jah-

2302 2472 291 39 resversammlung
2634 2472 58 32 des
2732 2471 189 32 Deutschen
2961 2470 138 33 Vereins
3141 2480 61 22 von

2304 2525 83 32 Gas-
2434 2525 65 32 und
2523 2524 366 33 Wasserfachmännern
2917 2523 171 43 Geheimer
3137 2524 67 32 Rat

2302 2575 346 38 Hartmann-Steglitz.
2667 2576 70 30 Der
2752 2575 134 31 EinfluB
2905 2575 58 31 der
2978 2566 227 52 verdorbenen

2302 2629 78 32 Luft
2404 2629 32 31 in
2462 2628 61 33 den
2550 2628 121 39 großen
2699 2628 150 38 Straßen,
2877 2637 35 22 so
2938 2627 107 38 führte
3073 2637 33 22 er
3133 2636 69 28 aus,

2303 2681 89 40 zeigt
2417 2680 69 33 sich
2512 2682 109 37 daran,
2648 2681 63 32 daß
2737 2681 31 31 in
2794 2680 185 33 demselben
3004 2679 198 37 Verhältnis,

2303 2735 62 31 wie
2404 2735 51 32 die
2483 2734 221 32 Tuberkulose
2733 2734 295 39 zurückgegangen
3067 2733 54 37 ist,
3151 2732 51 31 die

2306 2787 257 39 Erkrankungen
2597 2787 57 32 der
2685 2787 255 38 Atmungswege
2973 2794 230 30 zugenommen

2474 2840 120 33 Neben.
2619 2840 61 32 den
2711 2839 183 32 vielfachen
2916 2839 288 37 Ausströmungen

2304 2894 99 31 durch
2427 2894 52 32 die
2503 2893 279 39 Haushaltungen,
2800 2892 69 41 den
2893 2891 148 32 Verkehr
3063 2890 63 33 und
3151 2889 52 32 die

2305 2946 238 39 gewerblichen
2570 2946 154 32 Betriebe
2752 2946 44 32 ist
2823 2945 51 33 ein
2895 2944 127 50 großer
3049 2942 75 33 Teil
3148 2943 57 31 der

2286 2998 287 33 ‘Luftverderbnis
2604 2999 53 32 auf
2689 2998 51 33 die
2771 2995 264 42 gewerblichen-.
3041 2989 163 48 Feuerun-

2305 3062 61 29 gen
2391 3052 287 32 zurückzuführen.
2704 3051 184 32 Wirksame
2913 3050 128 33 Abhilfe
3055 3038 151 56 ist-hier

2304 3115 59 22 nur
2383 3116 38 22 zu
2444 3109 169 34 erwarten,
2635 3115 94 22 wenn
2751 3114 35 22 es
2810 3104 134 39 gelingt,
2968 3104 52 32 die
3043 3104 81 32 Zahl
3148 3098 65 37 der
3215 3105 37 18 —

2869 3157 256 39 Einrichtungen
3166 3167 40 21 zu

2303 3211 199 39 verringern.
2532 3211 61 33 Die
2620 3210 226 33 Wasserkraft
2875 3210 98 39 spielt
3001 3210 53 32 auf
3083 3210 121 32 diesem

2305 3264 118 33 Gebiet
2444 3265 31 32 in
2496 3264 224 33 Deutschland
2741 3264 110 32 bisher
2872 3264 82 32 noch
2977 3263 70 33 eine
3071 3263 133 40 geringe

2304 3317 101 33 Rolle.
2429 3318 62 31 Die
2503 3312 221 38 Elektrizität
2746 3318 56 32 hat
2824 3317 123 32 bereits
2971 3316 235 33 außerordent-

2284 3363 84 40 lich
2394 3371 65 32 viel
2487 3381 56 22 zur
2568 3370 256 40 Verminderung
2853 3370 57 32 der
2936 3370 270 39 Verbrennungs-

2305 3424 115 32 stellen
2440 3424 32 31 in
2493 3423 224 33 Großstädten
2736 3423 225 40 beigetragen.
2985 3423 54 32 Sie
3059 3423 44 32 ist
3124 3423 82 32 auch

2301 3476 56 33 bei
2385 3477 58 32 der
2470 3476 224 40 Beleuchtung
2723 3487 71 22 vom
2823 3476 234 40 hygienischen
3089 3468 118 41 Stand-

2304 3529 121 39 punkte
2447 3540 57 22 aus
2526 3530 58 33 das
2604 3530 102 38 Ideal,
2729 3530 77 32 aber
2826 3529 51 33 für
2898 3529 98 32 Heiz-
3017 3529 65 32 und
3102 3529 105 32 Feue-

2304 3582 234 40 rungszwecke
2558 3583 83 32 doch
2659 3583 64 32 viel
2742 3593 39 22 zu
2801 3586 101 29 teuer.
2922 3582 61 33 Die
3003 3582 204 39 Einführung

2305 3636 58 32 des
2383 3636 107 32 Gases
2508 3635 51 33 für
2579 3636 51 32 die
2651 3636 226 39 Beleuchtung
2897 3636 40 32 im
2957 3635 172 38 Haushalt,
3150 3645 57 22 na-

2304 3689 152 32 mentlich
2477 3689 81 32 auch
2579 3689 100 32 durch
2692 3689 63 34 die
2775 3689 265 38 Gasautomaten,
3063 3688 51 32 die
3134 3698 73 22 man

2303 3741 82 39 jetzt
2406 3741 141 33 vielfach
2571 3742 99 33 schon
2694 3742 32 39 in
2749 3742 129 32 kleinen
2902 3741 305 33 Arbeiterwohnun-

2306 3805 61 29 gen
2387 3795 57 32 mit
2465 3805 58 23 nur
2543 3795 88 33 einer
2654 3795 100 33 Stube
2775 3795 64 33 und
2859 3794 113 34 Küche
2995 3794 136 39 antrifft,
3155 3794 53 43 die

2304 3848 227 39 Verwendung
2556 3849 60 32 das
2642 3848 107 33 Gases
2774 3859 39 21 zu
2838 3848 107 32 Koch-
2995 3848 64 33 und
3108 3847 100 33 Heiz-

2305 3901 153 32 zwecken
2480 3901 56 32 hat
2559 3901 101 40 große
2684 3901 279 40 gesundheitliche
2987 3901 221 32 Fortschritte

2305 3954 252 39 herbeigeführt.
2580 3955 47 31 Es
2649 3957 88 30 wäre
2760 3957 47 30 zu
2822 3954 186 39 wünschen,
3032 3954 63 33 daß
3118 3955 113 38 mög-

2305 4007 98 32 lichst
2417 4007 76 33 bald
2510 4007 60 32 alle
2587 4007 226 33 Kohlenherde
2830 4018 59 22 aus
2907 4007 60 33 den
2983 4006 136 41 Küchen
3134 4017 75 21 ver-

2307 4060 196 33 schwinden.
2530 4061 57 31 Am
2615 4060 190 40 geringsten
2833 4060 72 33 sind
2930 4059 111 33 bisher
3069 4060 51 32 die
3147 4060 61 32 Er-

2305 4113 87 40 folge
2393 4114 75 32 des
2485 4113 107 33 Gases
2608 4114 53 32 bei
2678 4114 59 32 der
2752 4113 289 40 Zimmerheizung.
3059 4113 52 32 Da
3126 4113 83 31 wird

2307 4177 35 22 es
2366 4167 92 36 noch
2462 4167 160 44 mancher
2647 4164 248 42 Verbesserung
2920 4166 167 33 bedürfen.
3136 4164 72 33 Viel

2308 4220 107 39 Segen
2437 4220 78 32 aber
2537 4220 30 32 in
2590 4220 59 33 der
2668 4220 226 39 Bekämpfung
2917 4220 57 32 der
2996 4218 213 39 Rauchplage

2306 4273 44 32 ist
2373 4273 150 39 gestiftet
2545 4273 131 32 worden
2700 4273 100 33 durch
2823 4273 52 32 die
2898 4272 227 39 Verwendung
3149 4271 59 33 des

2307 4326 107 32 Gases
2433 4336 57 22 zur
2510 4319 258 47 Kraftlieferung
2788 4326 31 32 in
2842 4325 131 34 Gestalt
2994 4324 56 33 der
3072 4325 136 32 Gasmo-

2307 4382 91 29 toren
2419 4380 65 32 und
2504 4379 83 40 jetzt
2608 4379 196 33 namentlich
2827 4379 57 32 der
2907 4378 302 40 Explosionsmoto-

2307 4442 66 22 ren.
2404 4433 69 32 Der
2500 4432 262 33 Eisenindustrie
2792 4431 55 34 hat
2878 4432 51 33 die
2960 4431 249 39 Hochofengas-

2307 4485 163 33 maschine
2533 4485 236 34 —unschätzbare
2834 4485 138 33 Dienste
3039 4484 169 33 erwiesen.

2308 4541 136 36 500,000
2474 4538 228 33 Pferdekräfte
2731 4538 132 33 werden
2893 4538 95 33 heute
3021 4538 100 32 schon
3151 4548 59 22 aus

2307 4592 274 40 Hochofengasen
2598 4595 145 36 erzeugt,
2760 4592 110 32 womit
2888 4592 70 32 eine
2974 4591 157 40 jährliche
3148 4591 62 33 Er-

2309 4645 127 39 sparnis
2462 4656 61 21 von
2552 4649 38 43 70
2617 4645 168 33 Millionen
2810 4645 97 32 Mark
2933 4656 39 21 an
2999 4645 214 32 Brennmate-
