5992 8607
2352 576 3104 624 L'ŒUVRE

3519 468 45 44 S
3593 470 231 41 Centimes
3859 492 58 8 —
3930 471 62 40 N*
4008 471 66 40 78.
4096 493 53 8 —
4167 472 63 40 12*
4247 470 203 43 ANNEE.
4468 492 56 9 —
4542 473 297 42 MERCREDI
4886 474 53 40 iw
4964 473 306 41 DECEMBRE
5297 474 102 39 M5

208 624 868 164 .;Convient-il'
1148 632 204 132 de
1404 648 88 56 "
1552 628 508 160 lancer
2120 628 88 56 "

352 860 788 176 l'emprunt
1184 860 176 132 de
1416 860 156 136 la
1608 856 604 140 Victoire

344 1128 556 140 comme
956 1124 280 116 une
1288 1088 700 152 émission
2036 1088 176 140 de

344 1312 780 168 pochette?

2507 1354 63 48 14,
2601 1356 97 43 Rue
2729 1359 176 38 Drouot

2366 1445 177 39 rêlépk«e
2561 1458 13 25 •.
2595 1449 84 31 GUT.
2701 1451 98 35 03-71,
2819 1447 110 34 BERG.

2401 1516 11 17 ~_
2469 1493 102 37 ivres
2593 1495 116 35 minait
2725 1505 10 21 :
2756 1495 83 32 GUT.
2854 1493 94 34 59-89

3802 1390 327 35 Directeur
4149 1400 11 27 :

3445 1470 127 47 lu
3572 1470 127 47 is
3699 1470 85 47 w
3784 1470 127 47 -v
3911 1470 173 47 la
4163 1458 90 59 Mr
4253 1458 90 59 là
4343 1458 90 59 la
4433 1458 90 59 IV

4857 1361 468 39 ABONNEMENTS

4765 1444 15 31 l
4790 1438 50 37 An
4928 1485 7 8 '
4941 1445 19 29 6
4977 1444 82 30 Mois
5137 1444 19 30 3
5174 1444 82 30 Mdis
5337 1444 15 27 1
5371 1443 94 32 MOIS

4761 1499 31 31 18
4804 1499 32 31 fr
4959 1500 18 26 9
5000 1499 40 31 fr.
5133 1500 73 30 4fr.
5222 1499 37 30 50
5288 1454 8 6 .,
5323 1504 19 30 1
5366 1501 39 30 fr.
5418 1503 54 31 50

159 1695 269 52 Lettres
465 1694 86 48 du
590 1689 215 54 Front

152 1820 140 156 Ne
324 1856 176 124 pas
532 1828 204 124 être
768 1812 404 160 Jobards

196 2060 13 8 ...

215 2080 212 42 Lorsque,
461 2087 58 29 en
549 2077 109 38 août
692 2075 113 47 1870,
841 2072 132 50 après
1004 2071 168 40 Rezon-

158 2133 107 42 viille
304 2138 46 37 et
391 2130 263 45 Gravelotte,
699 2128 31 39 il
772 2127 195 48 apparut
1007 2133 88 40 que
1132 2120 40 39 la

159 2183 340 46 concentration
523 2185 78 38 des
630 2181 175 41 armées
830 2182 54 39 cle
911 2177 116 41 MoLi:
1051 2178 43 39 et
1117 2173 56 40 de

158 2243 199 40 Ghàilons
388 2237 153 42 n'était,
571 2238 102 49 plus
708 2234 213 53 possible,
958 2233 28 39 il
1017 2228 156 42 restait

159 2307 57 29 au
238 2293 359 44 gouvernement
620 2299 90 31 une
733 2287 216 49 suprême
973 2291 199 33 ressour-

159 2360 90 29 ce,:
277 2347 296 38 abandonner
598 2343 181 41 l'armée
802 2342 55 39 de
885 2340 115 38 Metz
1023 2337 44 39 et
1092 2335 81 39 Ba-

158 2402 129 41 zaine
308 2402 31 39 à.
361 2402 96 37 leur
484 2398 159 46 destin,
676 2395 209 49 rappeler
911 2389 181 43 l'armée
1115 2387 58 39 de

159 2457 209 37 Ghâlons,
408 2463 104 30 avec
549 2449 302 45 Mac-Malion,
887 2455 106 30 sous
1028 2442 138 44 Paras,

155 2512 56 44 e<t,
236 2519 108 29 sous
362 2507 112 40 cette
494 2503 261 50 protection,
774 2509 110 31 avec
903 2507 74 31 ces
997 2492 169 48 cadres,

153 2562 166 43 refaire
347 2571 90 29 une
462 2560 184 40 défense
671 2554 239 41 nationale.

205 2616 64 39 Ce
289 2625 59 30 ne
366 2614 104 40 sont
489 2621 80 34 pas
594 2613 63 38 les
680 2607 243 42 historiens
944 2603 124 43 seuls
1091 2610 79 40 qui

155 2667 336 47 proclamèrent
529 2664 131 50 après
694 2670 115 40 coup
850 2653 321 54 l'opportunité

153 2726 60 38 de
233 2732 49 30 ce
305 2723 106 41 plan
436 2716 292 48 stratégique.
756 2715 197 46 Presque
975 2712 102 37 t011S
1106 2712 65 34 Les

156 2777 184 38 maîtres
369 2776 54 37 de
453 2773 172 38 l'heure
655 2780 55 30 en
741 2762 285 45 concevaient
1026 2762 143 45 l'im-

153 2830 208 39 périeuse
413 2824 223 41 nécessité
689 2833 9 29 :
746 2821 170 44 Thters,
970 2813 193 46 Trochu,

153 2883 195 46 Rocher,
374 2877 305 47 Mac-Mahon,
704 2874 267 49 l'empereur
988 2867 178 46 étaient,

153 2947 118 41 pour
294 2945 90 30 une
414 2932 98 47 fois,
543 2929 222 41 d'accord.

206 2987 116 40 Mais
356 2982 321 51 l'impératrice
707 2982 42 39 et
781 2977 183 42 Palikao
992 2972 178 43 avaient

154 3041 184 39 assumé
366 3040 61 41 la
427 3040 186 41 charge,
647 3045 52 30 en
730 3033 149 40 même
913 3032 142 46 temps
1082 3035 86 40 que

152 3096 26 38 ici
186 3099 21 36 h
231 3102 273 33 'gouverner
536 3091 44 39 la
613 3090 182 44 France,
835 3086 53 39 de
924 3091 161 31 sauver
1126 3079 42 39 la

152 3148 222 41 Hvnastie.
408 3144 310 42 Abandonner
752 3156 16 21 «
808 3136 247 48 l'héroïque
1089 3133 99 56 Ba-,

155 3203 125 38 vaille
318 3214 32 29 »,
384 3207 193 32 ccmme
598 3205 57 29 on
693 3193 134 40 disait
861 3198 173 36 encore,
1074 3187 96 38 cela

151 3250 81 42 bût
248 3256 186 36 apparu
469 3261 53 29 au
556 3258 110 32 pays
695 3246 97 39 tout
820 3241 142 42 entier
990 3246 179 34 comme

153 3314 88 38 tJne
266 3305 223 43 -trahison,
523 3298 213 53 l'opinion
754 3296 222 56 publique
976 3296 100 56 ne
1101 3290 66 48 s'y

152 3355 139 44 ferait
308 3369 81 30 pas
412 3355 218 44 résignée,
658 3355 40 39 le
719 3351 170 48 régi.me
908 3359 29 39 y
959 3351 76 36 eût
1053 3351 111 44 perà

155 3429 9 24 1
206 3413 173 44 Maligfé
407 3403 197 54 Rc)tili.er,
634 3404 174 49 malgré
835 3400 191 48 Trochu,
1059 3397 107 38 mai-

151 3469 78 40 'srré
257 3467 281 42 l'empereur,
573 3459 178 49 malgré
772 3458 243 43 lui-même,
1048 3455 119 35 Mac-

151 3522 169 32 Mahon
361 3517 128 40 reçut
528 3514 167 39 l'ordre
738 3513 53 40 de
835 3519 42 29 ni
884 3518 71 29 arc
962 3507 81 39 lier
1085 3512 80 31 sur

150 3574 131 36 Metz.
311 3573 35 34 Il
377 3581 56 29 ne
456 3578 147 32 sauva,
631 3565 46 41 ni
707 3563 204 43 Bazaine,
947 3558 46 40 ni
1020 3559 43 38 la
1086 3555 79 49 dy-

150 3625 156 47 nastie,
352 3622 115 40 mais
509 3622 44 38 la
591 3620 173 39 France
805 3613 148 53 perdit
985 3621 50 31 sa
1069 3608 96 40 der-

148 3679 127 42 rière
289 3675 138 44 '3'1';rn
427 3675 47 44 é
520 3697 7 6 -
909 3688 9 5 -
997 3686 73 45 v-;*
1103 3715 7 6 .

198 3733 34 36 Il
264 3742 59 27 -ne
357 3729 96 39 faut
489 3737 80 32 pas
605 3723 249 44 demander
892 3721 20 39 à
949 3717 216 41 l'iustoire

151 3786 102 39 plus
282 3778 416 47 d'enseignements
727 3775 166 50 qu'elle
926 3772 102 40 n'en
1060 3767 108 52 peut

154 3840 185 39 donner.
365 3836 122 39 Nous
511 3833 200 45 n'avons,
743 3829 133 48 grâce
899 3836 91 30 aux
1014 3823 146 45 dieux,

151 3893 103 38 plus
282 3891 55 38 d'e
365 3886 205 43 dynastie
595 3885 25 38 à
649 3892 174 36 sauver,
853 3877 187 43 l'armée
1069 3877 97 38 Sar-

150 3945 80 40 ?a.il
256 3938 156 45 n'était
429 3950 80 37 pas
532 3934 343 51 indispensable
901 3933 25 39 à
950 3933 42 39 la
1018 3929 148 40 défen-

153 4007 44 31 se
222 3997 56 40 du
305 3996 66 39 sol
395 3991 201 41 national
617 3990 54 47 et,
694 3988 42 40 si
758 3997 116 29 nous
895 3985 172 42 l'avons
1092 3990 74 30 en-

150 4050 137 40 voyée
311 4058 106 30 sans
443 4044 155 44 espoir
623 4053 58 30 au
704 4049 190 32 secours
918 4038 56 38 de
1002 4038 45 38 la
1068 4036 97 39 Ser-

150 4091 83 52 bxè,
256 4103 59 40 du
334 4100 149 40 'moins
507 4097 335 46 gardons-nous
861 4093 42 40 le
922 4089 119 41 droit
1056 4088 110 39 d'es-

151 4157 130 51 pérer
311 4165 88 41 que
436 4151 114 42 cette
579 4148 151 43 armée
767 4146 115 41 n'est
911 4154 81 39 pas
1029 4141 136 42 sacri-

152 4210 94 41 fiée.
591 4245 384 14 ...

200 4261 155 41 Ilri'en
380 4258 115 42 reste
518 4267 80 34 pas
622 4262 149 33 moins
789 4260 90 41 que
900 4252 42 39 la
963 4255 202 43 jonction

151 4324 55 33 Se
229 4315 106 40 s'est
359 4322 80 35 pas
464 4310 105 41 faite
597 4320 9 37 ;
631 4305 100 52 que,,
731 4305 68 52 si
826 4302 183 44 l'armée
1035 4300 131 41 serbe

150 4365 288 46 ôewteneorè
459 4365 92 40 être
569 4366 232 41 secourue,
823 4359 28 39 à
871 4358 171 39 travers
1062 4355 102 38 l'Al-

153 4419 142 42 fean-ie,
324 4419 84 39 elle
430 4419 40 38 le
495 4425 107 32 sera,
617 4423 79 35 par
722 4409 155 41 l'Italie
901 4410 45 38 et
967 4417 91 29 non
1081 4414 81 41 par

152 4481 124 35 nous,
315 4472 47 40 et
393 4480 99 36 que,
532 4478 59 31 en
623 4464 242 48 définitive,
899 4463 43 39 le
978 4459 182 51 général

153 4525 177 46 Sarraiil,
370 4522 185 53 envoyé
581 4520 99 50 trop
716 4518 113 48 tard,
869 4514 78 41 n'a
980 4525 81 40 pas
1102 4522 61 41 pu

153 4578 254 55 ^emplir,sa
430 4573 205 42 mission.

201 4634 49 40 Jé
269 4632 91 41 sais
382 4629 101 41 bien
509 4628 136 46 qu'un
665 4625 109 49 plan
791 4631 207 34 nouveau
1020 4620 68 41 est
1107 4619 59 40 né

154 4685 72 41 îtes
253 4683 338 43 circonstances
625 4691 10 35 ;
664 4677 108 49 qu'il
800 4678 69 40 est
895 4687 106 31 sans
1030 4672 134 41 doute

153 4738 103 41 iltile
283 4735 286 48 d'organiser
601 4734 43 39 le
674 4733 108 45 long
810 4729 55 41 de
888 4739 50 30 ce
972 4724 186 49 couloir,

155 4792 71 45 qui
250 4801 59 29 va
338 4787 281 44 dorénavant
647 4786 55 40 de
728 4783 217 48 Belgrade
974 4782 28 39 à
1027 4781 138 39 Cons-

153 4842 246 48 lantinople
417 4864 55 6 —
493 4841 43 38 et
558 4837 224 51 peut-être
804 4847 55 29 au
886 4835 100 40 delà
1002 4856 53 7 —
1075 4842 90 30 une

156 4897 124 43 triple
321 4903 198 35 menace,
564 4888 253 45 constituée
856 4897 80 41 par
976 4896 90 31 une
1099 4895 66 30 ar-

156 4953 91 39 mée
276 4947 257 44 Halo-serbe
563 4955 52 30 en
652 4942 206 48 Albanie,
892 4951 90 32 une
1014 4938 152 40 armée

157 4999 376 51 anglo-française
561 5000 25 40 à
616 4997 249 45 Salonique
901 4995 44 40 et
974 5003 90 30 une
1100 5001 66 29 ar-

157 5056 91 40 mée
266 5065 130 32 russe
414 5064 81 30 sur
511 5054 41 39 le
571 5052 204 41 Danube.
799 5051 123 40 Dans
942 5049 43 38 la
1006 5054 162 42 guerre

158 5108 194 46 actuelle,
387 5118 52 29 ce
472 5118 61 29 ne
565 5108 101 38 sont
698 5114 81 38 pas
815 5103 65 40 les
916 5100 142 41 Alliés
1089 5098 79 51 qui

157 5166 72 40 ont
265 5161 25 41 à
322 5159 212 43 redouter
563 5161 43 40 le
645 5158 103 49 plus
787 5152 382 52 l'élargissement

156 5215 56 40 dû
233 5215 124 41 front
378 5214 56 40 de
453 5214 44 39 la
517 5211 196 42 bataille.
747 5244 8 13 ,
1073 5217 16 37 i

202 5268 51 41 Je
290 5267 121 41 tiens,
441 5268 236 47 beaucoup
716 5264 26 39 à
780 5272 56 31 ne
869 5271 80 41 pas
990 5259 176 41 to-mber

157 5317 106 49 "dans
292 5322 44 39 le
365 5320 171 40 travers
565 5318 78 41 des
674 5313 258 53 bourgeois,
971 5315 78 50 qui
1079 5314 87 40 dis-

158 5374 145 40 cutent
336 5384 57 29 au
430 5369 96 51 café
561 5369 61 42 du
664 5369 261 42 Commerce
964 5378 83 30 sur
1086 5366 79 40 des

161 5425 247 51 opérations
447 5426 54 40 de
544 5424 114 42 cette
701 5432 265 38 envergure.
1005 5421 51 41 Je
1099 5432 66 30 re-

159 5477 124 43 doute
306 5479 265 52 par-dessus
593 5477 98 41 tout
709 5479 40 38 le
774 5476 147 40 destin
947 5476 78 40 des
1045 5475 120 50 jour-

159 5533 203 48 nalistes,-
386 5531 90 50 qui,
516 5530 132 52 après
677 5529 127 41 avoilr
831 5529 112 42 écrit
969 5529 65 40 les
1068 5538 97 40 pre-

161 5585 125 42 miers
313 5597 8 29 :
344 5601 17 23 «
386 5585 351 50 Rembarquons
756 5584 40 39 le
816 5593 134 39 corps
971 5582 55 41 de
1045 5583 121 40 Salo-

159 5637 132 52 nique
310 5652 35 34 »,
372 5637 149 43 crient
546 5636 285 42 maintenant
856 5635 102 40 tous
983 5636 70 39 les
1075 5645 90 30 ma-

159 5689 79 44 tins
271 5702 10 29 :
303 5703 25 26 .«
353 5692 38 40 A
413 5691 250 50 Salonique
694 5691 9 39 !
731 5691 26 40 à
781 5687 249 51 Salpnique
1058 5687 10 39 !
1095 5687 72 42 Au

159 5753 171 32 secours
351 5746 60 40 de'
431 5743 166 42 Sarrail
627 5745 10 39 î
659 5756 21 26 »
1138 5769 19 16 .-

207 5796 43 40 Si.
303 5798 65 40 les
421 5798 105 40 hum
533 5807 95 30 mes
669 5795 79 54 qui
788 5796 100 43 font
908 5793 256 53 profession

164 5847 171 44 (fécrire
367 5853 80 39 ont
475 5851 42 39 le
555 5849 119 42 droit
710 5848 278 52 d'exprimer
1020 5848 146 40 toutes

163 5900 53 43 lés
240 5902 222 52 opinions,
495 5903 31 40 il
551 5914 29 38 y
602 5914 27 28 a
651 5914 63 30 un
743 5902 117 41 droit
883 5902 132 50 qu'ils
1042 5903 128 39 n'ont

162 5962 80 44 pas.
271 5957 108 41 c'est
399 5956 120 42 celui
543 5956 232 41 d'énerver
794 5956 248 51 l'Opinion.

631 6035 59 54 9

199 6121 59 42 I^a
280 6122 175 41 France
480 6121 337 48 d'aujourd'hui
839 6132 56 29 ne
921 6124 247 40 ressemble

166 6167 341 49 heureusement
530 6176 103 48 plus
657 6175 26 39 à
707 6174 111 42 celle
844 6175 53 40 de
919 6177 101 40 1870
1048 6189 9 28 :
1083 6179 84 39 elle

167 6229 55 38 est
247 6230 212 47 disposée
492 6229 26 39 à
550 6227 223 41 admettre
807 6224 61 46 de
868 6224 82 46 la
975 6232 100 43 part
1110 6231 58 40 de

164 6275 272 56 Fétat-majoT
462 6281 148 40 toutes
644 6282 65 39 les
740 6279 257 51 initiatives,
1035 6295 133 38 parce

167 6334 146 45 qu'elle
346 6337 68 39 est
442 6336 183 40 décidée
659 6335 26 40 à
720 6334 64 40 lui
815 6334 218 45 attribuer
1065 6338 102 46 plus

167 6382 83 46 tard
268 6382 148 48 'toutes
439 6389 64 40 les
524 6386 393 52 responsabilités.
939 6389 117 39 Lord
1078 6389 91 41 Iiit-

168 6437 152 46 chener
361 6443 108 48 peut
509 6441 180 40 étudier
730 6449 108 31 avec
881 6440 205 49 sérénité,
1128 6444 43 38 et

169 6497 90 37 sa.ns
274 6496 173 40 crainte
468 6497 78 39 des
566 6493 323 49 protestations
912 6494 252 48 publiques,

170 6540 31 41 le
240 6549 403 47 remba'rquement
679 6547 55 39 de
779 6545 296 49 fexpédititon
1111 6551 56 38 de

169 6594 204 58 Gallipoli,
408 6601 78 51 qui
519 6602 131 40 coûte
679 6600 268 50 cependant,
985 6601 25 39 à
1042 6602 129 40 l'esti-

171 6653 151 42 mation
365 6654 65 43 dru
476 6655 185 50 général
699 6655 222 46 Verraux,
965 6654 104 48 plus
1114 6656 57 39 de!

170 6710 86 39 cent
275 6709 62 43 mi.
341 6709 55 46 1-6
419 6709 222 40 hommes.
666 6708 46 41 Si
732 6709 43 39 le
796 6707 186 50 général
1004 6707 167 41 Sarrail

169 6756 35 39 et
237 6760 56 41 M.
336 6763 151 48 Denys
528 6762 174 41 Cochin
736 6760 328 42 demandaient
1102 6762 71 40 de-

171 6810 106 44 main
306 6816 42 39 le
382 6814 404 46 rembarquement
815 6815 54 41 de
901 6813 182 42 l'armée
1116 6816 58 38 do

171 6858 239 61 Salonique,
444 6869 56 40 ils
526 6867 256 42 n'auraient
807 6869 26 40 à
861 6867 212 41 redouter
1096 6875 78 31 au-

171 6922 99 37 cune
303 6920 339 43 manifestation
672 6922 250 49 populaire.

193 6969 214 51 .L'armée
433 6976 53 40 de
507 6975 173 40 Sarrail
705 6976 211 44 chargée
942 6977 58 39 de
1019 6985 155 30 secou-

172 7018 51 41 rir
243 7025 66 43 les
337 7028 175 47 Serbes,
546 7028 73 39 n'a
643 7037 81 38 pas
753 7039 60 36 pu
844 7027 190 48 remplir
1060 7029 114 39 cette

173 7073 184 48 fission.
388 7081 68 40 Au
484 7082 205 39 moment
715 7082 55 41 de
794 7084 65 39 lui
886 7082 173 41 confier
1076 7091 97 31 line

174 7126 167 48 fission
369 7134 222 46 nouvelle,
623 7143 89 33 une
738 7137 125 41 seule
889 7137 213 46 question
1123 7147 50 30 se

174 7182 91 41 pose
294 7195 10 30 :

285 7240 119 43 Cette
438 7242 193 43 mission
669 7245 170 42 est-elle
870 7247 111 42 utile
1022 7249 19 40 ?
1076 7249 96 40 Est-

176 7288 67 41 e.lle
264 7296 201 48 possible
486 7292 40 44 ?'

218 7344 59 45 En
302 7362 154 32 aucun
491 7363 88 38 cas,
616 7363 83 32 nos
729 7355 126 40 chefs
884 7367 58 31 ne
972 7360 201 40 seraient

177 7400 243 55 excusables
442 7407 61 42 de
524 7416 53 31 S0
597 7407 260 48 demander,
889 7418 177 35 comme
1093 7413 78 40 fai-

178 7453 125 43 saient
333 7459 318 44 l'impératrice
682 7462 43 38 et
761 7459 181 44 Palikao
973 7475 57 28 en
1067 7467 107 36 août

179 7502 86 43 1870
293 7520 10 29 :
382 7531 22 11 ..

213 7575 45 10 •--
284 7561 90 48 Que
397 7577 52 30 va
472 7576 165 40 penser
663 7565 217 51 l'opinion
904 7568 219 48 publique
1151 7574 20 38 ?

220 7615 217 49 L'opinion
467 7620 220 44 publique
711 7630 57 29 ne
796 7621 99 39 leur
921 7624 251 40 pardonne-

182 7662 68 42 nt
267 7676 74 40 Pas
363 7673 53 39 dé
439 7674 63 40 lui
524 7673 111 41 faire
671 7674 79 40 des
771 7671 240 46 sacrifices,
1039 7688 134 30 parce

181 7716 44 40 qu
240 7719 78 42 elle
336 7725 102 40 i'n-'e-n
457 7726 227 41 demande
707 7734 96 43 pas.

181 7770 88 55 ovEt
297 7774 97 44 teille
421 7780 67 39 est
516 7779 178 45 l'utilité
724 7780 57 41 de
813 7779 170 42 n'avoir
1010 7793 79 32 pas
1117 7784 57 40 de

181 7824 39 45 "
220 7824 157 45 nast¡e.-

225 7874 106 48 Pour
357 7897 85 37 que
472 7889 39 41 le
545 7890 219 41 maintien
795 7892 53 42 de
885 7891 288 43 l'expédition

184 7932 43 60 j1'6
247 7932 230 58 Salonique
501 7943 86 41 soit
610 7943 212 47 possible,
854 7945 29 39 il
909 7945 117 41 reste
1048 7943 25 43 à
1095 7948 78 40 ob-

184 7989 98 79 gMr
305 7989 55 41 du
388 7999 359 45 gouvernement
770 8007 111 41 grec
905 7998 82 41 des
1012 8009 161 39 garan-

223 8083 82 49 Sur
335 8104 73 37 ses
437 8101 231 50 garanties
702 8104 101 44 lord
842 8103 248 47 Kitchener
1127 8105 46 46 et

1237 1687 59 40 M.
1325 1687 152 49 Denys
1502 1686 173 41 Cochin
1706 1686 230 40 discutent
1964 1684 162 51 depuis
2156 1683 98 51 plu-

1236 1741 148 40 sieurs
1417 1741 142 49 jours.
1595 1742 40 38 A
1662 1748 108 31 mon
1800 1739 92 49 gré,
1927 1738 111 44 c'est
2066 1750 65 31 un
2164 1747 87 40 peu

1236 1796 154 48 long..

1289 1849 87 39 Car
1410 1849 67 40 les
1509 1846 228 50 garanties
1775 1856 87 40 que
1896 1846 110 50 peut
2035 1855 119 31 nous
2179 1854 72 31 ac-

1235 1902 159 40 corder
1417 1902 39 39 le
1479 1900 359 50 gouvernement
1860 1909 105 40 grec
1987 1909 71 30 me
2085 1896 168 52 parais-

1234 1956 103 39 sent
1375 1955 89 40 très
1495 1953 205 49 ei'mples.

1282 2008 119 39 C'est,
1424 2007 184 40 d'abord
1629 2008 44 38 la
1692 2002 384 46 démobilisation.

1287 2061 118 39 C'eet
1425 2060 179 41 ensuite
1626 2061 43 38 la
1688 2056 249 43 démission
1962 2059 59 38 du
2044 2056 209 42 ministre

1233 2125 107 39 grec
1369 2116 80 38 des
1488 2114 202 39 finances
1729 2110 78 52 qui
1838 2124 30 28 a
1899 2112 229 49 proclamé
2160 2110 92 40 très

1233 2169 111 38 haut
1382 2166 256 39 l'intention
1686 2165 197 50 qu'avait
1930 2173 84 31 son
2065 2173 187 39 gouver-

1227 2221 190 39 neni,e,nt
1433 2250 10 16 4
1468 2223 58 38 de,
1578 2219 234 40 désarmer
1869 2215 383 42 éventueHement

1235 2275 63 39 les
1336 2269 155 45 Alliés.
1539 2272 77 40 S'il
1661 2274 71 38 est
1774 2271 224 40 là-dessus
2043 2268 207 41 d'accord

1231 2337 105 29 avec
1366 2327 60 39 M.
1457 2326 119 40 Skou
1585 2325 160 47 loudis,
1779 2334 117 29 nous
1928 2324 187 39 n'avons
2143 2320 109 50 qu'à

1231 2389 116 31 nous
1375 2390 56 29 en
1460 2379 123 40 aller.
1609 2378 74 40 S'il
1714 2388 35 37 a,
1780 2388 57 28 au
1866 2371 242 51 contraire,'
2108 2371 142 51 ains.i

1233 2432 125 49 parlé
1382 2433 158 39 contre
1566 2432 41 40 le
1634 2431 79 47 gré
1743 2431 53 40 de
1821 2439 80 31 son
1931 2427 233 51 président
2190 2427 59 38 du

1229 2484 186 51 conseÎll,
1449 2485 30 40 il
1508 2485 98 40 faut
1635 2495 92 40 que
1753 2494 50 30 ce
1837 2480 89 44 soit
1952 2483 64 39 lui
2047 2485 78 46 qui
2153 2479 92 41 s'en

1231 2539 112 40 aille.

1242 2591 11 11 *
1283 2592 62 40 De
1370 2592 159 40 même.
1559 2591 38 40 si
1618 2589 182 41 l'armée
1823 2598 197 41 grecque
2041 2590 69 38 est
2131 2586 118 42 déci-

1229 2646 83 40 dée
1338 2646 26 39 à
1394 2655 55 29 TIr,
1478 2643 210 40 marcher
1716 2652 55 29 en
1802 2651 155 30 aucun
1990 2651 75 31 cas
2095 2639 154 41 contre

1229 2709 84 29 nos
1335 2696 296 49 adversaires,
1658 2696 30 40 il
1714 2697 97 40 faut
1831 2697 119 40 donc
1976 2694 168 49 qu'elle
2164 2694 87 40 soit

1229 2751 235 41 mobi.lisée
1498 2752 155 37 contre
1683 2759 131 29 nous.
1853 2748 68 39 On
1959 2759 59 29 ne.
2047 2758 71 29 me
2155 2747 96 39 fera

1228 2804 163 50 jamais
1432 2804 144 40 croire
1614 2814 89 38 que
1737 2814 55 33 ce,
1825 2802 91 40 soit
1947 2799 303 50 uniquement

1229 2868 117 39 pour
1366 2870 56 31 ne
1448 2857 250 39 combattre
1723 2865 226 40 personne
1977 2855 141 48 qu'un
2143 2862 106 41 pays

1229 2911 196 40 s'amuse
1447 2911 27 39 à
1501 2909 201 42 décréter
1725 2920 90 29 une
1842 2906 308 42 mobilisation
2178 2907 71 48 gé-

1228 2965 167 40 nérale.
1431 2963 57 47 Et.
1488 2963 73 47 si,
1597 2973 59 30 en
1687 2962 167 46 réalité,
1889 2961 108 39 c'est
2023 2956 125 58 nous
2148 2956 101 58 qui

1229 3028 140 30 avons
1411 3016 82 44 fait
1531 3015 214 50 jusqu'ici
1786 3015 64 40 les
1894 3013 108 41 frais
2040 3013 55 40 de
2133 3012 116 40 cette

1228 3069 320 47 mobilisation,
1579 3069 98 40 cela
1701 3080 58 30 ne
1781 3066 99 44 doit
1903 3067 221 49 peut-être
2148 3075 95 40 pas,

1229 3136 52 29 en
1327 3123 241 49 définitive,
1613 3123 202 52 changer
1858 3121 128 40 notre
2028 3119 129 51 point
2194 3119 54 40 de

1227 3189 101 30 vue.

1281 3232 123 39 Nous
1459 3241 59 30 ne
1572 3228 211 41 saurions
1836 3227 198 46 oublier,
2064 3238 86 39 que
2204 3225 49 40 la

1228 3285 138 40 Grèce
1383 3295 31 32 a
1433 3283 129 44 cessé
1584 3282 150 48 d'être,
1761 3293 55 29 eu
1842 3280 124 48 dépit
1984 3283 56 39 'd-e
2060 3291 73 29 ses
2153 3288 96 32 ser-

1227 3335 176 52 ments,"
1428 3352 19 22 «
1476 3347 93 29 une
1601 3333 156 42 nation
1786 3335 160 40 neutre
1977 3332 120 43 maïs
2124 3328 125 45 bien-

1225 3392 213 40 veillante
1466 3405 34 25 ».
1528 3391 89 39 Par
1638 3390 118 39 deux
1782 3388 85 41 fois
1895 3387 100 49 déjà
2021 3397 9 28 :
2049 3398 56 28 en
2131 3397 117 29 rom-

1227 3445 109 48 pant
1359 3446 42 39 Le
1421 3443 130 41 traité
1574 3444 59 40 de
1654 3442 229 47 Bucarest,
1912 3439 79 50 qui
2016 3437 235 43 i'-unissait

1224 3499 25 40 à
1268 3501 45 38 la
1331 3497 166 47 Serbie,
1523 3497 43 39 et
1583 3506 55 29 en
1655 3495 173 40 violant
1845 3496 40 39 le
1905 3494 130 41 traité
2051 3494 56 40 de
2129 3492 112 48 1864,

1224 3551 81 48 qui
1328 3552 64 39 lui
1417 3549 213 50 imposait
1653 3559 60 29 un
1739 3547 508 48 gouvernement.cons-

1227 3604 271 43 titutionnel.
1531 3605 82 39 elle
1640 3614 25 29 a.
1686 3601 95 51 pris
1808 3601 113 40 cette
1948 3599 188 42 attitude
2160 3610 95 38 que.

1226 3660 64 38 les
1316 3655 273 50 diplomates
1621 3658 105 39 sont
1756 3664 235 31 convenus
2018 3653 230 51 d'appeler

1228 3726 18 24 «
1275 3710 242 42 inamicale
1536 3725 43 29 .)).

1277 3765 266 40 Pardonner
1573 3761 121 43 deux
1724 3761 242 49 trahisons,
2005 3762 97 41 cela
2131 3760 114 51 s.'ap-

1226 3820 118 50 p-ente'
1368 3819 92 39 être
1489 3817 210 41 clément.

1278 3869 144 54 Après
1459 3872 119 40 deux
1614 3869 242 51 trahisons,
1894 3881 56 31 ne
1981 3881 81 39 pas
2092 3871 156 44 exiger

1226 3927 53 39 de
1327 3924 228 52 garanties
1604 3922 234 50 certaines,
1891 3923 98 41 cela
2031 3923 216 52 s'appelle

1226 3981 91 40 être
1349 3978 172 51 jobard.
2250 4000 9 4 -

1616 4051 251 55 Sergent
1902 4051 285 52 Pangloss

1228 4196 104 78 Le
1350 4194 342 100 théâtre
1718 4202 84 70 et
1824 4194 84 80 la
1930 4216 314 82 guerre

1238 4370 6 44 ;
1269 4361 79 47 La:
1370 4348 488 60 OrYméùie::1frant¡aise-
1887 4374 119 34 nous
2046 4375 199 35 cornmu-
2259 4372 7 5 "

1219 4419 139 51 nique
1383 4422 43 39 la
1447 4420 103 41 note
1573 4418 207 45 suivante
1811 4431 9 29 :

1268 4506 54 36 Le
1341 4504 194 38 mimstre
1550 4507 52 35 de
1624 4507 42 35 la'
1685 4514 147 37 guerre
1851 4508 134 45 ayant
2006 4506 138 37 décidé
2166 4516 80 39 que

1220 4557 73 36 nul
1328 4557 158 37 officier
1524 4567 52 26 ne
1613 4558 133 38 serait
1777 4569 42 25 dé
1850 4559 159 41 oun-iis
2043 4559 137 37 admis
2220 4563 27 35 à

1217 4610 176 46 fre,i-n,pli,r
1413 4611 29 36 à
1460 4612 44 36 la
1528 4609 79 39 fois
1634 4610 72 37 des
1967 4612 216 37 militaires
2205 4614 42 35 et

1220 4661 155 45 civiLes,
1410 4663 38 35 et
1480 4662 106 38 cette
1616 4663 160 37 décision
1824 4661 132 40 àv&nt
1989 4665 66 36 été
2081 4665 166 36 notifiée

1222 4723 81 27 aux
1330 4713 227 37 directeurs
1586 4714 51 37 de
1667 4725 78 31 nos
1767 4721 16 29 4
1807 4731 6 20 i
1869 4721 85 33 très
1982 4715 265 39 subvention-

1219 4766 77 36 nés
1319 4766 67 45 qui
1408 4775 44 27 se.
1474 4767 236 36 trouvaient
1728 4768 107 36 dans
1854 4778 47 26 ce
1919 4778 83 35 cas,
2027 4769 51 36 M.
2106 4762 141 44 Alberl

1219 4817 128 37 Carré
1367 4828 31 25 -a.
1420 4819 202 37 demandé
1650 4820 24 35 à
1697 4820 53 35 M.
1779 4820 39 36 le
1838 4821 191 36 mm.istre
2055 4822 50 36 de
2135 4822 112 36 J'ins-

1223 4870 180 37 t.rnfcti.on
1433 4870 197 48 puMjque
1668 4872 38 36 et
1737 4873 73 37 des
1848 4873 249 38 bea.nx-a:rlc;
2123 4874 51 37 de
2210 4876 37 34 le

1222 4922 160 40 relever
1420 4923 49 37 de
1505 4931 71 30 ses
1615 4924 206 39 fonctions
1860 4925 391 40 d'admmjstrateijir

1223 4974 166 45 général
1432 4976 48 35 de
1514 4976 44 36 la
1591 4974 436 48 Comédrje-Fét.cin'0'Lise
2061 4977 185 46 pendant

1229 5026 107 36 toute
1376 5027 42 36 la
1450 5027 126 36 durée
1609 5028 50 38 de
1697 5028 44 36 l'a.
1773 5037 160 38 guenre,
1973 5031 51 36 de
2060 5031 121 45 façon
2222 5033 26 35 à

1224 5079 173 43 pouvoir
1427 5079 218 37 continuer
1684 5082 28 35 à
1750 5091 174 28 assurer
1962 5083 61 42 les
2054 5084 192 41 «services

1225 5128 97 38 dont
1342 5129 28 38 il
1393 5131 62 37 est
1477 5132 151 46 chargé
1654 5133 26 36 à
1705 5133 264 47 l'état-major
1989 5136 51 36 de
2064 5137 50 36 l'a
2119 5137 123 36 ratée.

1272 5187 60 36 Un
1364 5188 342 39 administrateur
1737 5192 221 46 suppléant
1984 5203 54 27 va
2064 5195 87 36 être
2180 5196 67 36 dé-

1225 5239 118 45 signé
1377 5248 76 36 par
1487 5240 36 36 le
1559 5241 188 38 ministre
1782 5244 51 35 de
1862 5245 27 36 r
1894 5244 249 40 instruction
2175 5256 72 36 pu-

1229 5290 138 47 b'iq'ire
1405 5292 40 35 et
1488 5293 71 36 des
1600 5294 244 37 ibeaus-arts
1878 5297 75 45 qua;
1983 5299 263 45 remplacera

1226 5343 52 35 M.
1313 5343 141 36 Albert
1488 5342 124 39 Ca.rré
1641 5346 183 45 pendant
1851 5347 36 37 le
1923 5350 133 45 temps
2088 5351 49 37 de
2169 5361 76 27 son

1222 5394 336 45 n'idi.sportibinté.

1275 5478 64 41 La
1369 5477 210 51 question
1616 5490 56 31 ne
1710 5490 48 30 se
1823 5492 111 40 pose
1995 5494 80 36 pas
2132 5496 117 37 pour

1221 5531 61 41 M.
1316 5532 119 41 P.-B.
1464 5531 183 50 Gheusi,
1684 5535 77 48 qui
1792 5545 24 30 a
1846 5532 103 52 déjà
1973 5538 277 42 abandonné

1222 5585 44 39 la
1307 5584 225 42 direction
1579 5587 54 41 de
1671 5586 420 51 l'Opéra-Comique
2129 5602 117 37 pour

1220 5637 196 52 prendre
1441 5640 114 41 celle
1575 5641 61 40 du
1662 5640 181 45 cabinet
1866 5642 56 41 de
1948 5643 43 40 la
2015 5643 183 42 Guerre.

1222 5782 286 94 Propos
1576 5784 184 74 d'un
1820 5784 424 80 Grincheux

1284 5959 62 42 Le
1371 5962 201 43 chasseur
1592 5964 184 44 Bréchet
1797 5981 28 27 a
1844 5966 144 52 perdu
2006 5967 27 41 à
2053 5967 48 42 la
2120 5983 126 38 guer-

1229 6034 43 26 re
1296 6019 43 41 le
1361 6019 101 43 bras
1486 6021 132 47 droit,
1641 6033 41 33 et
1704 6027 44 40 le
1767 6026 155 42 soldat
1949 6026 39 52 C
1988 6026 157 52 hoPlin
2168 6044 31 34 y
2219 6045 28 26 a

1226 6076 135 44 laissé
1383 6079 47 41 la
1457 6081 149 52 jambe
1631 6086 179 48 gauche.
1840 6085 65 43 Ils
1931 6095 77 34 ont
2036 6096 213 44 comparu

1227 6138 251 42 avant-hier
1500 6138 166 44 devant
1688 6143 42 40 le
1750 6148 42 38 2*
1813 6145 166 43 conseil
2000 6146 58 42 de
2081 6161 165 39 guerre.

1227 6198 184 42 Bréchœt
1435 6213 28 27 a
1488 6199 66 41 été
1580 6202 245 44 condamné
1849 6207 27 39 à
1906 6220 58 27 un
1989 6221 57 27 an
2073 6206 59 43 de
2156 6208 89 51 pri-

1225 6271 95 28 son.
1346 6257 196 56 Chaplin
1562 6273 28 27 a
1610 6260 67 41 été
1699 6263 202 54 acquitté.

1289 6316 340 50 Qu'avaient-ils
1653 6319 100 50 fait,
1786 6337 67 27 ces
1878 6324 118 42 deux
2025 6325 177 43 mutilés
2219 6329 28 40 ?

1289 6377 125 41 Voici
1444 6393 16 25 :
1486 6392 55 27 en
1567 6379 245 52 septembre
1837 6382 184 52 dernier,
2045 6385 60 45 ils
2131 6387 115 40 s'en-

1229 6436 212 52 nuyaient
1469 6437 27 40 à
1518 6437 220 53 l'hôpital.
1767 6439 135 43 Alors
1926 6443 56 41 ils
2008 6452 102 34 sont
2133 6444 114 43 allés

1228 6495 25 46 f
1254 6495 90 41 aire
1365 6510 58 27 un
1443 6504 110 33 tour.
1576 6496 65 42 Ils
1663 6505 77 33 ont
1763 6498 72 41 osé
1853 6502 131 41 sortir
2004 6510 113 45 pour
2134 6505 113 41 aller

1227 6553 117 47 faire
1365 6569 58 26 un
1447 6562 110 45 tour,
1581 6556 153 53 quand
1758 6557 35 41 il
1812 6559 108 40 était
1944 6561 102 53 plus
2067 6563 58 41 de
2147 6564 100 42 dix-

1229 6616 97 48 sept
1353 6614 160 42 heures.
1546 6616 62 41 Et
1633 6616 43 41 le
1708 6623 242 48 règlement
1976 6627 64 33 est
2070 6622 174 48 forfmel.

1234 6670 69 42 On
1325 6686 52 32 ne
1401 6673 99 43 doit
1518 6682 82 47 pas
1621 6683 132 37 sortir
1774 6684 129 47 après
1923 6678 199 56 dix-sëpt
2145 6683 102 43 heu-

1230 6743 75 27 res.

1288 6793 64 42 Ils
1383 6809 52 28 ete
1469 6807 100 33 sont
1601 6801 164 43 rentrés
1800 6801 100 50 qu'à
1929 6801 127 52 vingt
2091 6813 42 34 et
2163 6821 85 28 une

1232 6851 129 43 heure
1388 6861 152 46 trente,
1568 6867 42 33 et
1634 6860 58 45 ils
1719 6869 75 34 ont
1819 6862 153 42 trouvé
1999 6864 27 40 à
2051 6864 46 40 la
2123 6873 126 42 porte

1232 6924 58 26 un
1321 6913 220 43 maréchal
1574 6917 81 42 des
1682 6920 128 52 logis.
1842 6938 22 23 «
1902 6921 153 42 Est-ce
2083 6937 83 38 que
2199 6933 49 33 tu

1232 6982 79 26 vas
1330 6984 110 28 nous
1461 6973 193 54 signaler
1672 6978 25 40 ?
1719 6995 22 23 »
1762 6994 27 26 a
1810 6980 222 43 demandé
2054 6981 193 45 Bréchet.

1234 7042 22 23 «
1283 7027 88 42 Oui
1395 7046 35 31 »,
1450 7045 25 26 a
1495 7032 200 50 répondu
1713 7036 43 42 le
1778 7039 222 43 maréchal
2018 7040 82 44 des
2118 7041 128 46 logis.

1233 7085 135 42 Alors
1397 7088 184 44 Bréchet
1606 7095 104 41 s'est
1735 7096 70 41 dit
1835 7113 15 24 :
1878 7115 21 23 «
1932 7099 123 52 Ça-y
2084 7109 76 40 est,
2191 7116 55 25 on

1235 7159 56 27 va
1317 7159 112 28 nous
1456 7149 140 51 pm'lÍr.
1627 7170 21 23 »
1687 7153 97 43 Une
1812 7156 154 47 fureur
1992 7158 67 43 lui
2089 7168 64 34 est
2178 7176 70 27 ve-

1232 7219 84 27 nue
1341 7212 51 41 et,
1413 7205 58 41 de
1490 7207 46 40 la
1560 7211 116 41 main
1699 7215 75 45 qui
1796 7215 71 42 lui
1884 7225 122 35 reste,
2028 7219 35 41 il
2083 7235 27 25 a
2130 7220 118 46 giflé

1231 7264 42 41 le
1304 7265 319 53 sous-offiezer,
1661 7285 80 38 que
1778 7273 194 52 Choplin
2008 7293 27 26 a
2072 7282 176 41 menacé

1232 7323 57 42 de
1311 7338 50 27 sa
1386 7323 207 54 béquille.

1292 7387 162 52 Certes,
1484 7388 45 53 je
1559 7404 52 28 ne
1637 7391 65 41 les
1731 7402 226 43 approuve
1982 7408 93 40 pas.
2130 7403 118 42 Mais

1231 7447 222 55 pourquoi
1488 7446 66 43 les
1591 7451 258 51 gardait-o;1l
1885 7455 27 40 à
1945 7458 207 50 l'hôpital
2206 7471 42 33 et

1230 7508 96 41 leur
1351 7506 291 55 imposait-on
1669 7508 81 47 des
1777 7511 272 54 obligations
2075 7519 57 41 de
2156 7515 93 46 coi-

1229 7566 148 56 légien
1397 7568 27 40 ?
1481 7566 240 53 Puisqu'ils
1747 7569 162 42 étaient
1935 7587 121 28 assez
2081 7578 169 42 solides

1230 7633 113 46 pour
1365 7626 113 42 aller
1497 7640 47 28 se
1567 7633 228 46 promener
1817 7628 58 41 de
1899 7640 181 41 concert,
2102 7635 34 40 il
2157 7635 92 48 fal-

1230 7684 84 43 lait
1342 7683 67 45 les
1435 7698 213 38 renvoyer
1676 7684 100 42 chez
1801 7700 83 27 eux
1909 7702 104 28 avec
2037 7705 84 27 une
2144 7701 106 43 pen-

1231 7744 108 42 sion.
1400 7745 96 44 Des
1551 7744 224 55 gaillards
1806 7745 74 52 qui
1916 7754 75 33 ont
2025 7749 133 42 laissé
2191 7767 58 26 M%

1232 7803 189 44 membre
1444 7803 119 42 dans
1587 7805 48 41 la
1660 7802 204 43 tranchée
1884 7813 102 34 sont
2012 7807 172 52 quittes,
2210 7811 40 49 je

1232 7868 144 46 pense,
1397 7875 105 30 avec
1521 7863 48 41 la
1591 7862 249 54 discipline.
1865 7863 52 42 Si
1942 7879 55 26 on
2023 7875 101 32 veut
2147 7880 105 27 sans

1233 7920 145 43 raison
1411 7921 68 44 les
1512 7921 236 43 maintenir
1777 7921 118 45 dans
1922 7922 81 43 des
2032 7925 217 53 hôpitaux

1233 7993 55 26 ou
1310 7980 81 42 des
1415 7981 172 54 dépôts,
1612 7995 81 40 que
1719 7980 155 42 diable
1895 7984 17 38 !
1939 7997 56 26 on
2019 7990 107 48 peut
2151 7983 99 44 bien

1231 8036 96 44 leur
1353 8038 172 45 donner
1551 8040 49 43 la
1624 8040 262 55 permission
1909 8040 60 41 de
1995 8041 158 43 minuit
2175 8046 19 37 !

1849 8113 142 40 Albert
2021 8115 186 40 Savarus

2328 1676 49 164 "
2377 1676 99 164 LE
2512 1696 156 148 NOM
2712 1700 88 144 DU
2844 1700 318 144 MONSIEUR
3162 1700 70 144 "
3232 1700 72 144 !

2427 1947 171 43 Pauvre
2622 1962 252 30 manœnvre
2904 1964 36 35 ,»,
2964 1948 147 56 répète
3135 1949 194 43 Daudet.

2315 2006 190 42 N'est-ce
2531 2022 82 39 pas
2642 2023 48 27 sa
2713 2008 185 55 réponse
2920 2008 77 57 qui
3021 2015 69 35 est
3116 2009 214 42 vraiment

2314 2065 43 41 in
2364 2064 183 55 digente
2571 2071 16 35 ?

2372 2141 22 23 «
2424 2125 38 41 Il
2487 2139 54 27 en
2567 2132 68 35 est
2660 2127 57 41 de
2740 2125 149 50 même,
2910 2125 176 59 écrit-il,
3113 2129 58 41 die
3193 2125 138 45 l'insi-

2311 2184 188 42 nuation
2538 2184 173 55 d'après
2748 2185 204 56 laquelle,
2987 2186 179 42 suivant
3201 2187 131 53 Téry,

2310 2257 113 28 nous
2450 2243 168 45 serions
2649 2244 340 43 subventionnés
3013 2259 84 41 pair
3123 2246 80 45 des
3229 2260 102 27 con-

2312 2309 194 36 currents
2532 2302 78 42 des
2631 2304 169 54 Mâggi.
2821 2303 74 50 Ici,
2911 2306 110 39 c'est
3039 2304 104 43 bien
3160 2305 169 54 simple.

2310 2361 51 55 Je
2389 2361 94 56 prie
2515 2362 117 54 Téry
2664 2363 249 42 d'affirmer
2943 2377 104 29 sans
3076 2364 126 42 nulle
3227 2364 101 42 réti-

2314 2435 139 35 cence,
2485 2427 57 49 et,
2581 2423 152 53 quand
2764 2422 32 41 il
2827 2437 108 27 aura
2970 2422 186 50 affirmé,
3217 2423 46 54 je
3291 2424 42 41 le

2309 2479 317 52 contraindrai,
2647 2495 85 41 par
2749 2487 144 41 toutes
2918 2481 120 43 voies
3063 2483 55 41 de
3145 2481 131 50 droit,
3303 2482 25 41 à

2315 2546 210 48 apporter
2556 2540 165 42 devant
2755 2541 66 45 les'
2845 2540 240 42 tribunaux
3115 2541 65 42 les
3206 2555 127 41 preu-

2310 2613 73 26 ves
2409 2599 58 40 de
2491 2613 51 27 sa
2573 2599 321 42 diffamation;..
2922 2600 123 42 C'est
3071 2615 118 28 assez
3220 2601 108 41 l'ha-

2312 2657 159 42 bitude
2506 2659 77 41 des
2618 2659 214 42 canailles
2869 2660 57 41 de
2952 2674 48 28 se
3031 2660 220 42 défendre
3276 2669 58 33 en

2310 2717 174 54 prêtant
2503 2732 89 26 aux
2612 2723 149 37 autres
2784 2718 92 42 leur
2893 2718 270 43 canaillerie.
3192 2736 22 22 »
3242 2741 9 11 -

2368 2776 163 53 Quelle
2556 2777 254 42 admirable
2854 2776 304 44 inconscience
3184 2778 10 41 !
3257 2779 73 42 Ou

2312 2836 99 53 quel
2438 2835 199 53 cynisme
2666 2837 7 40 !
2703 2836 135 42 Voilà
2863 2851 58 28 uqi
2945 2852 57 27 an
3024 2852 86 41 que
3131 2836 200 44 VAction

2308 2894 224 54 française
2590 2896 249 54 représente
2900 2896 204 44 l'Œuvre
3162 2912 171 28 comme

2310 2952 172 44 vendue
2503 2969 88 27 aux
2613 2953 158 56 Maggi
2788 2961 47 36 et
2853 2955 26 42 à
2898 2955 257 46 Guillaume
3171 2984 61 5 —
3245 2957 58 41 oh
3319 2958 9 40 !

2308 3014 97 40 cela
2432 3028 101 27 sans
2565 3013 43 42 la
2636 3015 203 41 moindre
2864 3014 273 43 insinuation
3169 3018 7 38 !
3203 3042 58 7 —
3287 3023 44 35 et

2307 3072 89 42 elle
2415 3087 57 27 ne
2496 3079 102 35 veut
2620 3073 138 42 même
2779 3088 82 40 pas
2882 3088 111 30 nous
3016 3081 233 48 permettre
3276 3077 57 41 de

2310 3132 62 42 lui
2392 3132 221 53 répondre
2639 3148 9 26 :
2673 3149 22 23 «
2723 3134 86 42 Pas
2830 3134 90 41 mal
2944 3141 56 41 ,et
3019 3149 110 27 vous
3154 3140 61 35 ?»

2369 3191 105 43 Elle
2500 3205 57 28 ne
2584 3198 102 35 veut
2711 3207 82 40 pas
2820 3206 134 28 nous,
2989 3200 233 48 permettre
3276 3196 57 41 de

2307 3265 115 28 nous
2445 3250 254 56 apercevoi.r
2751 3266 84 41 que
2892 3252 42 41 le
2976 3252 227 53 .Syndicat
3251 3254 81 41 dcs

2309 3310 199 41 crémiers
2537 3316 48 36 et
2611 3310 74 42 les
3152 3313 180 54 mènent

2307 3375 277 37 exactement
2624 3369 46 41 la
2707 3369 141 48 même
2883 3384 251 42 campagne
3170 3373 163 55 qu'elle

2306 3435 44 35 et
2373 3430 26 40 à
2421 3430 44 40 la
2488 3428 136 43 même
2646 3429 145 57 heure,
2814 3443 104 29 avec
2938 3429 64 43 les
3023 3431 163 42 mêmes
3207 3431 125 43 boni-

2305 3495 143 35 ments
2478 3489 10 41 !
2651 3523 10 4 ..
2813 3490 14 54 \

2366 3548 86 55 N'y
2484 3547 118 45 a-t-il
2636 3548 45 42 là
2710 3548 158 56 qu'une
2896 3550 285 42 coïncidence
3207 3557 125 37 toute

2308 3622 106 40 pure
2442 3611 15 36 ?
2486 3607 84 49 Ou,
2601 3623 114 39 pour
2738 3607 234 56 expliquer
2994 3615 115 36 cette
3138 3610 193 43 alliance

2304 3682 61 31 un
2404 3682 84 40 peu
2525 3667 236 55 imprévue,
2796 3683 112 28 nous
2950 3669 261 42 faudra-t-il
3248 3671 82 41 ad-

2307 3732 156 38 mettre
2491 3741 85 40 que
2605 3728 232 45 messieurs
2864 3727 63 42 les
2984 3728 182 50 laitiers,
3221 3729 110 42 lors-

2306 3786 128 55 qu'ils
2459 3791 177 49 partent
2656 3801 58 27 en
2734 3800 156 40 guerre
2909 3794 152 35 contre
3085 3787 44 42 le
3151 3803 180 27 concur-

2304 3852 96 35 rent
2429 3846 172 54 Maggi,
2625 3852 102 36 sont
2753 3845 284 57 uniquement
3066 3847 265 56 préoccupés

2309 3905 58 43 de
2394 3906 161 42 rendre
2581 3920 55 27 au
2669 3906 86 41 duc
2784 3905 240 47 d'Orléans
3050 3906 42 42 le
3121 3906 128 44 trône
3276 3907 56 42 de

2304 3979 70 28 ses
2402 3965 153 41 oncles
2583 3969 17 37 ?

2365 4023 71 44 De
2461 4030 97 36 tout
2581 4024 97 42 cela
2707 4050 59 7 —
2790 4024 77 56 qui
2892 4026 71 42 n'a
2995 4024 229 47 d'ailleurs
3255 4041 76 28 au-

2306 4098 99 27 cun,
2414 4091 186 47 rapport
2627 4098 105 28 avec
2757 4082 47 43 la.
2828 4083 219 56 question,
3072 4112 58 7 —
3158 4085 32 41 il
3215 4092 116 35 reste

2304 4157 87 40 que
2412 4142 58 41 M.
2490 4142 186 43 Daudet
2693 4158 27 27 a
2743 4142 46 43 la
2810 4159 161 41 preuve
2996 4145 56 41 de
3071 4144 47 42 la
3137 4145 193 47 vénalité

2308 4203 58 41 de
2392 4202 214 42 I'OEî.,vre
2622 4217 19 35 ;
2668 4202 39 42 il-
2733 4202 57 42 l'a
2820 4203 114 42 dans
2967 4218 86 28 une
3081 4204 251 55 enveloppe

2306 4260 104 57 qu'il
2446 4261 143 54 garde
2618 4261 26 42 à
2673 4276 71 28 ma
2777 4260 270 57 disposition
3082 4263 159 55 depuds
3269 4279 64 27 un;

2307 4335 58 28 an
2400 4321 114 42 dans
2539 4321 76 54 Jes
2649 4321 109 44 bure
2762 4336 33 39 a,
2817 4338 31 36 £
2881 4322 57 42 de
2958 4320 41 45 l'
3004 4322 165 42 Action
3203 4323 128 50 fran-

2306 4380 125 55 çaise,
2451 4385 46 36 et
2518 4376 32 46 il
2571 4395 55 27 ne
2645 4380 113 42 tient
2777 4396 58 39 qu
2851 4396 26 26 a
2896 4381 90 42 ftioi
3006 4381 161 43 d'aller
3188 4382 47 41 la
3255 4382 74 43 de-

2305 4440 186 42 mander
2510 4439 27 41 à
2552 4454 83 28 son
2655 4454 231 40 concierge
2906 4455 114 40 pour
3037 4440 90 42 être
3144 4440 187 43 inconti-

2303 4506 108 35 nent
2473 4499 244 42 convaincu
2755 4500 56 41 de
2841 4515 110 26 m'en
2978 4499 199 43 infamie.
3243 4502 90 42 Car

2306 4564 114 37 cette
2471 4558 253 56 enveloppe,
2770 4558 199 45 contient
3020 4575 23 25 «
3072 4559 42 43 le
3135 4574 108 29 nom'
3270 4561 65 43 dui

2306 4618 223 43 monsieur
2554 4633 34 27 ».
3095 4651 6 16 ;

2365 4678 115 53 Quel
2508 4695 21 23 «
2554 4677 222 45 monsieur
2803 4695 21 24 »
2852 4682 19 38 ?
2966 4679 20 36 •"

2365 4737 118 43 C'est
2549 4737 286 56 précisément
2866 4753 50 28 ce
2946 4754 85 40 que
3060 4738 187 45 Daudet
3276 4755 58 29 ne

2306 4803 103 36 veut
2435 4812 79 39 pas
2537 4812 114 28 nous
2704 4797 104 43 dire.
2867 4794 62 48 Et
2951 4814 60 27 on
3037 4814 48 27 se
3110 4801 224 42 demande

2304 4872 56 28 en
2390 4856 136 43 vérité
2548 4872 52 27 ce
2623 4856 76 57 qui
2727 4865 111 48 peut
2861 4858 102 43 bien
2991 4859 43 41 le
3058 4858 135 55 gêner
3218 4860 115 42 dans

2303 4922 116 37 cette
2441 4916 246 43 révélation
2715 4917 350 44 sensationnelle
3086 4935 9 34 ;
3124 4918 118 43 aiïa's
3271 4919 61 43 vi-

2307 4976 245 48 siblement,
2588 4975 32 43 il
2656 4991 26 27 a
2718 4977 118 43 aussi
2866 4992 109 40 peur
3004 4978 60 43 de
3092 4993 84 29 son
3203 4994 129 28 enve-

2307 5035 139 56 loppe
2465 5050 85 42 que
2571 5036 61 42 du
2656 5037 151 55 procès
2833 5037 171 55 Maggi.

2363 5095 74 43 Ali
2467 5096 9 41 !
2500 5108 172 29 comme
2691 5095 34 42 il
2746 5103 68 35 est
2838 5097 173 50 timide,
3030 5097 303 56 aujourd'hui,

2302 5160 45 37 et
2372 5151 114 61 qu'il
2510 5170 113 27 nous
2650 5155 168 44 semble
2841 5155 247 56 pitoyable,
3115 5171 50 29 ce
3192 5165 140 37 mata-

2306 5230 121 27 more
2462 5213 77 58 qui
2571 5229 58 28 en
2666 5221 145 50 temps
2846 5216 57 42 de
2934 5215 111 57 paix
3082 5215 147 56 jouait
3269 5219 63 42 les

2309 5274 185 42 foudres
2529 5273 57 45 de
2622 5289 156 41 guerre
2805 5275 12 42 !
2852 5274 119 43 C'est
2999 5290 60 28 en
3093 5276 105 43 vain
3235 5292 95 40 que,

2307 5348 112 41 pour
2444 5349 71 27 me
2537 5334 195 42 terrifier
2752 5349 106 30 sans
2884 5334 149 51 doute,
3058 5336 181 42 roulant
3269 5337 65 41 les

2305 5407 32 34 r,
2363 5392 64 43 les
2451 5408 117 38 yeux
2588 5399 45 37 et
2660 5409 80 28 son
2768 5393 169 42 double
2962 5394 179 49 muscle,
3168 5394 34 42 il
3229 5394 103 42 évo-

2307 5466 84 40 que
2420 5452 64 42 les
2515 5452 228 43 souvenirs
2781 5453 58 41 de
2868 5467 68 27 ses
2972 5451 232 56 héroïques
3235 5469 98 28 ren-

2303 5517 174 35 contres
2493 5525 59 28 en
2569 5511 162 55 champ
2750 5511 104 42 clos.
2876 5511 90 43 Car
2984 5512 59 42 M.
3062 5512 127 42 Léon
3208 5512 123 43 Dau-

2310 5568 75 43 det
2414 5584 46 29 se
2484 5569 167 42 battait
2676 5570 229 55 beaucoup
2934 5576 136 36 avant
3096 5571 47 42 la
3167 5586 165 40 guerre.

2365 5627 196 55 Qu'elles
2597 5635 105 37 sont
2733 5629 224 57 comiques
2990 5629 27 42 à
3048 5637 115 37 cette
3199 5631 132 45 heure

2310 5687 63 43 les
2403 5688 216 55 grimaces
2657 5688 301 45 fanfaronnes
2993 5689 58 44 de
3082 5705 50 28 ce
3163 5706 171 41 p'auvre

2310 5748 210 43 Tartarin
2561 5748 205 56 dégonflé
2793 5748 10 43 !

2364 5813 174 50 Allons,
2561 5813 196 52 Daudet,
2780 5813 47 55 je
2843 5828 58 30 ne
2927 5829 110 28 vous
3057 5817 202 43 enverrai
3283 5818 47 42 ni

2305 5872 202 50 témoins,
2536 5873 49 42 ni
2618 5887 152 29 recors.
2810 5873 127 43 Vous
2965 5880 167 40 traîner
3164 5877 168 42 devant

2307 5932 65 46 les
2400 5931 242 44 tribunaux
2670 5939 18 36 ?
2717 5933 54 55 Je
2800 5933 96 44 vois
2921 5940 104 49 trop
3058 5949 84 42 par
3168 5936 163 54 l'expé-

2303 5992 144 44 rience
2478 5992 201 54 présente
2710 5992 201 44 combien,
2944 6008 109 29 vous
3083 5995 194 41 excellez
3307 5995 26 43 à

2310 6051 116 44 faire
2457 6053 131 41 durer
2624 6052 63 43 les
2721 6052 152 55 procès
2913 6053 268 54 dangereux.
3216 6054 116 50 Non,

2303 6127 113 27 nous
2450 6126 179 28 userons
2663 6112 137 42 d'une
2834 6112 245 55 procédure
3113 6113 107 55 plus
3255 6129 75 27 ex-

2307 6171 201 54 péditive
2544 6185 10 28 :
2587 6185 46 39 je
2685 6186 110 27 vous
2848 6170 194 44 autorise
3099 6172 28 42 à
3182 6172 150 43 ou!vrir

2310 6230 278 55 l'enveloppe
2630 6230 75 54 qui
2746 6229 97 43 doit
2885 6245 71 27 me
2986 6229 265 56 Toudroyer,
3286 6236 46 38 et

2307 6304 108 30 vous
2444 6289 117 42 allez
2603 6288 178 44 demain
2813 6287 143 44 matin
2991 6305 57 27 en
3078 6290 178 55 publier
3289 6291 42 41 le

2304 6356 200 35 contenu.
2535 6349 105 42 Une
2667 6348 93 45 fois
2788 6349 56 41 de
2868 6348 114 55 plus,
3006 6375 59 7 —
3087 6353 113 37 cette
3226 6348 102 51 fois,

2304 6410 109 41 c'est
2443 6407 101 43 bien
2582 6408 46 41 la
2663 6406 209 50 dernière,
2907 6434 58 6 —
2995 6407 46 55 je
3072 6421 109 28 vous
3216 6415 112 36 mets

2306 6466 335 57 publiquement
2666 6482 55 29 au
2752 6466 85 43 défi
2862 6466 271 55 d'imprimer
3153 6481 55 27 en
3232 6473 96 37 tou-

2304 6534 66 35 tes
2391 6527 150 42 lettres
2562 6527 41 41 le
2625 6543 20 23 «
2665 6541 105 27 niOm
2790 6526 60 41 du
2866 6524 226 44 monsieur
3110 6542 95 33 »,—
3221 6541 109 28 vous

2307 6601 126 28 savez
2459 6586 114 49 bien,
2595 6601 49 26 ce
2667 6585 45 54 je
2733 6600 55 28 ne
2811 6584 87 42 sais
2921 6584 75 56 qui
3018 6600 85 40 que
3128 6599 109 32 vous
3259 6601 70 28 ac-

2305 6660 125 28 cusez
2458 6646 57 41 de
2539 6644 48 55 je
2605 6660 56 26 ne
2681 6644 94 45 sais
2799 6643 137 55 quoi...
3076 6673 9 6 -

2364 6710 152 47 Sinon,
2548 6708 46 55 je
2619 6724 108 26 vous
2755 6708 213 55 préviens,
2997 6722 114 40 pour
3132 6724 57 27 en
3218 6710 110 52 finir,

2305 6784 87 40 que
2412 6769 44 54 je
2479 6784 57 27 ne
2557 6769 112 42 tiens
2695 6783 144 26 aucun
2863 6767 95 42 rôle
2983 6769 116 42 dans
3118 6768 65 42 les
3204 6770 125 53 Mys-

2306 6829 112 41 tères
2445 6828 57 42 de
2526 6826 254 44 New-York
2805 6832 46 38 et
2874 6825 46 55 je
2941 6841 107 29 vous
3070 6828 178 43 renvoie
3272 6844 55 28 au

2305 6887 181 43 cinéma.

2366 6952 76 43 En
2469 6966 48 28 ce
2550 6956 208 45 .moment,
2795 6950 32 44 il
2864 6949 74 57 n'y
2967 6958 29 35 a
3031 6950 105 56 plus
3166 6967 86 42 que
3284 6955 44 41 là

2307 7012 130 54 qu'on
2461 7010 149 44 utilise
2636 7011 63 41 les
2727 7010 144 56 pitres.

2805 7092 269 48 Gustave
3105 7092 163 55 Téry

2352 7242 112 84 LE
2514 7240 512 88 PORTUGAL

2582 7364 112 86 ET
2740 7362 110 86 LA
2896 7362 374 90 GUERRE

2357 7528 64 41 On
2449 7528 81 45 faiL
2550 7541 87 40 peu
2662 7527 261 44 d'attention
2945 7541 90 31 aux
3060 7531 179 46 affaires
3265 7531 60 46 du

2303 7579 228 52 Portugal.

2361 7639 84 46 Qui
2479 7641 119 41 donc
2631 7651 25 30 a
2691 7641 218 42 conservé
2941 7643 39 41 le
3015 7643 216 42 souvenir
3266 7647 57 40 d'il

2304 7696 292 38 mouvement
2622 7693 381 44 révolutionnaire
3028 7697 58 40 du
3114 7698 47 38 14,
3185 7699 92 40 mai
3305 7701 19 39 ?

2312 7774 7 19 ;
2357 7748 206 44 Pendant
2592 7761 87 36 que
2717 7751 210 48 l'Europe
2959 7755 68 38 est
3060 7765 57 29 en
3154 7755 88 47 feu,
3285 7758 43 39 le

2305 7800 214 50 Portugal
2563 7807 69 37 est.
2674 7803 134 39 sinon
2848 7801 170 53 ignoré,
3068 7808 60 39 du
3175 7809 148 40 moins

2304 7852 180 51 négligé
2510 7866 81 38 par
2619 7854 231 50 ropinLOn.

2359 7905 117 41 C'est
2497 7918 91 30 un-e
2610 7906 227 50 injustic-e.

2357 7962 169 42 Tandis
2557 7972 90 42 que
2680 7963 195 40 d'autres
2911 7969 199 46 peuples,
3148 7981 178 31 comme

2306 8014 43 40 lia
2371 8015 139 40 Grèce
2533 8018 44 39 et
2599 8017 41 39 la
2667 8016 265 44 Thoomanie,
2964 8029 58 31 ne
3045 8023 171 37 sortent
3243 8034 81 35 pas

2305 8068 55 47 de
2415 8068 122 39 leurs
2585 8067 394 50 te.rgdversations,
3024 8073 39 39 le
3110 8074 210 47 -Portugal

2307 8119 131 43 brûle
2462 8120 201 42 d'entrer
2681 8120 116 42 dans
2819 8121 44 42 la
2887 8131 183 42 guerre..

3439 1690 116 45 Sans
3585 1692 134 46 doute
3747 1695 253 51 pourrait-il
4027 1696 94 40 s'en
4149 1694 252 51 dispenser.

3390 1746 115 41 Mais
3533 1757 90 33 une
3652 1748 248 42 invincible
3925 1747 259 52 sympathie
4214 1757 115 42 pour
4360 1748 43 38 la

3386 1808 135 32 cause
3543 1801 81 40 des
3646 1801 139 41 Alliés
3811 1803 250 39 l'entraîne.

3445 1852 205 50 Naguère
3675 1855 31 38 àl
3736 1855 112 43 s'est
3874 1864 57 32 en
3963 1855 197 48 quelque
4184 1855 121 40 sorte
4331 1852 72 42 dé-

3386 1905 170 49 pouillé
3584 1908 53 38 de
3668 1916 82 30 son
3781 1906 213 50 outillage
4029 1907 223 49 militaire,
4291 1908 113 40 dans

3388 1959 63 39 les
3475 1958 126 49 jours
3624 1959 220 49 difficiles,
3874 1971 55 29 en
3954 1961 157 39 faveur
4131 1961 77 39 des
4228 1960 143 41 Alliés
4396 1971 9 36 ;

3388 2009 29 40 i-l
3449 2011 97 39 leur
3573 2025 27 29 a
3623 2013 171 47 envoyé
3819 2014 45 39 et
3891 2022 72 35 ses
3991 2013 132 40 fusils
4152 2015 43 39 et
4217 2023 74 30 ses
4314 2013 92 40 bat-

3387 2062 134 41 teries
3550 2063 271 42 d'artillerie.

3438 2115 36 40 Il
3508 2116 118 40 aime
3658 2118 43 39 la
3728 2118 171 40 France
3934 2118 321 50 républicaine,
4292 2118 31 40 il
4358 2128 49 30 se

3387 2170 100 41 sent
3514 2169 210 42 solidaire
3750 2170 53 41 de
3832 2171 294 49 l'Angleterre
4154 2171 185 39 libérale
4365 2172 43 39 et

3386 2231 57 29 ne
3474 2233 49 31 se
3556 2223 113 39 croit
3693 2233 81 41 pas
3806 2224 141 49 quitte
3971 2223 203 40 vis-à-vis
4203 2224 56 41 dei
4288 2224 119 39 l'une

3386 2275 46 43 et
3459 2275 55 40 de
3544 2275 156 40 l'autre
3726 2285 82 40 par
3834 2287 50 29 sa
3915 2276 109 41 lutte
4054 2275 222 42 coloniale
4302 2285 106 32 con-

3388 2327 64 40 tre
3486 2328 67 43 les
3580 2329 265 40 Allemands
3875 2329 117 40 dans
4025 2326 224 52 l'Angola.

3440 2381 38 39 A
3511 2381 168 42 l'heure
3707 2381 221 51 présente,
3966 2382 31 39 il
4028 2382 166 41 entend
4227 2389 181 41 rompre

3385 2430 459 53 diplomatiquement
3884 2445 106 29 avec
4033 2435 40 39 le
4111 2433 161 48 kaiser,
4314 2433 93 39 offi-

3388 2485 259 41 ciellement
3670 2487 263 49 représenté
3960 2487 25 38 à
4016 2486 240 49 Lisbonne,
4288 2486 44 40 et
4358 2495 49 30 se

3387 2538 112 49 jeter
3523 2538 26 40 à
3571 2548 131 41 corps
3728 2541 143 48 perdu
3899 2540 112 42 dans
4038 2541 41 37 la
4104 2539 157 40 mêlée.

3442 2592 118 40 C'est
3593 2592 40 39 là
3663 2600 93 33 'une
3797 2592 134 40 noble
3969 2592 205 40 attitude.
4215 2592 63 40 La
4310 2602 98 40 pro-

3388 2646 207 49 pagande
3619 2646 256 40 allemande
3899 2655 56 29 ne
3983 2646 112 39 rend
4122 2654 80 40 pas
4226 2645 113 39 dans
4369 2645 42 38 la

3388 2697 135 49 petite
3561 2699 46 39 et
3644 2697 229 48 vaillante,
3926 2697 270 51 république
4258 2697 150 49 portu-

3388 2751 123 49 gaise
3541 2752 45 39 et
3612 2751 41 40 le
3686 2755 191 39 courant
3904 2761 58 30 en
3997 2751 127 42 notre
4153 2752 157 39 faveur
4338 2751 71 39 de-

3385 2802 127 41 vient
3539 2804 176 49 chaque
3741 2804 102 48 jour
3874 2805 103 49 plus
4010 2804 191 41 intense.

3442 2856 120 43 C'est
3584 2867 29 28 à
3640 2858 44 39 la
3707 2856 193 40 lumière
3926 2857 53 39 de
4005 2866 76 30 ces
4106 2855 158 40 brèves
4293 2853 113 41 indi-

3388 2909 175 40 cations
3597 2909 104 49 qu'il
3741 2910 163 39 faudra
3938 2908 236 42 examiner
4211 2910 44 38 la
4287 2908 118 40 solu-

3392 2961 88 41 tion
3516 2961 246 50 proc.haiine
3791 2962 55 41 de
3873 2963 42 39 la
3949 2961 115 42 crise
4093 2960 310 41 ministérielle

3394 3014 274 51 portugaise.

4055 3065 32 37 A
4091 3065 64 35 bel
4182 3064 183 37 Servien.

3390 3166 378 152 Comment
3812 3166 108 132 les
3966 3162 440 156 Allemands

3476 3348 324 120 estiment
3844 3348 198 106 leurs
4088 3362 230 92 succès

3444 3538 62 40 La
3539 3539 131 49 façon
3703 3540 111 40 dont
3843 3540 40 40 le
3908 3539 154 40 Grand
4095 3536 206 50 Quartier
4331 3535 79 41 Gé-

3387 3591 128 41 néral
3539 3593 227 40 allemand
3792 3593 88 40 clôt
3905 3594 41 38 la
3969 3601 257 41 campagne
4252 3590 156 41 contre

3393 3644 64 39 les
3487 3644 165 40 Serbes
3685 3644 159 40 mérite
3881 3644 264 41 l'attention.

3444 3696 141 50 Voici,
3614 3708 59 31 en
3700 3697 256 49 substance,
3992 3708 49 29 ce
4070 3696 107 51 qu'il
4205 3695 66 42 dit
4294 3696 115 40 dans

3394 3760 81 30 son
3499 3751 193 40 bu'lle.tm
3716 3752 59 39 du
3797 3753 51 38 28
3871 3753 244 40 novembre
4147 3763 8 28 :

3449 3803 135 40 Avec'
3608 3803 41 39 la
3689 3802 110 42 fuite
3838 3804 79 40 des
3951 3803 197 49 maigres
4183 3803 140 41 restes
4359 3805 53 39 de

3394 3855 185 41 l'armée'
3602 3856 134 41 serbe'
3761 3857 113 39 dans
3905 3857 64 40 les
3996 3858 269 48 montagnes
4293 3856 118 39 alba-

3394 3909 163 49 naises,
3606 3909 65 40 les
3715 3910 198 50 grandes
3958 3910 258 50 opérations
4253 3910 155 40 contre

3395 3962 113 39 cette
3533 3962 151 40 armée
3713 3964 103 38 sont
3841 3963 256 40 terminées.
4124 3963 116 40 Leur
4264 3962 83 40 but
4372 3961 41 39 le

3395 4015 103 49 plus
3538 4015 179 49 proche,
3760 4015 89 40 soit
3879 4016 271 40 l'ouverture
4182 4016 54 45 de
4273 4015 138 40 libres

3393 4068 412 40 communications
3854 4079 109 30 avec
4012 4069 44 40 la
4103 4068 211 50 Bulgarie
4368 4068 42 39 et

3389 4120 210 52 l'empire
3634 4116 110 55 iiure,
3785 4122 71 40 est
3886 4121 171 42 atteint.
4097 4122 84 43 Les
4221 4122 183 49 troupes

3393 4173 156 42 alliées
3571 4175 79 38 ont
3670 4175 222 49 accompli
3915 4185 106 30 avec
4043 4174 191 51 rapidité
4251 4176 46 42 et
4313 4173 98 50 pré-

3391 4224 143 41 cision
3558 4226 44 40 la
3623 4226 126 40 vaste
3775 4227 250 50 entreprise
4050 4227 60 39 du
4133 4237 192 40 passage
4348 4225 60 39 du

3392 4279 190 40 Danube
3620 4291 10 36 ;
3664 4281 108 38 elles
3807 4284 79 39 ont
3921 4280 121 40 brisé
4081 4281 44 39 la
4163 4281 248 40 résistance

3390 4332 236 48 acharnée,
3635 4334 45 42 et
3688 4333 242 45 .favorisée,
3947 4344 80 39 par
4051 4335 37 39 le
4114 4332 297 51 terraiu^'Un.

3392 4384 257 41 adversaire
3671 4384 184 42 habitué
3879 4397 26 28 à
3930 4387 42 38 la
3997 4395 161 40 guerre
4180 4387 43 40 et
4247 4397 47 30 se
4318 4385 92 41 bat-

3395 4438 98 40 tant
3525 4438 289 42 bravement.-
3839 4439 53 39 Ni
3921 4440 67 40 les
4016 4438 211 42 chemins
4259 4437 153 42 déf&n-

3394 4490 86 50 cés,
3514 4490 48 40 ni
3596 4491 64 41 les
3691 4492 270 49 montagnes
3995 4502 106 30 sans
4128 4491 208 41 chemins
4368 4492 46 41 et

3395 4542 234 42 couvertes
3670 4545 134 39 d'une
3839 4545 131 49 neige
4009 4545 232 50 profonde,
4286 4549 49 40 ni
4373 4546 39 39 le

3393 4606 199 41 manque
3613 4597 549 51 d'approvisionnements
4183 4602 43 39 et
4241 4596 170 44 d'abris

3396 4659 56 29 ne
3480 4651 168 49 purent
3673 4650 242 51 empêcher
3945 4652 100 40 leur
4075 4660 181 31 avance.
4285 4650 128 40 Pres-

3394 4710 87 42 que
3508 4703 46 39 la
3582 4703 153 42 moitié
3770 4705 53 41 dé
3852 4702 181 42 l'armée
4065 4704 131 40 serbe
4224 4705 71 38 est
4317 4703 95 49 pri-

3394 4756 227 40 sonnière.
3644 4757 81 40 Les
3750 4758 149 49 pertes
3920 4756 278 42 allemandes
4218 4758 197 49 peuvent

3392 4809 93 42 être
3507 4809 233 50 qualifiées
3763 4811 53 40 de
3842 4810 88 41 très
3956 4809 248 42 modérées.
4229 4809 125 41 Etc...

3445 4861 52 41 Je
3520 4873 60 31 ne,
3597 4863 259 41 cihican'eaai
3877 4862 285 49 l'état-rniljo'l'
4162 4862 252 49 a;Ue;l11all!ct

3391 4913 47 41 ni
3475 4927 55 32 au
3565 4916 121 49 sujet
3713 4917 81 41 des
3833 4915 282 53 pris-ooiniers
4156 4915 108 51 qu'il
4304 4916 102 40 s'at-

3394 4967 161 49 tribue,
3595 4973 46 40 ni
3671 4979 80 31 sur
3780 4970 42 40 la
3850 4969 247 52 prétendue
4129 4969 194 50 légèreté
4355 4970 59 40 dre

3395 5030 71 31 ses
3515 5021 164 49 pertes.
3732 5021 82 42 Les
3871 5021 301 49 états-majors
4226 5020 180 49 boches,

3396 5083 179 32 comme
3593 5075 178 41 chacun
3798 5073 97 52 sait,
3921 5076 100 41 font
4040 5077 90 41 bon
4154 5076 184 42 marché
4358 5075 55 42 de

3395 5127 43 41 la
3470 5127 188 40 matière
3685 5127 231 41 humaine.-

3445 5179 52 40 Je
3525 5179 57 40 ne
3609 5179 95 41 suis
3730 5190 81 38 pas
3836 5183 184 46 suspect
4047 5182 53 41 de
4128 5181 112 42 faire
4266 5180 145 52 partie

3394 5230 54 42 de
3469 5232 198 43 certaine
3689 5233 166 41 société
3880 5235 415 51 d'administration
4316 5246 96 30 mu-

3394 5284 139 42 tuelle
3560 5294 116 41 pour
3707 5286 195 50 laquelle
3934 5288 39 40 le
4001 5287 281 51 patriotisme
4310 5297 102 32 con-

3396 5336 112 44 siste'
3523 5337 27 40 à
3571 5338 203 41 déclarer
3798 5340 207 49 toujours
4028 5342 42 39 et
4089 5342 155 49 quand
4265 5341 148 41 même

3392 5399 90 41 que
3508 5391 99 41 tout
3634 5393 72 39 est
3734 5391 116 42 bien.
3879 5393 82 40 J'ai
3995 5394 65 40 d-it
4089 5395 57 40 ici
4178 5405 50 29 ce
4256 5404 88 40 que
4370 5393 41 49 je

3394 5442 182 50 pensais
3610 5444 54 41 de
3699 5445 43 40 la
3768 5445 213 42 faiblesse
4011 5449 77 38 des
4120 5447 293 50 conceptions

3394 5496 78 41 des
3500 5497 140 41 Alliés
3664 5498 118 43 dans
3804 5500 112 41 cette
3940 5500 153 42 affaire
4119 5499 288 51 balkanique.

3386 5548 121 41 Mais
3541 5550 43 49 je
3622 5551 312 52 m'appartiens
3978 5564 80 38 pas
4102 5563 92 30 non
4236 5554 103 50 plus
4380 5552 28 40 à

3389 5603 116 40 cette
3555 5604 133 40 -autre
3733 5605 171 43 ,Sooiété
3961 5605 316 40 d'admiJ'ati,on
4331 5604 80 48 qui

3392 5650 207 48 s'extasie
3627 5667 81 30 sur
3738 5658 99 40 tout
3867 5667 50 29 ce
3946 5667 89 41 que
4065 5658 100 42 font
4196 5657 64 42 les
4293 5652 116 48 Alle-

3394 5708 176 50 mands,
3600 5713 42 38 et
3670 5710 155 49 clame,
3859 5710 27 40 à
3907 5710 177 41 chacun
4110 5712 54 39 de
4190 5710 124 43 leurs
4342 5723 69 30 ac-

3395 5761 78 48 tes,
3503 5762 211 40 combien
3738 5763 56 40 ils
3819 5764 104 39 sont
3949 5763 111 41 forts
4093 5765 9 38 !
4130 5763 72 50 Or,
4230 5765 42 49 je
4297 5774 114 32 vous

3395 5813 41 41 le
3475 5814 234 50 demande,
3747 5815 232 50 qu'ont-ils
4021 5817 116 42 donc
4172 5817 82 42 fait
4286 5818 54 45 de
4373 5820 40 40 si,

3392 5866 91 41 fort
3510 5867 112 40 dans
3652 5868 112 39 cette
3789 5877 252 40 campagne
4069 5869 55 41 de
4150 5870 157 42 Serbie
4335 5872 20 39 ?

3444 5920 59 40 Ils
3544 5930 48 29 se
3628 5922 102 39 sont
3768 5921 169 48 réunis,
3983 5923 103 49 plus
4120 5925 56 41 de
4218 5925 185 48 500.000,

3390 5971 305 52 Autrichiens,
3747 5974 264 42 Allemands
4074 5978 44 39 et
4173 5977 231 50 Bulgares,

3390 6025 155 41 contre
3570 6035 90 31 une
3681 6026 134 51 petite
3837 6029 151 43 armée
4011 6029 78 50 qui
4114 6040 56 30 ne
4193 6029 216 50 comptait

3390 6087 81 39 pas
3497 6077 107 50 plus
3633 6079 53 39 de
3713 6080 177 40 230.000
3914 6083 318 43 combattants.
4262 6083 145 50 Après

3390 6140 91 29 une
3512 6131 290 49 préparation
3832 6133 215 44 militaire
4079 6137 43 39 et
4154 6136 254 48 diplomati-

3388 6193 88 38 que
3513 6182 289 53 minutieu.se,
3837 6188 40 41 -
3877 6188 80 41 si
3993 6198 59 29 on
4086 6190 108 47 peut
4221 6189 187 48 appeler

3385 6235 294 50 préparation
3711 6239 331 50 diplomatique
4078 6241 161 40 l'achat
4274 6242 136 40 d'une

3388 6287 206 42 trahison
3626 6313 54 7 —
3718 6293 131 49 après
3885 6293 128 40 avoir
4048 6294 240 40 accumulé
4328 6295 78 40 des

3386 6350 192 40 moyens
3617 6343 222 49 énormes,
3878 6355 90 30 une
4003 6346 217 39 artillerie
4252 6347 153 40 formi-

3388 6394 144 50 dable,
3560 6394 56 42 ils
3642 6401 80 38 ont
3740 6397 231 50 bénéficié,
3999 6399 133 49 gwàce
4156 6399 27 39 à
4207 6409 84 31 nos
4315 6401 91 39 len-

3387 6446 135 50 leurs,
3552 6449 53 43 de
3631 6449 252 42 l'initiative
3911 6451 79 40 des
4014 6450 276 50 opérations.
4321 6453 82 39 Ces

3389 6499 271 52 opérations,
3696 6502 55 43 ils
3782 6503 64 39 les
3877 6504 80 39 ont
3980 6504 198 41 confiées
4205 6506 26 40 à
4261 6514 64 30 un
4352 6503 52 42 de

3388 6552 121 44 leurs
3540 6554 126 41 chefs
3693 6556 64 39 les
3786 6555 103 49 plus
3919 6556 196 49 réputés.

3440 6606 59 43 Ils
3531 6609 82 39 ont
3649 6606 82 41 fait
3761 6607 99 40 tout
3893 6609 95 39 cela
4026 6620 7 35 ;
4073 6613 46 38 et
4151 6610 254 49 cependant

3385 6657 58 42 ils
3471 6659 127 41 n'ont
3626 6670 81 40 pas
3736 6661 159 41 atteint
3926 6662 39 39 le
3997 6662 82 40 but
4107 6662 209 41 essentiel
4350 6663 53 39 de

3387 6711 43 40 la
3458 6723 175 38 guerre,
3691 6713 42 40 le
3789 6713 96 40 seul
3939 6713 83 41 but
4077 6715 81 50 qui
4210 6715 187 49 compte,

3385 6764 183 50 d'après
3605 6765 99 39 leur
3739 6764 134 50 école,
3922 6765 176 52 d'après
4136 6769 100 37 tous
4281 6768 120 38 leurs

3383 6817 234 50 écrivains,
3648 6818 176 49 d'après
3847 6820 54 39 de
3926 6821 168 39 Moitke
4113 6821 47 39 et
4183 6820 220 40 Bernhar-

3386 6870 59 39 di.
3472 6871 59 39 Ils
3556 6871 126 41 n'ont
3707 6881 81 40 pas
3812 6870 86 41 mis
3927 6873 107 42 hors
4062 6872 55 39 de
4142 6880 136 30 cause
4305 6871 95 38 l'ar-

3386 6922 98 41 mée
3515 6923 198 48 adverse,
3753 6923 55 40 ils
3838 6934 59 31 ne
3925 6924 114 44 l'ont
4072 6923 49 42 ni
4152 6922 243 49 encerclée,

3385 6974 47 40 ni
3461 6973 132 51 prise,
3627 6975 48 39 ni
3702 6976 238 44 anéantie.-

3437 7028 35 39 Il
3513 7028 100 40 leur
3655 7028 127 44 suffit
3816 7039 87 39 que
3945 7025 170 43 celle-ci
4166 7036 50 31 se
4266 7026 133 41 retire

3383 7081 116 40 dans
3521 7080 79 39 des
3624 7081 281 51 montagnes,
3929 7081 59 39 où
4008 7080 176 48 chaque
4205 7082 197 38 sommet

3383 7143 57 29 va
3465 7142 50 30 se
3542 7134 300 40 transformer
3868 7143 58 31 en
3952 7131 218 48 citadelle,
4207 7142 117 40 pour
4352 7143 47 30 se

3381 7185 205 40 déclarer
3616 7185 231 42 satisfaits.

3437 7237 33 40 Il
3501 7242 72 39 est
3602 7237 171 50 inutile,
3810 7233 287 52 ajoutent-ils,
4155 7237 56 39 de
4245 7247 153 40 'pour-

3384 7289 151 42 sui'vre
3561 7301 54 31 en
3640 7292 135 40 force.
3803 7288 224 46 Serait-ce,
4058 7297 176 35 comme
4258 7301 61 29 O'n
4343 7291 56 40 l'a

3385 7342 100 50 déjà
3544 7344 78 48 dit,
3687 7352 85 44 que
3831 7343 63 39 les
3954 7338 165 42 raisins
4157 7346 105 39 sont
4298 7345 98 50 trop

3382 7397 120 41 verts
3528 7396 20 39 ?

3436 7447 136 41 Aussi
3613 7446 116 50 bien,
3774 7446 156 48 quand
3963 7443 42 50 je
4041 7448 207 41 constate
4285 7449 110 42 cette

3383 7500 215 42 faiblesse
3625 7501 112 39 dans
3768 7498 279 49 l'exécution,
4079 7499 113 40 cette
4219 7510 177 42 campa-

3384 7563 86 39 gne
3500 7553 77 47 qui
3599 7564 29 28 a
3651 7550 100 40 l'air
3779 7550 52 38 de
3860 7551 186 38 tourner
4071 7551 139 48 court.,
4240 7555 158 47 quand

3382 7604 41 47 je
3472 7605 97 40 vois
3625 7612 81 30 sur
3759 7600 193 41 d'autres
3982 7602 145 40 fronts
4160 7604 234 50 beaucoup

3380 7657 197 39 d'autres
3618 7653 273 48 entreprises
3926 7653 254 49 également
4211 7658 25 39 à
4274 7659 122 40 demi

3384 7709 154 46 ratées,
3567 7706 92 49 j'en
3685 7705 148 40 arrive
3855 7705 25 39 à
3904 7715 165 40 songer
4090 7708 108 48 qu'il
4222 7721 58 29 ne
4301 7712 93 39 fau-

3383 7761 118 40 drait
3528 7757 220 52 peut-être
3775 7767 80 38 pas
3882 7759 145 47 grand
4054 7759 149 51 chose,
4239 7763 52 40 dû
4318 7773 76 30 no-

3384 7815 63 38 tre
3477 7811 110 46 côté,
3621 7819 114 39 pour
3763 7819 86 39 que
3882 7820 52 36 ça
3959 7811 93 41 rate
4080 7823 161 32 encore
4273 7816 115 47 plus,

3380 7867 46 40 si!
3451 7863 104 39 bien
3587 7861 194 51 qu'enfin
3813 7872 51 28 ca
3894 7872 179 39 craque.

3438 7915 57 42 Ce
3529 7913 194 48 quelque
3750 7914 152 47 chose,
3958 7925 56 30 ne
4064 7917 206 42 serait-ce
4313 7930 77 32 pas

3382 7967 97 39 tout
3507 7960 290 51 simplement
3833 7976 88 30 une
3953 7969 179 41 volonté
4158 7970 174 48 unique
4371 7972 20 39 ?

3382 8018 51 42 Et
3468 8017 112 40 cette
3611 8017 192 48 volonté,
3835 8017 120 42 est-il
3990 8022 117 43 donc
4136 8023 38 40 si
4207 8022 183 43 difficile

3381 8071 56 40 de
3462 8071 43 41 la
3526 8068 111 47 fa-iiie
3661 8069 139 49 jaillir
3828 8071 20 38 ?

3764 8125 260 51 Général
4052 8130 279 50 Verraux

4496 1704 80 144 LA
4612 1688 312 160 RÉPONSE
4960 1704 84 144 DE
5092 1704 84 144 M.
5232 1704 208 144 RIBOT

4519 1953 122 40 Nous
4673 1951 141 42 lisons
4845 1953 111 40 dans
4984 1953 40 39 le
5047 1952 190 42 Journal
5261 1949 177 52 Officiel
5459 1958 20 38 i

4514 2039 104 36 6218.
4650 2059 48 10 —
4720 2039 52 35 M.
4801 2038 167 36 Charles
4998 2039 198 40 Bernard,
5226 2039 159 45 *dépufé,
5415 2039 65 35 de-

4465 2088 148 34 mande
4644 2087 25 35 à
4698 2086 56 36 M.
4781 2086 39 35 le
4843 2085 190 36 ministre
5061 2085 72 36 des
5163 2084 187 37 finances
5376 2087 37 33 .si
5438 2087 41 35 la

4467 2134 191 44 pu,blicité
4692 2134 98 44 faite
4819 2141 75 37 pa/r
4929 2134 40 34 la.
5002 2142 143 36 presse
5174 2142 50 26 en
5259 2133 146 43 faveur
5432 2133 51 35 de

4466 2181 217 44 l'emprunt
4715 2181 49 37 de
4793 2181 41 35 la
4864 2180 165 44 cléfeme
5063 2181 207 35 nationale
5299 2182 63 34 est
5390 2188 91 36 gra-

4466 2229 98 33 tuile
4591 2230 49 40 et,
4671 2228 103 35 dans
4800 2228 35 34 le
4858 2238 69 27 cas
4956 2228 48 35 de
5028 2228 38 34 la
5093 2227 201 44 négative,
5324 2227 155 45 quelles

4465 2275 180 34 seraient
4675 2275 58 36 les
4768 2283 181 28 sommes
4982 2283 77 34 que
5089 2276 35 34 le
5160 2277 322 41 gouvernement

4466 2322 158 44 compte
4662 2321 156 35 allouer
4852 2322 24 35 à.
4915 2322 41 34 IrL
4991 2330 145 37 presse
5174 2322 235 43 parisienne
5442 2323 41 34 et

4463 2367 41 44 1)
4504 2367 68 44 rovi
4572 2367 82 44 ncf.a
4654 2367 71 44 le.
4787 2367 210 44 (Ques'tion
5051 2368 52 35 du
5155 2367 45 36 26
5256 2368 228 37 novembre

4467 2412 663 45 1915)..
5401 2433 15 17 +

4875 2496 190 46 Réponse

4512 2558 58 38 La
4603 2569 155 37 presse,
4794 2561 103 36 dans
4937 2571 75 29 son
5052 2562 220 42 ensemble,
5313 2561 113 45 prête
5457 2560 29 39 3

4467 2606 220 47 Femprunt
4720 2617 76 27 son
4831 2617 197 30 concours
5051 2610 46 39 le
5125 2610 93 44 plus
5254 2609 156 36 dévoué
5445 2613 42 34 et

4466 2653 34 35 le
4523 2655 90 43 plus
4639 2655 201 45 pi'édc'U;r.
4870 2656 145 34 Aucun
5035 2656 73 35 des
5134 2656 164 41 articles
5322 2657 159 43 iruMiés

4467 2708 76 36 pa;'
4571 2701 74 36 elle
4674 2702 60 35 n)a
4734 2702 91 35 :été
4850 2705 37 32 et
4914 2710 51 27 ne
4994 2711 94 28 sera
5113 2702 137 43 l'objet,
5275 2703 124 38 d'une
5425 2704 61 34 ré-

4467 2748 261 35 munération
4772 2750 262 43 quelconqlf.c.
5082 2749 55 36 Le
5181 2750 187 35 ministre
5413 2751 72 35 des

4470 2794 184 44 finances
4681 2804 25 26 a
4727 2796 92 44 déjà
4840 2797 102 36 saisi
4967 2796 218 36 l'occasion
5204 2799 49 33 de
5274 2797 56 35 lui
5354 2798 138 35 adres-

4469 2850 69 26 ser
4569 2850 66 27 ses
4664 2844 334 36 remerciements
5026 2854 14 30 ;
5072 2844 30 35 il
5133 2846 61 33 est
5227 2845 183 35 heureux
5437 2847 50 35 de

4469 2889 59 36 les
4558 2889 55 34 lui
4642 2891 254 36 rertouveleî,.

4486 2985 7 2 ^
4516 2940 134 43 Quant
4680 2942 25 35 à
4734 2941 39 36 la
4805 2943 193 43 publicité
5023 2947 267 39 «proprement
5321 2945 82 36 dite
5434 2947 53 36 de

4468 2985 251 48 Vcmphrunt
4757 2991 199 39 (annûnce
4988 2994 26 35 à
5048 2992 40 34 la
5124 2993 228 40 quatrième
5381 3001 107 34 page

4467 3034 71 38 des
4584 3036 216 43 journaux,
4852 3038 117 35 notes
5024 3041 335 38 communiquées
5410 3050 79 32 par

4468 3081 178 43 l'agence
4685 3086 49 35 etc
4771 3083 193 41 publicité
4995 3084 58 36 dIt
5091 3086 212 38 ministère
5336 3087 72 36 des
5440 3087 67 41 fi-,

4466 3127 168 45 nances)
4667 3128 34 37 le
4734 3129 148 44 budget
4907 3140 51 26 en
4983 3139 95 27 sera
5107 3135 295 34 certainement
5429 3136 56 34 in-

4466 3173 162 46 férieur,
4668 3176 156 44 malgré
4855 3177 285 45 l'importance
5170 3182 319 40 exceptiomieUe

4471 3221 49 34 dp.
4549 3221 231 45 l'emprunt,
4812 3224 25 35 à
4868 3225 104 35 celui
4999 3226 72 40 des
5102 3227 222 37 émissions
5356 3230 136 35 vrécé-

4465 3266 25 36 d
4494 3271 49 32 en
4549 3269 35 35 te
4586 3276 33 29 s,
5120 3280 16 6 -
5356 3265 11 10 '

4525 3351 38 38 A
4585 3350 207 41 combien
4817 3351 199 42 s'élevait
5040 3355 116 41 donc
5178 3357 39 40 le
5242 3354 170 51 budget
5434 3358 58 40 de

4476 3403 219 49 publicité
4725 3406 81 39 des
4852 3404 242 43 émissions
5133 3410 292 47 précédentes
5470 3412 21 38 ?

4475 3455 54 41 Et
4573 3459 232 38 comment
4850 3460 184 48 peut-on
5077 3460 156 40 savoir
5274 3463 219 40 d'avance

4475 3519 99 40 que,
4612 3519 119 40 pour
4769 3511 256 51 l'EmpTn.nt
5058 3514 55 40 de
5148 3516 41 38 la
5221 3514 198 51 victoire,
5459 3519 35 40 il
5526 3518 6 36 :

4475 3571 104 30 sera
4603 3577 17 22 «
4648 3564 330 41 certainement
4997 3566 224 42 inférieur
5248 3582 17 22 »
5297 3569 20 39 ?
5346 3570 147 40 Est-ce

4478 3624 135 40 parce
4641 3625 86 40 que
4754 3616 209 41 l'OEuvre
4990 3628 26 30 a
5042 3619 100 49 déjà
5172 3623 195 39 renoncé
5393 3623 23 39 à
5442 3633 53 31 sa

4474 3669 98 49 part
4604 3669 19 38 ?

4533 3741 17 22 «
4584 3727 148 47 Quant
4771 3728 25 41 à
4835 3730 44 39 la
4927 3729 219 46 publicité
5201 3735 295 44 proprement

4479 3778 139 42 diie...
4646 3795 19 24 »

4524 3847 18 22 «
4570 3833 299 51 Proprement
4894 3837 32 39 »
4926 3837 33 39 ?

4530 3891 64 40 Pie
4600 3893 131 41 tenon
4739 3904 20 29 s
4794 3894 116 41 donc
4944 3906 48 29 ce
5021 3897 199 46 premier
5251 3910 125 35 aveu,
5415 3900 81 48 qui

4475 3954 114 30 vous
4628 3946 142 50 coûte,
4811 3947 342 50 évidemment,.
5177 3952 238 43 monsieur
5450 3956 41 40 le

4476 3995 221 52 ministre,
4745 4000 114 44 mais
4903 4005 76 44 qui
5022 4013 119 32 nous
5172 4006 144 43 coûte,
5365 4008 127 41 selon

4473 4047 121 42 toute
4625 4060 265 40 apparence,
4925 4065 163 31 encore
5123 4058 251 49 davantage
5414 4072 9 28 :
5453 4061 42 40 la

4475 4105 362 49 gouvernement
4867 4107 57 41 cleo
4957 4108 44 39 la
5035 4109 288 50 République
5355 4124 28 28 a.
5410 4123 87 30 son

4472 4165 167 39 agence
4660 4157 57 39 de
4741 4158 228 51 publicité,
4999 4162 131 48 place
5151 4164 55 39 de
5233 4165 45 39 la
5301 4165 185 46 Bourse,

4478 4209 52 47 e't,
4574 4215 116 43 pour
4721 4211 155 41 lancer
4912 4227 18 23 «
4970 4214 249 49 l'emprunt
5247 4217 56 40 de
5336 4219 43 39 la
5406 4220 91 39 wc-

4478 4263 111 37 toire
4616 4275 44 36 »,..
4677 4263 76 42 la.
4753 4263 173 42 France'
4945 4279 26 28 a
4993 4276 193 32 recours
5208 4280 92 33 aux
5323 4271 175 41 mêmes

4472 4314 221 49 artiiflccs,
4720 4326 89 30 aux
4839 4318 171 41 mêmes
5041 4318 188 48 clichés,,
5257 4333 56 31 au
5343 4334 86 34 n
5429 4334 86 34 -

4472 4366 237 42 boniment
4743 4370 146 49 qu'un
4926 4369 217 47 Rochette
5186 4385 117 37 pour
5337 4377 156 44 lancer

4479 4430 88 31 une
4591 4420 226 43 émission,
4830 4424 45 39 et
4894 4422 112 42 fai.re
5029 4426 79 40 des
5130 4428 143 50 dupes
5302 4429 17 39 !•

4524 4477 124 41 Vous
4678 4489 116 31 nous
4821 4482 253 48 répondrez
5102 4495 91 33 une
5217 4487 86 42 fois
5330 4498 165 34 encore

4479 4530 103 49 Qu'il
4619 4531 98 40 faut
4746 4547 19 22 «
4800 4534 208 41 marcher
5039 4547 109 30 avec
5177 4549 82 30 son
5293 4541 147 44 temps
5474 4557 20 23 »

4470 4583 49 39 et
4535 4593 89 40 que
4648 4584 40 40 le
4713 4585 147 49 temps
4885 4587 114 41 n'est
5021 4590 103 43 plus
5147 4592 124 40 ourla
5285 4593 205 44 Tîcfâirè

4476 4646 52 29 en
4560 4637 221 41 chantant
4808 4649 120 31 nous
4963 4642 181 42 ouvrait
5176 4645 45 39 la
5248 4646 197 39 carrière
5482 4660 12 31 ;

4478 4689 294 49 maintenant,
4806 4702 115 40 pour
4947 4694 176 49 qu'elle
5136 4696 182 47 l'ouvre,
5346 4701 29 40 il
5400 4702 97 41 faut

4478 4742 42 42 la
4552 4742 111 42 farire
4700 4744 584 43 chanter....
5416 4762 12 5 -

4520 4798 124 42 C'est
4668 4801 99 49 égal
4795 4813 9 28 :
4828 4813 54 31 au
4911 4803 154 49 risque
5088 4809 54 41 de
5163 4820 114 32 vous
5300 4814 196 39 paraître

4476 4851 107 44 bien
4608 4856 215 46 suranné,
4859 4860 361 46 permettez-moi,
5245 4866 53 38 de
5329 4867 165 41 regret-

4473 4906 136 43 ter'ce
4633 4906 135 40 vieux
4795 4911 147 47 temps
4966 4912 57 40 où
5049 4913 189 43 victoire
5259 4929 55 29 ne
5338 4918 153 42 rimait

4477 4958 184 49 qu'avec
4688 4960 156 49 gJOLre.
4872 4961 227 46 Pe-ut-être
5125 4978 57 29 ne
5207 4968 180 41 serai-je
5413 4983 80 31 pas

4475 5012 40 42 le
4534 5013 96 38 seul
4651 5023 55 29 en
4726 5014 175 41 France
4917 5016 26 39 à
4957 5018 187 41 trouver
5155 5032 53 28 ce
5225 5023 138 37 matin
5386 5035 101 32 que,

4476 5065 175 48 malgré
4673 5065 63 40 les
4765 5066 200 42 millions
4994 5071 247 46 prodigués
5265 5086 83 33 pa.r
5372 5092 18 23 «
5417 5088 75 29 vo-

4474 5117 65 40 tre
4565 5131 19 23 »
4612 5126 181 40 agence,
4824 5133 19 24 «
4864 5120 191 44 victoire
5077 5138 18 24 »
5120 5124 116 42 rime
5254 5128 237 43 beaucoup

4473 5170 148 42 moins
4655 5169 257 45 richement
4942 5185 106 34 avec
5083 5176 264 52 publicLté...
5488 5174 29 52 Y

5232 5249 130 61 G.
5362 5249 131 61 T.

4514 5378 146 102 Les
4726 5382 794 124 Communiqués

5170 5558 55 37 15
5253 5561 188 37 heures.

4516 5631 103 39 Rien
4660 5632 25 37 à
4724 5634 181 47 signaler
4946 5638 144 45 depuis
5131 5641 42 36 ie.
5202 5644 287 43 communiqué

4470 5685 128 38 d'hier
4624 5687 97 38 soir.
5351 5723 22 16 l:
5423 5722 25 12 ".,
5536 5645 7 3 -

5164 5762 61 37 23
5249 5765 191 36 heures.

4516 5836 178 40 Journée
4722 5840 50 37 de
4794 5839 109 46 pluie
4932 5844 38 34 et
5001 5843 49 36 de
5075 5842 220 40 brouillard
5327 5856 11 29 ;
5369 5848 116 43 dégeg

4472 5897 49 28 en
4545 5890 280 48 Champagne.

4514 5941 62 39 En
4612 5943 148 39 dehors
4800 5945 53 36 de
4892 5947 38 35 la
4973 5948 243 36 canonnade
5247 5950 232 47 habituelle,

4467 6001 56 28 on
4552 6004 54 27 ne
4635 5996 160 44 signale
4817 6007 73 26 sur
4920 5998 236 37 l'ensemble
5185 6001 55 37 du
5269 6001 110 39 front
5405 6015 80 32 que

4469 6046 72 36 des
4570 6048 186 36 combats
4788 6050 26 35 à
4846 6050 38 34 la
4916 6051 180 43 grenade
5123 6061 51 26 en
5207 6053 137 38 Artois
5376 6055 105 39 dans

4468 6098 40 35 la
4545 6099 141 45 région
4718 6100 49 35 de
4797 6100 115 41 I>oos,
4955 6104 40 30 et
5031 6111 50 27 en
5119 6101 147 40 Alsace
5297 6106 71 36 des
5406 6108 75 36 tirs

4469 6151 183 36 heureux
4677 6151 48 35 de
4751 6155 115 32 notre
4889 6151 195 37 artillerie
5102 6155 69 45 qui
5194 6165 25 26 a
5243 6156 241 40 bouleversé
5504 6068 8 4 -

4468 6200 60 35 les
4595 6200 216 36 tranchées
4873 6202 210 36 ennemies
5148 6214 53 28 au
5258 6208 105 37 nord
5427 6209 53 36 de

4467 6254 222 36 Muhlbach
4716 6253 104 36 dans
4846 6254 39 35 la
4908 6254 130 37 vallée
5059 6256 53 36 de
5136 6258 39 36 la
5203 6259 137 38 Fecht.

4516 6365 124 41 Nous
4678 6364 266 49 publierons
4980 6365 183 43 demain
5197 6368 187 44 l'article
5421 6372 55 43 de

4466 6422 126 34 notre
4662 6417 327 41 collaborateur
5053 6421 114 42 Jean
5227 6424 200 47 Ajalbert
5460 6438 18 27 :

4466 6470 169 48 Propos
4658 6480 57 31 en
4738 6470 124 41 l'Air.

4520 6596 64 100 NE
4624 6596 316 108 GASPILLONS
4980 6600 124 112 PAS
5104 6600 312 112 L'EMPRUNT

4462 6752 61 41 On
4543 6767 96 27 nous
4657 6757 101 39 écrit

4509 6866 124 43 Vous
4653 6869 226 50 critiquez,
4908 6884 106 30 avec
5033 6874 259 45 infiniment
5310 6876 57 45 de
5385 6881 87 42 rai-

4459 6928 95 40 son,
4597 6922 64 44 les
4692 6923 226 49 journaux
4956 6930 78 46 qui
5069 6931 233 45 acceptent
5340 6934 53 40 de
5431 6936 44 40 la

4456 6974 217 47 publicité
4697 6977 190 49 payante
4915 6988 115 40 pour
5058 6981 255 51 l'emprunt.

4511 7025 92 46 Que
4636 7028 251 42 direz-vous
4923 7032 119 39 alors
5100 7034 78 40 des
5236 7037 235 43 trésoriers

4456 7078 242 50 généraux,
4735 7082 110 40 dont
4869 7084 39 39 le
4940 7084 256 43 traitement
5227 7091 245 43 minimum

4456 7132 66 39 est
4556 7135 55 41 de
4647 7135 147 39 20.000
4850 7136 150 40 francs
5033 7140 43 38 et
5106 7141 76 38 qui
5243 7145 229 40 reçoivent

4457 7183 174 43 chacun
4662 7197 79 30 sur
4775 7188 63 40 les
4872 7188 132 43 fonds
5034 7191 259 47 d'emprunt
5326 7199 147 36 12.000

4455 7236 172 43 francs
4639 7239 20 40 ?

4507 7291 119 46 Tous
4657 7293 62 41 les
4748 7293 109 41 frais
4891 7295 53 40 de
4979 7299 203 42 matériel
5213 7304 45 40 et
5285 7306 54 38 de
5370 7317 98 30 per-

4456 7347 158 38 sonnel
4653 7345 121 45 étant
4803 7347 24 39 à
4859 7348 43 39 la
4936 7349 165 47 charge
5134 7354 56 42 de
5227 7358 244 39 l'emprunt

4453 7395 107 43 leur
4560 7395 172 43 seront
4752 7395 329 55 romhollrsés,'
5100 7404 183 47 suivant
5313 7411 41 40 la
5385 7411 83 40 cir-

4454 7449 166 42 culaire
4679 7451 55 37 du
4775 7452 49 38 17
4858 7458 246 39 novembre
5144 7469 9 10 '
5185 7464 111 38 c'est
5351 7466 116 38 donc

4454 7511 113 39 pour
4596 7512 55 29 ne
4680 7502 96 43 rien
4806 7505 111 41 faire
4939 7509 297 46 -d'ailleurs,
5269 7519 101 38 quel
5401 7519 69 32 est

4454 7555 38 39 le
4534 7555 211 40 trésorier
4782 7558 184 49 général
5007 7565 77 45 qui
5127 7567 200 43 travaille
5364 7574 20 36 ?
5414 7592 55 10 —

4452 7615 59 40 qu
4528 7608 54 38 ils
4611 7608 269 46 toucheront
4912 7614 145 44 12.000
5089 7619 151 43 francs
5273 7625 190 41 chacun

4505 7664 33 39 Il
4569 7674 28 39 y
4629 7674 28 29 a
4687 7677 55 30 en
4773 7668 170 45 France
4978 7675 51 39 89
5066 7678 232 37 trésoriers
5333 7680 133 44 géné-

4451 7726 112 29 raux
4676 7722 279 43 exactement
4990 7727 24 42 à
5054 7730 168 39 l'heure
5253 7732 205 42 'actuelle,

4450 7772 44 36 87
4538 7778 10 30 :
4663 7781 60 39 or,
4765 7785 114 39 pour
4941 7780 185 43 toucher
5182 7794 73 28 ces
5319 7786 145 38 12.0Q0

4449 7822 165 49 ira.n.cs,
4645 7824 28 38 il
4703 7827 98 42 leur
4823 7832 157 42 suffira
5004 7835 53 41 de
5082 7834 111 42 faire
5212 7837 25 38 3
5261 7836 201 40 millions

4450 7874 51 39 de
4546 7877 200 45 recettes.
4792 7883 109 48 Quel
4938 7887 208 39 tréosrier
5180 7887 182 44 général
5402 7901 61 30 ne
5498 7919 6 5 .

4450 7929 62 40 les
4538 7929 93 39 fera
4657 7941 79 39 pas
4766 7935 19 38 ?
4814 7937 34 41 G
4859 7939 71 39 est
4955 7940 114 38 donc
5095 7946 87 31 une
5205 7949 173 33 somme
5405 7945 55 39 de

4451 7990 59 28 un
4536 7983 175 42 million
4736 7994 393 45 quara.nte-qiiMre
5157 7990 122 41 mille
5299 7990 160 49 francs

4446 8038 228 48 gaSPillée,
4723 8041 149 42 tandis
4909 8043 132 43 qu'on
5075 8042 82 43 fait
5193 8047 133 40 appel
5363 8057 99 29 ans
5469 8075 27 8 -

4448 8085 102 48 plus
4580 8091 158 47 petites
4762 8095 188 40 bourses
4978 8102 116 37 pour,
5119 8095 129 42 venir
5272 8107 57 32 en
5350 8085 111 54 <aidi

4446 8138 26 41 à
4497 8139 146 47 l'Etat..
