2574 3993
213 98 125 39 ppjoien.l
352 98 33 27 de
397 98 94 30 visiter
504 98 135 35 plusieurs
651 98 47 28 îles
712 98 35 28 de
762 104 71 22 cette
844 106 74 25 mer,
948 97 163 27 entr'autres
1126 93 38 28 les
1178 93 48 28 îles
1238 92 72 28 Sand-

213 136 85 27 wich.
314 137 35 25 fsi
366 136 70 27 suite
459 136 34 27 <!e
509 137 58 26 leur
581 135 156 38 navigation
752 131 5 41 ,
774 136 78 26 selon
868 135 59 26 leur
940 132 89 28 calcul
1045 155 6 11 ,
1077 131 58 27 doit
1152 131 39 27 les
1202 138 125 20 ramener

213 177 67 20 Uaus
306 171 38 26 les
365 182 72 17 mers
452 171 135 38 d'Europe
601 183 46 25 par
660 171 26 28 le
703 182 51 26 cap
768 172 33 26 de
816 170 275 37 Boune-Espérance.
1117 168 35 27 ils
1170 175 94 19 auront
1281 167 45 26 fait

211 208 66 25 ainsi
294 208 30 26 ler
338 213 63 21 tour
428 209 38 26 du
609 210 83 25 Leurs
718 208 155 35 provisions
886 211 60 22 sont
971 206 138 27 tellement
1133 203 170 27 abondantes
1318 223 6 11 ,

211 243 111 35 qu'elles
337 243 125 27 n'auront
475 250 72 31 point
556 243 92 28 besoin
658 244 83 28 d'être
750 242 177 28 renouvelées
941 248 83 20 avant
1041 241 65 27 trois
1117 249 56 18 ans.
1189 241 137 26 lisseront

211 289 92 17 uicMiie
318 281 106 25 nourris
438 301 6 9 ,
462 281 120 34 pendant
604 281 135 35 plusieurs
752 274 81 43 mois,
854 280 34 26 de
905 278 99 27 viande
1030 275 119 34 fraîche,
1172 276 34 27 de
1220 274 106 28 volaille

210 322 27 19 et
253 315 35 26 de
304 314 119 37 légumes
437 325 92 24 verts,
548 326 106 18 comme
669 319 12 22 à
694 324 80 19 terre.
804 317 35 26 M.
859 315 120 31 Edward
1003 324 30 17 se
1057 314 71 26 flatte
1147 321 51 28 que
1212 320 27 19 sa
1260 320 48 28 pro-

214 351 100 28 chaine
330 348 123 40 dépêche
468 361 59 18 SPLa
541 353 79 26 datée
632 353 32 26 de
677 352 209 27 Kaintschatka.

252 380 106 34 L'autre
371 390 77 26 lettre
462 389 124 28 contient
598 391 12 24 à
625 398 52 27 peu
692 391 64 34 près
769 390 38 26 les
821 389 99 26 mêmes
940 386 109 27 détails.
1065 385 58 26 Elle
1134 396 13 15 a
1163 385 41 26 été
1217 384 81 27 écrite
1312 383 13 25 à

210 424 26 26 la
253 423 118 28 hauteur
386 424 37 27 du
437 435 51 27 cap
504 424 145 28 Farewell.
663 424 44 28 Ou
723 424 131 37 ounptoit
868 424 129 27 hiverner
1007 424 12 25 à
1036 422 207 28 l'embouchure
1254 419 33 26 de
1303 418 22 27 la

210 461 102 27 rivière
331 462 195 35 Coppermine.
542 461 44 28 On
601 463 96 34 espère
712 470 91 26 passer
826 463 33 24 de
873 461 24 25 la
917 461 66 26 dans
999 458 24 27 la
1046 468 57 17 iner
1123 468 51 17 vue
1188 467 50 27 par
1252 457 56 26 Mac-

210 496 96 26 kensie
319 516 6 11 ,
351 507 21 17 ei
389 496 132 27 atteindre
535 497 104 27 ensuite
656 496 25 30 le
696 497 97 27 détroit
810 497 35 26 de
859 496 150 35 Bechriug,
1036 496 78 35 point
1139 495 34 26 où
1198 494 24 27 le
1235 493 90 37 grand

213 531 141 38 problème
367 542 59 18 sera
443 534 73 27 enfin
530 533 100 28 résolu.

691 582 165 31 FRANCE.

560 640 202 28 Saint-Cloud
778 663 8 14 ,
814 639 33 28 3t
867 640 106 34 juillet.

246 692 66 27 Hier
325 702 32 17 au
371 692 69 35 soir,
457 693 79 37 après
549 692 117 34 l'ordre,
684 693 22 26 le
722 693 51 26 Roi
787 704 12 15 a
814 703 64 27 reçu
894 694 35 25 M.
944 693 22 25 le
979 692 167 27 chancelier.

246 729 187 35 Aujourd'hui
449 736 83 21 avant
549 731 24 25 la
588 739 102 18 messe,
711 730 24 26 le
749 731 104 26 bureau
870 731 32 26 de
917 730 22 26 la
956 729 139 27 Chambre
1108 729 17 25 d
1143 737 11 18 s
1169 726 74 27 Pairs
1259 737 13 14 a
1291 736 35 17 eu

207 764 151 30 l'honneur
371 764 34 27 de
419 767 137 34 présenter
568 776 34 17 au
619 767 51 26 Roi
686 767 37 26 les
741 768 103 35 projets
859 765 34 26 de
904 765 50 27 lois
964 765 116 35 adoptés
1093 774 47 25 par
1153 764 20 25 la
1188 763 141 27 Chambre

209 803 69 25 dans
293 810 25 18 sa
334 804 98 25 séance
456 801 106 34 d'hier;
589 803 94 26 savoir
705 798 5 38 :
730 804 39 25 Le
783 813 118 24 prouver
918 801 92 28 relatif
1024 803 12 24 à
1055 800 215 35 l'augmentation
1290 798 37 26 du

208 837 122 27 tribunal
346 840 33 24 de
393 839 133 34 première
541 839 123 27 instance
678 839 33 25 de
729 839 87 34 Paris;
843 839 25 26 le
883 839 161 31 deuxième,
1075 840 12 21 à
1103 835 25 26 la
1142 835 185 27 construction

209 874 40 26 du
267 880 66 28 peut
346 874 33 26 de
393 874 146 35 Pensaguel
552 886 7 21 ;
574 874 25 27 le
612 874 152 35 troisième,
780 875 13 26 à
806 874 169 27 l'ouverture
986 874 37 26 du
1035 872 76 28 canal
1121 870 185 30 Saint-Martin
1319 881 8 25 ;

208 915 28 21 et
252 909 24 26 le
291 912 90 34 projet
394 911 34 27 de
443 909 37 28 loi
495 911 32 25 de
542 912 132 25 finances.

246 946 233 26 Immédiatement
495 947 98 35 après,
613 946 30 26 S.
665 946 35 26 M.
725 957 13 15 a
756 956 65 26 reçu
842 956 32 17 en
895 946 133 26 audience
1049 943 174 37 particulière
1244 943 39 26 M.
1305 941 25 27 le

208 983 122 35 marquis
345 983 32 26 de
390 981 111 38 Bonnay
514 1003 6 11 ,
540 983 58 35 pair
609 981 35 32 fie
660 983 116 32 France,
795 991 180 27 gouverneur
990 981 34 26 de
1039 979 227 27 Fontainebleau.

244 1019 26 25 A
288 1026 53 18 une
356 1018 98 33 heure,
469 1018 24 26 le
508 1018 46 26 Roi
570 1029 13 15 a
599 1018 124 26 travaillé
735 1028 66 17 avec
817 1018 35 26 M.
868 1018 59 35 Roy
940 1038 6 13 ,
960 1017 126 27 ministre
1100 1017 47 26 des
1160 1016 131 26 finances.

247 1055 24 26 A
288 1054 65 27 trois
367 1055 100 27 heures
483 1064 37 18 un
537 1061 93 30 quart.
651 1055 28 26 S.
697 1055 37 26 M.
750 1062 43 19 est
807 1054 66 27 allée
887 1064 28 17 se
932 1062 146 28 promener
1091 1054 66 25 dans
1173 1051 37 28 les
1222 1051 59 26 bois
1298 1052 33 26 de

210 1089 104 38 Marly.

637 1141 106 37 PARIS,
769 1141 33 28 3I
815 1142 116 38 juillet.

265 1194 43 30 Le
338 1194 41 30 N°
398 1196 60 35 465
488 1195 39 30 du
556 1196 129 28 Bulletin
718 1196 53 28 des
801 1199 67 27 Lois
880 1219 6 14 ,
911 1196 52 39 qui
986 1205 15 18 a
1023 1205 72 32 paru
1117 1194 210 37 aujourd'hui,

214 1239 138 27 contient
370 1238 25 28 la
413 1239 40 27 loi
469 1248 48 18 sur
530 1237 28 30 le
572 1237 110 38 budget
694 1239 38 27 de
752 1239 51 27 182
803 1239 35 27 t.

312 1293 46 28 On
378 1304 74 18 nous
469 1293 77 30 écrit
567 1292 209 39 deßajonne,
807 1293 38 30 2G
869 1292 97 38 juillet
987 1304 6 18 :
1017 1305 13 13 «
1050 1292 40 28 M.
1117 1293 25 28 le
1168 1293 104 38 prince
1296 1292 35 28 de

221 1332 91 31 Laval
328 1332 243 41 Montmorency,
588 1336 106 27 ancien
711 1335 208 28 ambassadeur
932 1335 35 28 de
980 1333 113 31 France
1107 1335 14 27 à
1140 1335 133 35 Madrid,
1291 1342 39 20 est

215 1376 97 28 arrivé
325 1376 65 28 hier
406 1377 72 28 dans
494 1383 85 22 notre
594 1377 80 27 ville.
696 1375 25 30 Il
736 1383 41 21 est
794 1377 76 39 parti
886 1387 32 18 ce
935 1377 92 27 malin
1052 1385 78 31 pour
1147 1375 40 28 les
1202 1384 74 19 eaux
1296 1375 35 28 de

211 1416 146 30 Cotcrets.
371 1430 13 15 »

312 1472 41 30 M.
367 1470 28 30 J.
412 1472 28 30 J.
457 1470 44 31 M.
520 1472 89 30 Rassé
626 1494 6 13 ,
645 1472 110 40 écuyer
774 1472 37 28 de
834 1472 26 30 la
881 1470 117 31 bouche
1017 1470 39 30 du
1075 1469 53 31 Roi
1147 1493 7 13 ,
1180 1469 154 30 ci-devant

210 1514 122 28 attaché
348 1524 54 19 aux
417 1514 120 28 Princes
553 1520 57 28 ,et
626 1513 27 28 M
660 1513 32 20 Ue
712 1513 91 28 Rassé
820 1525 51 24 ,sa
886 1524 78 18 sœur
977 1537 6 12 ,
1003 1519 53 21 ont
1075 1513 81 28 versé
1173 1512 27 28 la
1219 1521 113 19 somme

214 1559 38 25 de
267 1564 57 20 200
340 1553 35 31 fr.
389 1565 77 31 pour
480 1556 198 38 l'acquisition
696 1554 35 28 de
748 1554 183 30 Chambord.

309 1610 76 31 MM.
404 1611 41 27 les
459 1610 126 28 officiers
606 1611 37 28 de
658 1611 25 27 la
699 1610 90 38 garde
807 1610 151 28 nationale
973 1610 39 27 du
1032 1607 87 30 Mans
1134 1631 9 13 ,
1173 1609 91 38 garde
1280 1609 51 40 qui

214 1651 65 30 »*esl
292 1654 130 37 toujours
432 1652 170 37 distinguée
619 1662 52 30 par
685 1661 53 19 son
756 1651 63 28 zèle
834 1651 14 28 à
867 1651 163 28 maintenir
1048 1650 109 30 l'ordre
1172 1672 7 13 ,
1207 1659 52 30 par
1278 1659 54 18 son

211 1691 203 31 attachement
443 1694 14 28 à
487 1694 143 37 l'auguste
654 1693 139 40 dynastie
814 1693 54 28 des
883 1691 156 30 Bourbons
1052 1713 9 15 ,
1089 1698 31 20 et
1137 1702 48 28 par
1206 1702 31 18 sa
1258 1690 77 30 belle

214 1742 94 21 tenue
320 1756 7 14 ,
353 1743 31 19 se
394 1742 65 20 sont
474 1735 102 28 réunis
591 1735 70 28 ànn
676 1735 131 38 banquet
819 1735 74 27 dans
907 1734 118 39 lequel,
1044 1733 86 40 après
1147 1734 80 27 avoir
1245 1731 86 40 porté

214 1775 53 30 des
283 1782 87 22 toasts
385 1785 78 31 pour
478 1774 31 31 S.
529 1775 43 30 M,
593 1782 31 21 et
640 1782 66 21 tous
723 1775 41 28 les
781 1776 146 28 membres
950 1775 37 27 de
1003 1774 141 39 l'auguste
1168 1774 112 27 maison
1297 1774 38 27 de

214 1817 142 30 Bourbon
371 1839 6 14 ,
418 1824 54 22 ont
494 1818 66 27 volé
585 1824 31 22 et
641 1818 110 40 déposé
783 1817 26 30 la
826 1827 113 19 somme
958 1817 37 28 de
1010 1825 56 20 200
1083 1814 37 30 fr.
1136 1826 76 31 pour
1227 1814 107 30 l'achat

215 1859 38 27 du
269 1858 125 31 château
409 1858 34 28 de
455 1858 183 30 Chambord.

262 1911 97 31 —M.
386 1912 31 31 le
432 1913 93 28 baron
557 1911 37 30 de
619 1911 159 30 JankovilZ
806 1911 35 28 de
861 1910 177 30 Feszenicze
1051 1932 6 13 ,
1084 1910 133 28 membre
1241 1910 38 28 de
1307 1910 26 28 la

221 1952 150 34 Chambre
397 1955 50 28 des
470 1954 135 40 Députés
617 1977 7 13 ,
651 1956 83 27 vient
748 1954 35 28 de
802 1954 72 28 faire
895 1951 219 41 lilhographier
1136 1951 24 28 la
1179 1958 97 21 statue
1297 1951 38 28 de

215 1995 272 30 Pierre-le-Grand
504 1996 15 26 à
544 1994 304 39 Saint-Pétersbourg
860 2006 7 26 ;
886 2003 39 19 on
945 1995 54 27 sait
1016 2003 58 31 que
1089 1998 80 24 cette
1180 1998 97 24 statue
1292 2000 43 22 est

215 2036 28 31 le
260 2036 220 30 chef-d'œuvre
494 2037 33 27 de
540 2035 163 37 Faleonet,
715 2031 59 34 l'un
793 2036 48 27 des
857 2035 152 28 meilleurs
1023 2035 167 39 sculpteurs
1205 2035 38 26 du
1263 2035 52 27 der-

216 2080 67 27 nier
295 2078 98 30 siècle.
412 2076 43 30 M.
474 2078 26 30 le
515 2078 93 30 baron
625 2078 35 28 de
672 2076 162 30 Jankovitz
853 2083 41 21 est
912 2076 27 28 le
961 2075 113 39 gendre
1097 2075 37 30 de
1162 2082 47 21 cet
1232 2076 103 28 artiste

217 2120 130 28 célèbre.

312 2173 57 30 Les
384 2174 143 35 journaux
544 2173 37 28 de
598 2172 25 31 la
638 2172 141 40 Belgique
795 2179 176 22 annoncent
986 2183 76 28 que,
1081 2171 26 30 le
1123 2171 161 31 dimanche
1302 2181 32 19 12

214 2217 76 27 août
306 2215 162 43 prochain,
485 2224 40 20 on
543 2216 149 28 célébrera
717 2217 14 27 à
758 2215 135 30 Louvain
907 2213 5 44 ,
931 2213 76 30 dans
1025 2215 112 38 l'église
1162 2215 174 39 paroissiale

219 2257 39 28 de
273 2257 93 28 Notre
384 2256 109 37 Dame,
508 2257 25 28 le
542 2257 83 28 deux
638 2264 65 21 cent
718 2257 223 39 cinquantième
953 2257 208 27 anniversaire
1175 2256 39 27 du
1232 2258 85 26 mémo-

219 2300 86 28 rable
319 2300 146 38 triomphe
481 2300 53 27 des
550 2298 161 34 chrétiens,
730 2300 80 27 dans
827 2298 28 27 le
879 2298 118 27 combat
1020 2298 96 28 naval
1137 2297 20 28 à
1183 2300 129 35 Lépanle
1328 2319 7 14 ,

216 2348 104 20 contre
343 2341 44 27 les
403 2342 93 26 Turcs
508 2361 6 13 ,
534 2349 58 26 par
607 2341 32 27 la
653 2342 165 37 protection
841 2340 130 38 spéciale
985 2339 38 28 de
1037 2340 33 28 la
1087 2341 78 26 mère
1179 2339 37 28 de
1235 2341 76 26 Dieu
1326 2361 7 12 ,

215 2388 102 21 eainte
333 2382 96 28 Marie
443 2381 38 28 de
495 2383 138 27 Victoire.
651 2380 87 30 Cette
754 2380 150 30 solennité
927 2380 106 28 durera
1062 2381 105 38 quinze
1193 2381 99 35 jours;
1310 2380 25 27 la

217 2432 112 31 pompe
347 2422 76 28 dont
436 2422 59 32 plie
509 2422 64 28 doit
587 2420 64 30 être
665 2420 237 40 accompagnée,
930 2427 28 21 et
978 2420 40 30 les
1036 2421 241 35 circonstances,
1297 2432 39 18 ne

216 2471 132 33 peuvent
365 2473 149 28 manquer
540 2461 133 31 d'attirer
691 2473 59 19 une
763 2461 110 39 grande
891 2460 148 31 affluence
1059 2464 14 27 à
1100 2463 25 28 la
1149 2463 184 28 célébration

219 2505 90 27 d'une
322 2504 57 28 féle
394 2506 70 38 qui,
483 2505 14 27 à
514 2505 99 28 raison
631 2505 37 26 de
690 2505 137 39 l'époque
840 2505 39 26 où
899 2504 56 30 elle
970 2515 30 18 se
1017 2510 104 24 trouve
1135 2504 119 40 placée,
1274 2513 61 20 sera

219 2545 15 30 à
252 2546 26 30 la
295 2545 56 30 fois
371 2548 154 35 religieuse
540 2552 31 21 et
585 2546 162 39 politique.

321 2602 48 28 On
384 2602 73 27 écrit
475 2602 35 27 de
529 2600 100 31 Berlin
651 2611 7 18 :
679 2615 13 13 «
707 2601 43 28 M.
769 2602 26 27 le
808 2600 124 30 docteur
943 2600 197 40 Sietnerling,
1160 2603 46 38 qui
1224 2610 13 19 a
1251 2602 85 38 guéri

220 2653 54 21 1011
293 2643 110 40 épouse
419 2649 30 22 et
467 2642 149 40 plusieurs
632 2650 97 21 autres
745 2653 165 30 personnes
925 2642 37 28 de
977 2642 26 30 la
1019 2642 133 40 phthisie
1167 2643 38 30 du
1222 2643 113 31 larinx,

230 2686 84 27 vient
331 2685 35 28 de
379 2685 119 40 publier
511 2694 52 19 son
581 2685 120 28 remède
722 2685 73 28 dans
814 2694 52 18 nos
880 2689 141 32 gazettes.
1044 2682 25 31 Il
1084 2686 128 28 consiste
1232 2686 14 27 à
1266 2683 72 31 faire

221 2735 124 28 manger
359 2737 37 17 au
413 2727 115 27 malade
540 2748 7 14 ,
575 2733 67 21 tous
658 2725 40 28 les
716 2727 109 27 malins
837 2726 14 27 à
874 2726 72 37 jeun
959 2747 7 12 ,
985 2727 33 26 la
1033 2727 133 27 laitance
1186 2726 72 28 d'un
1266 2726 73 38 fort

222 2767 120 39 hareng
360 2767 67 30 salé
439 2769 38 27 de
494 2767 158 28 Hollande
664 2789 7 14 ,
694 2767 85 39 après
795 2766 103 31 l'avoir
914 2767 84 28 lavée
1015 2769 167 28 seulement
1195 2769 145 39 quelques

221 2810 113 28 instans
350 2809 74 28 daus
443 2807 74 30 l'eau
534 2807 109 30 froide.
663 2822 13 14 »

315 2863 24 30 Il
356 2864 99 39 paroît
469 2874 56 30 que
540 2864 27 27 le
583 2870 237 30 gouvernement
837 2863 137 40 s'occupe
998 2864 38 28 de
1052 2864 71 28 faire
1141 2864 50 30 des
1211 2863 110 39 change-

221 2916 85 18 mens
325 2906 165 39 importans
506 2906 70 28 dans
587 2906 26 28 le
628 2904 81 30 Code
724 2906 37 28 de
778 2911 87 22 notre
880 2904 170 38 législation
1064 2906 87 30 civile
1163 2917 8 26 ;
1188 2915 33 19 ce
1238 2906 72 40 qu'il
1322 2916 17 30 y

221 2957 15 18 a
253 2948 39 26 du
308 2956 97 18 inoins
423 2947 37 27 de
475 2948 112 27 certain
601 2969 6 13 ,
637 2947 67 27 c'est
724 2947 71 40 qu'il
820 2947 83 27 vient
926 2948 38 26 de
985 2947 125 39 charger
1134 2957 39 18 un
1199 2948 90 35 jeune
1312 2954 28 20 et

221 2987 156 30 estimable
402 2994 119 30 avocat,
553 2987 44 28 M.
625 2987 135 28 Jourdan
774 3009 6 13 ,
810 2987 63 30 l'un
902 2987 50 28 des
979 2988 233 30 collaborateurs
1238 2989 38 27 de
1307 2991 32 26 la

222 3031 122 28 'Thémis
352 3052 7 14 ,
377 3028 37 28 de
429 3039 30 19 se
475 3030 107 28 rendre
599 3040 39 18 en
652 3028 195 37 Angleterre,
866 3030 14 27 à
898 3028 86 31 l'effet
1011 3031 48 40 d'y
1082 3031 151 28 recueillir
1251 3030 89 30 celles

221 3071 52 30 des
288 3070 53 30 lois
358 3071 102 27 civiles
474 3072 37 26 de
527 3079 32 19 ce
573 3080 72 31 pays
661 3072 51 38 qui
739 3071 175 40 pourraient
938 3072 96 28 servir
1056 3081 39 18 au
1121 3072 203 39 perfectionne-

222 3118 85 24 ment
324 3112 47 27 des
391 3112 117 30 nôtres.

263 3167 94 30 —Le
371 3177 8 19 ler1
387 3172 22 11 er
420 3168 100 35 juillet
529 3168 123 28 dernier
664 3176 57 25 ,un
732 3176 89 28 orage
835 3168 222 39 épouvantable
1068 3177 13 18 a
1094 3168 103 38 ravagé
1205 3167 40 30 les
1254 3168 71 28 terri-

222 3209 93 28 toires
338 3209 38 27 de
403 3209 146 39 plusieurs
568 3219 176 19 communes
767 3209 37 27 de
827 3209 278 28 l'arrondissement
1128 3209 38 27 de
1182 3208 158 30 Tonnerre

223 3248 174 41 (Yonne),
416 3257 28 20 et
458 3255 190 24 notamment
661 3248 92 30 celles
767 3249 171 41 d-Carisey
957 3257 28 20 et.
1006 3249 109 40 Rofey.
1133 3249 39 28 Le
1183 3249 157 38 dommage

224 3298 46 21 est
286 3292 102 28 évalué
402 3292 14 26 à
430 3291 64 40 plus
508 3291 37 28 de
559 3291 133 37 400,000
710 3291 35 30 fr.
764 3291 76 30 MM.
863 3293 40 27 les
925 3292 124 40 députés
1062 3292 38 28 de
1111 3289 124 31 l'Yonne
1250 3299 91 32 ayant

224 3333 56 30 fait
294 3333 162 30 connoître
469 3333 14 26 à
498 3333 25 27 la
540 3331 124 31 Famille
681 3332 99 39 royale
796 3340 83 21 toute
893 3332 155 35 l'étendue,
1062 3333 38 27 de
1114 3343 46 19 ces
1176 3333 159 33 désastres,

226 3380 54 22 ont
292 3374 111 28 obtenu
418 3374 37 27 de
472 3374 25 28 la
510 3372 200 31 bienfaisance
726 3373 37 28 de
778 3385 51 18 nos
844 3372 119 31 Princes
977 3398 7 13 ,
1012 3374 41 28 les
1068 3384 118 19 secours
1202 3385 58 28 que
1276 3374 67 28 leur

226 3415 188 41 inépuisable
443 3415 116 30 charité
579 3416 174 38 .-'empresse
775 3417 128 35 toujours
925 3416 38 27 de
986 3416 145 40 répandre
1148 3425 50 19 sur
1215 3416 110 28 l'huma-

227 3457 64 30 nité
305 3457 172 28 souffrante.
494 3457 28 26 S.
540 3457 35 27 A.
593 3457 34 28 U.
647 3455 163 31 MONSIEUR
824 3467 15 17 a
856 3458 117 38 envoyé
996 3467 85 24 1,000
1097 3456 37 28 fr.
1147 3469 8 25 ;
1187 3457 130 30 MADAME
1331 3481 6 12 ,

227 3497 148 30 duchesse
390 3497 19 28 d
423 3497 184 38 Angouiéine
620 3496 5 44 ,
645 3500 56 27 500
712 3497 37 30 fr.
762 3509 7 24 ;
793 3498 25 26 M
824 3497 25 19 SR
862 3498 25 28 le
902 3498 57 28 duc
976 3496 230 44 d'Angouléme,
1219 3500 58 27 500
1290 3498 50 31 fr.;

228 3539 46 30 Ms
279 3544 8 12 r
302 3540 28 28 le
346 3541 58 27 duc
420 3539 154 30 d'Orléans
586 3561 7 13 ,
619 3539 57 30 300
692 3539 38 30 fr.
743 3552 8 26 ;
782 3539 26 28 M
814 3539 24 18 Sr
854 3541 26 27 le
896 3542 59 26 duc
970 3540 35 28 de
1022 3539 138 30 Bourbon
1178 3563 7 13 ,
1212 3540 59 35 400
1284 3540 35 28 fr.
1330 3553 11 26 ;

315 3581 25 28 la
358 3580 143 31 duchesse
517 3581 35 27 de
568 3580 139 31 Bourbon
729 3604 7 13 ,
768 3583 57 26 500
841 3580 37 30 fr.

325 3634 40 30 Le
380 3637 110 28 conseil
509 3637 80 39 royal
604 3637 37 28 de
648 3637 197 28 l'instruction
855 3637 145 39 publique
1010 3637 79 28 vient
1102 3635 241 40 decomprendre

234 3677 26 33 |a
276 3678 138 27 nouvelle
430 3678 169 27 traducliou
612 3677 145 30 d'llorace
769 3679 35 26 de
820 3678 77 27 MM.
912 3677 175 38 Campenon
1101 3685 27 22 et
1142 3678 149 40 Desprez,
1306 3690 35 17 au

233 3720 128 31 nombre
372 3719 51 28 des
438 3729 142 28 ouvrages
594 3720 50 38 qui
659 3726 99 21 seront
775 3719 115 30 donnés
904 3729 35 19 en
954 3720 79 40 prix.

326 3774 278 30 L'administration
632 3775 37 28 de
690 3775 98 28 Tivoli
815 3785 14 18 a
854 3776 102 27 donné
977 3775 103 39 enfin,
1110 3775 178 37 dimanche,
1316 3776 25 27 la

227 3816 59 28 fête
305 3816 151 30 Indienne
476 3827 58 28 que
553 3815 27 28 le
601 3817 129 28 mauvais
748 3823 97 33 temps
862 3819 81 28 aroil
963 3819 22 27 si
1003 3817 177 39 long-temps
1194 3817 146 30 retardée.

223 3856 86 31 Cette
327 3856 58 31 fête
400 3868 17 19 a
430 3856 110 40 jusliié
554 3856 90 31 l'idée
659 3868 58 28 que
733 3860 60 27 s'en
809 3859 77 28 éloit
989 3868 72 19 ceux
1080 3860 52 37 qui
1147 3861 196 28 connoisseiu

1393 93 40 30 les
1448 93 80 28 soins
1544 93 48 27 des
1613 99 230 33 entrepreneurs
1856 99 76 32 pour
1948 90 96 28 varier
2059 87 41 30 les
2117 87 115 40 plaisirs
2249 87 39 30 du
2306 86 113 41 public.
2446 84 70 35 DM,

1391 136 106 28 danses
1525 135 58 28 très
1609 132 171 39 agréables,
1809 132 52 28 des
1887 131 132 30 combats
2035 136 37 24 àu
2087 132 85 26 sabre
2187 137 30 21 et
2241 130 38 27 du
2302 129 131 40 pugilat,
2463 137 31 18 re-

1394 177 185 38 marquables
1599 185 51 28 par
1665 174 138 30 l'adresse
1825 181 28 21 et
1871 174 25 28 la
1917 174 123 37 vigueur
2060 172 50 27 des
2126 171 177 34 exéculans,
2321 178 50 19 oui
2387 169 46 28 été
2450 168 58 28 fort

1391 216 164 41 applaudis.
1584 215 237 30 L'illumination
1846 215 39 28 du
1904 213 113 31 théâtre
2035 221 30 21 et
2089 213 133 28 l'artifice
2248 210 200 41 répondoient
2470 219 40 19 au

1393 267 74 21 reste
1485 259 37 28 de
1539 257 25 31 la
1580 256 71 31 fêle.
1680 256 24 30 Il
1730 256 60 30 faut
1814 255 119 40 espérer
1956 266 58 30 que
2035 265 40 20 ce.
2092 255 255 33 divertissement,
2372 252 48 39 qui
2446 261 61 19 sera

1390 301 103 26 donné
1505 298 161 30 dimanche
1682 298 141 39 prochain
1840 320 7 14 ,
1878 298 137 28 méritera
2031 298 40 27 les
2087 295 142 39 suffrages
2245 294 70 32 d'u*
2330 294 72 27 aussi
2420 302 67 19 nom-

1393 343 90 27 breux
1498 351 145 19 coneours
1659 339 37 27 de
1710 346 195 34 spectateurs.

1487 394 40 30 M.
1546 394 126 30 Méliant
1693 406 14 17 a
1726 405 35 18 eu
1778 393 161 31 l'honneur
1956 393 40 27 de
2021 392 154 40 présenter
2190 393 14 26 à
2220 390 32 30 S.
2276 390 37 30 A.
2336 389 35 30 R.
2485 387 26 31 la

1390 436 144 31 duchesse
1551 438 35 26 de
1604 436 92 41 Berry
1711 436 26 28 la
1755 435 148 41 première
1926 433 141 30 livraison
2086 433 51 28 des
2163 436 79 27 Vues
2259 436 197 37 pittoresques
2471 431 39 27 de

1390 480 32 27 la
1441 480 118 30 Vendée
1571 500 6 13 ,
1603 477 74 30 dont
1703 477 21 28 il
1749 484 44 20 est
1818 476 146 30 l'éditeur.
1989 475 89 28 Cette
2091 483 122 30 auguste
2238 476 151 35 princesse
2405 471 35 28 l'a
2459 483 51 17 a«-

1390 521 104 28 cueilh
1525 530 70 18 avec
1619 520 24 27 la
1672 517 65 40 plus
1762 520 112 37 grande
1896 516 239 33 bienveillance,
2158 523 26 20 et
2211 516 37 27 l'a
2270 514 99 30 assuré
2386 515 37 28 de
2440 519 70 24 tout

1391 561 131 28 l'intérêt
1546 559 110 41 qu'elle
1681 561 135 37 daignoil
1845 559 130 40 prendre
1993 557 15 28 à
2024 563 76 22 celte
2115 557 178 38 entreprise.
2309 556 47 27 On
2375 556 129 30 souscrii

1393 601 73 31 chez
1483 601 185 39 Méquignon
1694 601 43 28 fils
1761 601 86 34 aîné,
1872 601 137 34 libraire,
2030 608 51 19 rue
2109 599 50 28 des
2187 598 103 30 Grand
2296 596 168 38 s-Augustin
2470 607 12 18 s
2498 617 8 15 ,

1394 650 32 24 n°
1441 653 30 27 9.
1488 643 163 38 L'ouvrage
1668 653 63 18 sera
1747 641 139 41 composé
1898 641 37 30 de
1950 641 39 30 six
2006 640 167 30 livraisons.
2191 638 67 30 Prix
2280 639 37 28 de
2335 639 117 39 chaque
2477 638 24 28 li-

1394 686 118 30 vraison
1531 696 7 18 :
1559 693 13 31 7
1591 684 39 28 fr.
1645 684 39 28 5o
1702 693 27 19 c.

1433 738 93 30 •—On
1541 739 81 28 vient
1636 738 35 27 de
1689 744 107 22 mettre
1812 748 37 19 en
1865 745 87 20 vente
1968 736 72 30 chez
2054 736 92 28 Jarret
2161 742 27 22 et
2204 735 133 37 Cotelle,
2354 735 137 30 libraires
2507 756 7 14 ,

1395 791 53 19 rue
1465 778 426 40 Neuve-des-Petits-Champs
1903 775 5 44 ,
1930 784 33 22 n°
1984 789 30 30 17
2029 801 6 13 ,
2068 780 25 26 le
2122 778 152 27 troisième
2293 777 120 27 volume
2427 777 38 27 de
2484 775 28 28 la

1396 823 141 27 nouvelle
1554 822 113 27 édition
1685 821 50 28 des
1753 823 124 26 (Encres
1892 822 38 27 de
1943 822 32 26 P.
1990 820 150 30 Corneille
2158 820 40 39 (tj
2224 817 86 30 Celle
2326 817 129 34 édition,
2478 816 37 28 de

1395 872 85 21 notre
1498 865 129 38 premier
1643 869 105 21 auteur
1766 862 154 39 tragique,
1950 868 41 20 est
2016 861 180 39 magnifique
2211 882 7 13 ,
2237 868 25 20 et
2283 860 86 35 digne
2387 860 37 27 de
2440 857 71 31 fixer

1395 905 169 30 l'attention
1580 904 51 28 des
1646 909 157 22 amateurs.
1822 902 56 28 Les
1896 902 132 30 éditeurs
2048 902 182 27 continuent
2246 901 45 39 d'y
2309 907 143 33 apporter
2469 900 41 27 le»

1393 947 80 27 soins
1487 946 178 38 scrupuleux
1681 954 57 30 que
1754 954 73 19 nous
1857 953 90 20 avons
1975 953 149 19 reconnus
2151 953 38 19 en
2205 947 176 33 annonçant
2398 940 26 30 la
2439 940 51 40 pré-

1394 986 126 30 cédente
1538 986 155 30 livraison.
1713 985 39 27 Le
1770 986 106 28 mérite
1893 986 90 27 d'une
2001 983 119 40 grande,
2133 984 193 33 correction,
2352 984 25 27 la
2405 980 106 31 beauté

1394 1029 40 28 du
1448 1029 104 40 papier
1567 1050 6 12 ,
1591 1028 76 28 celle
1681 1026 37 30 de
1735 1026 196 40 l'impression
1945 1049 6 13 ,
1980 1025 41 30 lui
2048 1026 149 37 assignent
2226 1035 40 18 un
2289 1033 72 27 rang
2379 1024 76 27 dans
2471 1023 41 28 les

1395 1069 66 40 plus
1479 1069 94 30 riches
1587 1067 224 40 bibliothèques
1826 1089 8 14 ,
1847 1075 30 21 et
1891 1077 52 19 son
1961 1068 61 39 prix
2041 1067 144 39 modique
2209 1076 38 21 e»
2270 1065 74 30 rend
2361 1064 137 39 l'acquisi-

1396 1111 63 27 tion
1475 1110 86 31 facile
1578 1110 15 27 à
1611 1116 96 21 toutes
1722 1110 40 28 les
1781 1109 105 28 classes
1902 1110 35 27 de
1955 1109 141 28 lecteurs.

1500 1163 39 30 La
1553 1165 131 30 seconde
1701 1163 117 30 édition
1838 1163 50 30 des
1905 1167 25 25 O
1935 1166 112 27 Encres
2067 1163 163 38 complètes
2249 1162 37 28 de
2307 1163 30 26 M
2341 1166 20 12 m
2363 1166 11 12 '
2389 1162 51 26 Col
2448 1167 43 21 tin
2505 1182 7 15 ,

1396 1217 35 18 en
1448 1207 71 39 cinq
1534 1206 133 28 volumes
1781 1206 90 28 ornés
1893 1206 37 27 de
1946 1208 41 26 six
2003 1214 139 27 gravures
2157 1226 6 13 ,
2190 1209 45 22 est
2259 1214 37 18 eu
2326 1208 87 21 vente
2441 1201 73 28 chez

1396 1247 30 30 J.
1446 1247 32 30 L.
1496 1247 32 28 F.
1546 1247 161 35 Foucault,
1724 1247 138 33 libraire,
1883 1257 50 17 rue
1950 1247 37 27 de
2001 1246 181 33 Sorbonne,
2198 1251 32 22 n°
2245 1254 30 27 9.
2294 1243 67 31 Prix
2379 1243 5 40 :
2406 1243 105 37 asfi\,

1396 1290 96 28 satiné
1505 1312 7 13 ,
1539 1299 33 31 27
1593 1287 34 30 fr.
1650 1291 38 25 5o
1702 1299 26 18 c.
1742 1299 8 26 ;
1783 1293 30 22 et
1830 1310 6 14 ,
1860 1299 70 28 pap.
1948 1287 58 27 vél.
2024 1297 72 18 avec
2111 1287 39 27 les
2165 1286 106 39 figures
2284 1291 89 22 avant
2389 1285 24 27 la
2428 1285 87 27 lettre

1396 1331 35 27 de
1450 1332 25 26 la
1495 1330 149 41 première
1662 1330 112 28 édition
1787 1351 6 13 ,
1818 1339 37 17 no
1870 1329 34 28 fr.
1924 1328 25 30 Il
1963 1329 92 28 seroit
2069 1325 132 41 superflu
2217 1328 37 28 de
2271 1326 71 28 faire
2357 1328 35 27 ici
2409 1325 106 39 l'éloge

1396 1371 71 28 d'un
1483 1378 105 22 auteur
1604 1372 73 26 aussi
1694 1381 102 18 connu
1812 1380 56 30 que
1930 1376 8 11 1
1969 1368 103 30 Collin
2086 1381 7 25 ;
2122 1371 71 26 mais
2216 1378 74 19 nous
2319 1367 65 30 n'en
2413 1367 104 30 dirons

1398 1415 84 37 point
1492 1419 104 24 autant
1607 1413 39 28 du
1664 1413 103 28 mérite
1778 1411 37 28 de
1822 1417 76 22 cette
1907 1410 128 28 édition.
2053 1409 84 30 Nous
2151 1420 138 30 pensons,
2302 1420 34 18 au
2348 1409 164 34 contraire,

1396 1454 91 39 qu'on
1506 1465 38 18 11e
1558 1454 110 28 sauroit
1684 1462 66 31 trop
1767 1453 25 30 la
1807 1452 228 31 recommander
2048 1462 54 18 aux
2119 1462 163 28 personnes
2297 1452 51 38 qu,i
2368 1450 115 28 aiment
2497 1452 17 28 à

1396 1495 135 30 enrichir
1546 1495 65 28 leur
1626 1494 210 39 bibliothèque
1851 1495 35 26 de
1898 1494 92 27 belles
2006 1500 28 21 et
2048 1494 115 27 bonnes
2178 1493 142 28 éditions.
2353 1491 85 31 Celle
2453 1501 59 28 que

1398 1547 76 19 nous
1496 1546 178 30 annonçons
1698 1543 43 22 est
1763 1546 37 18 en
1825 1534 70 30 effet
1911 1534 26 28 la
1955 1534 81 27 seule
2052 1534 48 27 des
2117 1543 117 20 œuvres
2248 1534 35 27 de
2387 1531 103 30 Cotiin
2506 1553 7 15 ,

1397 1579 51 37 qui
1466 1579 131 28 réunisse
1612 1579 41 27 les
1674 1585 159 30 avantages
1846 1577 39 28 du
1905 1574 109 31 format
2028 1576 90 30 in-B°.
2133 1581 28 22 et
2179 1576 91 28 d'une
2283 1574 158 30 exécution
2460 1573 57 31 très

1397 1619 135 39 soignée.

1486 1672 181 30 Nousavons
1682 1674 86 35 omis,
1782 1683 38 19 en
1838 1671 118 41 parlant
1970 1671 172 30 avant-hier
2156 1671 38 27 de
2206 1671 158 30 VHistoire
2374 1671 38 27 de
2420 1671 32 27 la
2466 1671 53 28 Vie

1396 1723 27 21 et
1433 1716 54 28 des
1496 1720 157 34 Ouvrages
1669 1715 37 28 de
1717 1717 80 26 Jean
1813 1716 38 27 de
1865 1716 46 26 La
1928 1716 150 27 Fontaine
2082 1736 7 13 ,
2107 1723 52 30 par
2169 1713 41 30 M.
2222 1711 211 37 Walckenaër,
2450 1713 15 27 d
2479 1722 38 18 en

1398 1767 157 19 annoncer
1573 1756 26 28 le
1622 1756 74 39 prix.
1715 1756 54 28 Cet
1787 1756 181 37 ouvragCen
1990 1765 39 19 un
2048 1756 117 28 volume
2183 1754 86 28 in-B°.
2283 1755 38 27 de
2335 1754 58 34 54&
2407 1763 86 30 pages
2506 1775 9 14 ,

1398 1799 76 28 orné
1491 1799 67 28 d'un
1572 1798 126 39 portrait
1714 1798 86 37 gravé
1814 1820 8 14 ,
1839 1807 77 28 pour
1933 1796 26 28 la
1976 1796 148 40 première
2144 1795 54 28 fois
2211 1818 6 14 ,
2237 1795 116 39 d'après
2367 1794 120 28 Lebrun
2510 1815 7 15 ,

1398 1846 31 21 et
1448 1840 71 28 d'un
1528 1841 61 38 Jctc
1602 1840 97 30 simile
1723 1839 90 28 d'une
1834 1838 77 28 fable
1937 1839 116 27 inédite
2068 1860 6 13 ,
2104 1845 43 21 est
2161 1837 37 28 de
2217 1847 33 18 10
2269 1837 34 30 fr.
2320 1848 8 26 ;
2354 1847 38 19 en
2414 1837 103 39 papier

1400 1880 79 30 vélin
1493 1903 7 14 ,
1526 1889 38 19 20
1580 1880 37 30 fr.
1633 1890 63 26 ;en
1716 1880 91 38 grand
1826 1880 104 39 papier
1948 1880 80 28 vélin
2048 1902 6 13 ,
2074 1879 38 28 3o
2127 1878 57 37 fr.,
2199 1885 31 21 et
2245 1890 17 17 2
2277 1877 37 30 fr.
2333 1879 37 27 de
2386 1878 66 40 plus
2466 1886 54 32 par

1401 1922 25 30 la
1442 1930 93 32 poste.
1559 1920 43 30 Le
1618 1919 97 32 même
1739 1932 37 18 en
1804 1920 74 28 deux
1896 1919 57 30 fort
1971 1922 131 30 volumes
2125 1919 102 37 in-18,
2246 1930 71 18 avec
2336 1919 129 39 portrait
2491 1925 30 21 et

1400 1972 126 30 gravure
1541 1964 38 27 de
1593 1963 26 27 la
1636 1964 112 27 maison
1766 1963 38 27 de
1817 1961 39 30 La
1867 1961 145 30 Fontaine
2028 1984 7 14 ,
2048 1964 14 26 5
2074 1962 34 28 fr.
2120 1972 9 26 5
2148 1971 37 19 en
2198 1962 104 40 papier
2315 1962 78 28 vélin
2406 1983 7 13 ,
2434 1969 34 19 10
2484 1958 33 31 fr.

1400 2003 54 31 Cet
1468 2014 128 28 ouvrage
1613 2010 70 33 peut
1700 2014 31 19 se
1746 2003 119 38 joindre
1887 2004 17 28 à
1920 2010 94 21 toutes
2031 2004 40 27 les
2087 2003 130 28 éditions
2236 2004 34 27 de
2284 2003 39 27 La
2343 2001 146 30 Fontaine
2505 2021 9 17 ,

1401 2047 73 28 ainsi
1492 2044 90 41 qu'un
1599 2046 122 28 volume
1733 2044 34 30 de
1778 2043 163 31 Nouvelles
1954 2043 139 31 OEuvres
2109 2044 125 28 inédites
2250 2043 37 28 de
2300 2043 39 28 La
2354 2042 165 39 Fontaine,

1402 2087 100 40 publié
1520 2095 52 30 par
1585 2086 26 28 le
1625 2086 97 28 même
1735 2087 130 34 éditeur,
1885 2082 43 32 M.
1946 2085 120 41 Nepveu
2085 2107 7 14 ,
2114 2095 119 30 passage
2249 2085 48 28 des
2315 2082 180 32 Panoramas
2507 2105 11 14 ,

1402 2134 33 21 11°
1450 2130 50 28 26.
1515 2121 148 34 L'éditeur
1680 2137 73 19 nous
1765 2137 15 18 a
1798 2126 116 28 adressé
1928 2137 57 20 une
2000 2127 86 27 lettre
2100 2126 72 28 dans
2186 2126 129 39 laquelle
2329 2127 19 27 il
2366 2134 73 19 nous
2452 2125 64 39 prie

1400 2170 143 28 d'iiisurer
1556 2167 27 28 le
1599 2169 103 39 public
1715 2191 7 13 ,
1742 2174 32 24 et
1786 2178 44 19 ses
1844 2169 217 39 souscripteurs
2075 2178 38 18 en
2130 2167 172 39 particulier
2316 2189 8 13 ,
2346 2176 57 31 que
2419 2166 26 28 la
2461 2165 56 28 Vie

1401 2211 35 27 de
1457 2210 38 28 La
1513 2209 150 30 Fontaine
1677 2232 9 15 ,
1711 2210 41 28 lui
1768 2216 91 34 ayant
1876 2210 46 30 été
1937 2209 117 30 vendue
2069 2219 38 19 en
2120 2216 78 22 toute
2211 2210 150 39 propriété
2375 2218 52 30 par
2452 2206 56 28 l'au-

1402 2258 65 21 teur
1480 2274 7 13 ,
1515 2261 37 19 ne
1570 2258 69 32 peut
1655 2251 60 28 être
1731 2251 120 40 publiée
1870 2261 57 30 que
1943 2262 51 28 par
2010 2251 40 28 lui
2066 2272 7 14 ,
2096 2258 30 20 et
2140 2250 111 39 qu'elle
2274 2261 35 18 11e
2335 2250 130 40 paroilra
2485 2249 31 28 ni

1401 2303 37 18 en
1455 2293 138 37 totalité,
1620 2293 30 28 ni
1676 2303 39 18 en
1743 2291 109 40 abrégé
1878 2293 14 27 à
1919 2293 25 27 la
1962 2291 60 30 tête
2035 2291 145 30 d'aucune
2198 2291 51 28 des
2268 2290 131 30 éditions
2422 2290 38 28 de
2479 2289 45 30 La

1402 2334 146 28 Fontaine
1563 2335 15 27 à
1593 2334 25 28 la
1637 2333 185 41 publication
1839 2333 165 39 desquelles
2021 2333 20 30 il
2059 2340 41 22 est
2118 2334 151 37 étranger.

1507 2388 84 30 Dans
1617 2399 40 18 un
1681 2394 132 22 moment
1834 2388 38 27 où
1897 2394 66 21 tous
1983 2387 40 30 les
2046 2387 171 41 physiciens
2237 2386 37 28 de
2289 2385 142 41 l'Europe
2457 2392 69 24 sont

1402 2431 187 40 occupésdes
1600 2430 154 30 nouvelles
1766 2428 252 41 expériencesqui
2034 2434 170 24 constatent
2220 2427 149 30 l'identité
2381 2430 41 26 du
2433 2426 91 30 lluide

1402 2473 170 39 électrique
1589 2479 26 20 et
1630 2472 40 27 du
1689 2470 93 30 fluide
1798 2471 183 38 galvanique
1995 2493 6 13 ,
2021 2480 77 19 nous
2111 2480 129 30 croyons
2259 2471 107 28 rendre
2380 2470 113 27 service
2506 2469 18 28 à

1403 2515 25 28 la
1446 2512 120 30 science
1591 2523 37 19 en
1645 2518 180 32 annonçant
1841 2512 26 28 la
1891 2513 138 27 Nouvelle
2047 2512 125 28 Théorie
2186 2512 38 27 de
2243 2511 209 34 VElectricité,
2485 2509 39 30 de

1402 2554 41 31 M.
1461 2554 87 31 Vène
1559 2574 14 17 ~
1584 2555 151 38 capitaine
1750 2564 34 18 au
1800 2563 86 31 corps
1904 2552 79 40 royal
2000 2554 40 28 du
2056 2554 90 37 génie
2160 2551 57 40 (2).
2238 2551 141 30 L'auteur
2393 2561 130 30 suppose

1403 2607 58 30 que
1476 2596 40 28 les
1533 2606 104 31 corps,
1654 2596 74 27 dans
1744 2594 65 30 leur
1822 2595 60 28 état
1896 2594 139 37 naturel,
2049 2600 70 22 sont
2133 2594 137 40 pénétrés
2285 2594 89 28 d'une
2389 2593 135 30 certaine

1403 2637 136 40 quantité
1556 2637 37 28 de
1613 2635 92 30 fluide
1722 2635 261 40 proportionnelle
2004 2636 17 27 à
2040 2635 61 28 leur
2124 2644 93 19 masse
2237 2641 31 21 et
2285 2636 17 26 à
2321 2634 64 28 leur
2407 2633 117 30 affinité

1404 2689 73 31 pour
1493 2688 33 19 ce
1545 2678 104 30 fluide.
1675 2676 86 30 Cette
1782 2678 188 39 proposition
1994 2676 84 28 étant
2104 2678 130 35 admise,
2263 2676 20 30 il
2304 2685 110 31 prouve
2433 2675 91 28 d'une

1406 2720 133 30 manière
1558 2718 235 39 mathématique
1809 2728 57 30 que
1885 2725 65 22 tous
1971 2718 40 30 les
2036 2727 86 31 corps
2145 2720 14 26 à
2177 2718 79 30 l'état
2274 2718 113 28 naturel
2405 2724 119 22 sonien

1403 2761 149 40 équilibre
1566 2784 7 13 ,
1591 2760 132 39 quoique
1739 2760 116 27 chacun
1870 2759 84 28 d'eux
1967 2766 43 21 ait
2023 2760 26 27 la
2067 2758 109 30 faculté
2191 2760 151 26 d'exercer,
2355 2767 59 19 une
2430 2758 81 40 répul-

1404 2805 64 27 sion
1486 2812 48 20 sur
1547 2803 40 28 les
1604 2802 159 28 molécules
1778 2802 177 38 électriques
1970 2800 52 28 des
2036 2806 98 22 au'res
2150 2811 99 27 corps.
2272 2799 56 28 Par
2346 2806 78 21 cette
2437 2799 71 28 théo-

1404 2848 44 27 rie
1463 2845 58 28 très
1534 2843 187 39 ingénieuse,
1739 2841 133 31 M.Vène
1889 2844 98 26 résout
2001 2849 92 22 toutes
2111 2842 41 28 les
2164 2841 157 31 difficultés
2335 2839 107 40 queM.
2457 2839 66 31 Biot-

1404 2897 14 18 a
1435 2887 116 28 élevées
1564 2891 104 24 contre
1683 2884 169 30 l'existence
1865 2884 67 27 d'un
1949 2884 61 28 seul
2028 2882 112 37 fluide,
2159 2890 26 20 et
2202 2884 21 28 il
2238 2883 103 27 donne
2367 2891 57 19 une
2451 2890 58 21 nou-

1404 2929 77 27 velle
1494 2927 181 41 explication
1694 2927 48 28 des
1756 2936 193 19 mouveinens
1964 2926 40 28 du
2026 2924 182 32 baromètre.
2222 2923 61 31 Son
2302 2923 107 30 travail
2427 2933 103 20 nous»

1407 2980 72 30 paru
1505 2970 57 27 très
1587 2967 155 31 estimable
1754 2979 9 27 ;
1796 2968 21 28 il
1845 2973 43 22 est
1917 2968 64 27 vrai
2006 2967 73 39 qn'il
2106 2975 137 20 renverse
2267 2966 40 30 les
2335 2963 130 30 théories
2490 2965 40 28 d«

1409 3008 143 32 Franklin
1566 3017 28 22 et
1606 3009 37 28 de
1656 3008 149 30 Coulomb
1818 3021 8 26 ;
1851 3009 72 28 mais
1948 3018 37 18 ne
2004 3017 222 20 sommes-nous
2241 3018 52 30 pas
2309 3007 74 27 dans
2400 3007 25 27 le
2439 3006 90 28 siècle

1408 3053 48 27 des
1472 3051 210 30 révolutions?
1701 3051 20 30 il
1736 3051 61 30 faut
1812 3051 70 27 bien
1894 3060 58 30 que
1969 3050 25 28 la
2010 3050 117 28 science
2150 3050 43 28 ait
2215 3048 41 30 les
2276 3050 118 28 siennes
2408 3069 7 17 ,
2439 3054 28 22 et
2493 3057 37 19 ce

1407 3100 67 22 sont
1487 3093 41 28 les
1539 3093 96 30 seules
1650 3092 171 40 auxquelles
1835 3100 76 19 nous
1925 3090 231 41 applaudirons.

1768 3144 181 30 CHAMBRE
1969 3144 70 27 DES
2059 3144 113 27 PAIRS.

1780 3190 20 4 rt
1830 3190 19 4 n
1871 3188 4 6 .
1884 3188 4 6 •
1950 3190 7 4 ï
2000 3188 15 6 O
2027 3193 6 1 .
2068 3190 6 4 •
2102 3189 30 5 •;/
2154 3188 5 6 .

1776 3193 132 27 Bulletin
1935 3193 41 26 du
2000 3193 33 24 3i
2054 3193 117 37 juillet.

1447 3243 37 25 La
1500 3242 137 26 Chambre
1652 3242 63 26 s'est
1729 3240 96 28 réunie
1835 3237 180 38 aujourd'hui
2028 3240 14 25 à
2061 3248 52 17 nue
2126 3239 98 27 heure.

1446 3280 34 25 M.
1495 3278 24 27 le
1533 3279 52 26 duc
1600 3279 31 25 de
1648 3278 159 32 Richelieu,
1827 3276 137 37 président
1980 3274 39 27 du
2035 3274 102 28 conseil
2151 3274 47 27 des
2217 3274 150 33 ministres,
2393 3279 26 21 et
2438 3274 35 26 M.
2498 3273 26 27 le

1409 3315 122 37 marquis
1545 3314 33 26 de
1591 3314 161 32 Lauriston,
1772 3313 126 26 ministre
1911 3312 33 27 de
1956 3311 22 26 la
1990 3312 107 27 maison
2111 3311 38 27 du
2163 3311 64 35 Roi,
2243 3317 46 21 ont
2300 3312 115 34 apporté
2426 3308 26 30 le
2464 3319 52 19 mes-

1408 3359 61 27 sage
1482 3358 158 28 annonçant
1656 3350 22 27 la
1695 3350 105 27 clôture
1815 3350 34 26 de
1865 3348 22 26 la
1904 3348 113 26 session.

1446 3390 38 24 La
1500 3386 137 27 Chambre
1651 3385 59 27 s'est
1724 3385 113 35 séparée
1852 3389 13 22 à
1881 3385 130 26 l'instant.

1447 3468 41 34 (1)
1506 3467 124 26 Œuvres
1646 3469 33 22 de
1695 3467 33 25 P.
1748 3465 135 27 Corneille
1894 3470 24 20 et
1935 3463 234 37 Chefs-d'OEuvre
2179 3465 33 24 de
2229 3463 123 26 Thomas
2369 3462 139 27 Corneille
2519 3478 9 15 ,

1409 3513 66 19 avec
1493 3502 24 27 le
1535 3509 197 20 commentaire
1750 3502 35 26 de
1807 3500 143 35 Voltaire,
1974 3509 37 17 uu
2028 3498 84 26 choix
2126 3498 37 27 de
2179 3506 77 19 notes
2271 3500 33 25 de
2320 3497 112 27 Patissot
2451 3503 25 21 et
2491 3496 39 27 les

1410 3541 142 34 jngeinens
1569 3539 34 27 de
1617 3540 37 24 La
1669 3537 102 38 Harpe;
1782 3535 129 30 nouvelle
1925 3535 103 27 édition
2046 3544 33 18 en
2096 3543 30 19 la
2145 3535 53 26 vol.
2218 3535 96 26 in-S*..
2323 3534 148 34 imprimée
2483 3542 50 27 par

1411 3578 28 24 P.
1457 3574 84 27 Didot
1554 3574 89 32 l'alué,
1656 3581 25 19 et
1690 3574 81 26 ornée
1787 3574 35 26 du
1837 3572 111 38 portrait
1963 3573 33 26 de
2006 3573 28 25 P.
2044 3570 139 28 Corneille
2196 3569 5 40 :
2217 3569 298 38 publiéeparsouscrip-

1411 3612 66 26 tion.
1495 3613 61 26 Prix
1571 3613 32 24 de
1617 3609 105 37 chaque
1741 3608 109 28 volume
1865 3608 93 38 papier
1972 3607 35 27 tin
2019 3607 163 38 d'Annonay
2191 3607 86 26 satiné
2289 3627 7 9 ,
2310 3604 58 30 61i\
2380 3617 7 22 ;
2400 3612 26 21 et
2438 3607 93 35 papier

1411 3648 40 26 lin
1468 3648 45 25 dis
1527 3645 118 38 Vosges,
1663 3646 14 34 \
1690 3646 32 26 fr.
1737 3646 34 27 5o
1786 3656 25 17 c.
1821 3656 7 20 ;
1845 3645 92 37 papier
1955 3645 72 26 vélin
2049 3644 182 37 d'A'iiuonay,
2251 3653 31 17 m
2298 3644 32 26 fr.
2337 3653 11 26 ;
2365 3647 26 21 et
2406 3641 78 28 fraoc
2499 3643 37 26 de

1414 3679 79 39 port.
1518 3694 7 15 t
1541 3684 34 26 fr.
1592 3684 35 26 ôo
1643 3692 25 17 c.
1682 3685 22 24 di
1728 3681 59 37 (dus
1798 3692 50 26 par
1863 3680 124 27 volume.
2002 3680 19 27 Il
2037 3692 32 13 en
2086 3679 81 38 punit
2184 3683 72 24 deux
2276 3679 135 26 voitnnes.

1452 3719 43 37 (2)
1509 3720 83 25 Essai
1604 3730 50 14 sur
1664 3730 53 14 une
1731 3720 123 24 nouvelle
1866 3718 115 26 Théorie
1989 3719 32 24 de
2029 3718 175 25 l'Electricité
2212 3736 7 13 ,
2231 3720 149 24 contenant
2391 3724 54 15 une
2459 3713 64 28 réfu-

1415 3762 89 21 tation
1524 3757 35 26 du
1577 3756 117 39 système
1709 3755 47 26 des
1770 3756 72 25 deux
1859 3754 93 26 fluides
1968 3756 66 25 vitré
2048 3759 24 19 et
2082 3754 132 26 résineux
2228 3750 5 45 ,
2246 3762 35 15 un
2296 3750 56 28 vol.

1452 3794 21 25 A
1489 3795 104 27 Arras,
1611 3790 67 26 chez
1695 3791 137 35 Bouquet,
1848 3789 118 27 libraire.

1453 3828 73 27 Chez
1539 3829 26 26 le
1577 3828 152 32 Normuiit,
1757 3827 164 35 imprimeur
1938 3824 113 30 libraire
2067 3844 7 15 ,
2093 3835 51 17 rue
2157 3824 34 27 de
2205 3823 81 30 Seine
2298 3831 54 26 ,n»
2369 3827 14 26 8
2398 3834 7 26 ;
2431 3830 26 22 et
2470 3822 69 35 çhetf

1415 3867 33 27 IN.
1462 3865 116 30 Piehard
1592 3885 6 15 ,
1625 3863 64 38 quai
1702 3863 34 30 de
1749 3862 83 30 Couti
1847 3882 7 17 ,
1880 3869 31 20 n°
1925 3861 27 28 5.

1378 24 0 57 2
