2582 3992
143 3718 43 37 (i)
208 3719 78 26 Deux
302 3719 66 26 forts
384 3719 122 26 volumes
522 3720 73 26 in-8°
609 3742 7 11 ,
643 3722 84 26 ornés
744 3720 172 35 du.poi'trait
930 3719 35 27 de
986 3719 125 27 l'auteur.
1133 3719 64 27 Prix
1214 3731 7 14 :

109 3754 13 38 l
135 3754 12 38 5
159 3754 50 38 fr.,
231 3762 25 21 et
274 3758 30 25 18
319 3756 35 26 fr.
367 3755 34 28 5o
416 3765 25 18 c.
457 3764 51 27 par
521 3755 24 27 la
557 3763 84 28 poste.

145 3793 24 27 A
185 3791 24 26 la
227 3791 128 26 Libraii»
370 3802 135 26 grecque,
520 3791 90 28 latine
622 3800 26 19 et
665 3791 150 38 française.
831 3802 50 18 rue
895 3793 34 26 de
940 3791 80 27 Seine
1033 3798 97 27 ,n°l?
1142 3802 7 24 ;

143 3828 74 27 Citez
240 3828 26 26 le
288 3829 150 37 ÎSormaut,
458 3829 87 26 même
565 3837 65 25 rue,
703 3831 32 35 Sj
750 3836 27 20 et
798 3828 71 30 «kez
888 3829 37 30 K.
945 3829 136 35 Piçbard,
1102 3828 65 37 quai
1189 3828 33 27 de

102 3863 107 35 tCunli,
221 3870 33 20 n°
269 3875 27 19 j.

1256 79 125 38 religion
1400 77 116 33 révélée
1534 89 52 19 aux
1606 77 133 31 hommes
1756 102 6 13 ,
1787 89 86 31 parce
1886 77 73 43 qu'il
1980 78 65 30 n'en
2061 84 54 24 ont
2128 89 110 19 encore
2254 89 38 21 eu
2309 89 61 28 que

1256 120 91 35 deux,
1367 128 28 21 et
1410 120 71 38 qu'il
1500 120 63 28 leur
1576 131 34 17 en
1629 120 63 28 faut
1709 120 79 28 trois.
1807 118 41 30 Ce
1866 119 72 30 n'est
1954 129 51 31 pas
2022 120 24 28 là
2056 130 67 19 sans
2140 120 90 28 doute
2238 120 30 28 d'à
2285 120 84 30 seule

1254 164 110 33 raison,
1376 164 71 26 tnais
1462 162 65 28 c'est
1544 172 57 18 une
1617 163 34 27 de
1668 171 46 18 ses
1730 163 123 34 raisons,
1867 168 27 21 et
1911 162 34 28 ici
1958 162 19 27 il
1996 159 58 30 faut
2070 172 110 18 avouer
2197 164 63 35 què
2271 162 43 31 M.
2333 165 37 26 de

1259 202 132 37 îYlaistre,
1409 206 14 26 à
1441 203 79 28 force
1534 202 35 30 de
1586 204 118 27 Vouloir
1720 203 61 28 être
1796 203 154 38 religieux,
1964 213 35 18 ne
2016 203 63 28 l'est
2095 214 51 31 pas
2161 211 77 20 assez
2251 215 7 26 ;
2274 214 32 18 ce
2319 206 54 38 qui

1257 244 41 28 lui
1312 246 97 26 arrive
1423 243 201 40 quelquefois.
1654 242 84 31 Enfin
1755 267 6 13 ,
1788 254 33 18 ce
1846 244 124 27 nombre
1984 247 72 26 trois
2072 266 7 15 ,
2105 246 117 26 suivant
2241 244 38 28 lui
2295 267 8 12 ,
2330 252 45 22 est

1257 285 74 30 écrit
1348 292 120 33 partout
1495 285 72 30 dans
1583 285 215 39 l'intelligence
1814 285 35 28 de
1878 285 143 28 l'homme
2043 295 30 19 et
2098 286 73 28 dans
2197 296 51 18 son
2271 296 100 28 corps.

1257 328 11 39 (
1283 325 83 31 Passe
1383 337 110 19 encore
1508 327 74 28 dans
1599 327 231 38 l'intelligence,
1852 328 72 27 mais
1936 334 152 21 comment
2107 328 72 27 dans
2193 327 26 28 le
2238 327 110 41 corps?
2363 330 11 38 )

1260 369 80 27 Dans
1368 369 24 27 la
1407 370 180 38 grammaire
1616 374 53 33 (et
1691 369 148 39 pourquoi
1856 369 77 27 dans
1956 367 28 28 la
2014 369 204 39 grammaire?
2245 376 87 21 est-ce
2357 370 20 27 à

1258 419 87 19 cause
1363 410 51 28 des
1430 411 69 27 trois
1514 418 106 28 genres
1636 422 8 25 ;
1669 410 74 27 mais
1759 409 208 40 beaucoup'de
1985 410 124 37 langues
2128 409 65 30 n'en
2210 410 167 30 admettent

1259 461 57 30 que
1332 451 78 28 deux
1424 465 28 26 j,
1478 452 74 27 dans
1579 451 25 27 la
1633 451 155 39 politique-
1798 450 14 37 (_
1821 450 70 30 c'est
1907 461 66 19 sans
1993 451 90 28 doute
2100 451 14 27 à
2130 461 86 19 cause
2232 451 50 28 des
2304 451 72 28 trois

1259 493 138 39 pouvoirs
1410 504 9 26 ;
1447 494 77 26 mais
1541 493 19 27 il
1580 493 59 27 faut
1654 502 112 19 avouer
1782 502 59 27 que
1859 502 33 18 ce
1907 493 124 28 nombre
2049 493 43 27 n'a
2108 493 47 27 clé
2171 493 74 28 écrit
2264 493 71 28 dans
2348 493 28 30 in

1260 534 149 39 politique
1423 534 129 38 qu-'assez
1576 534 180 28 récemment
1770 555 7 13 ,
1804 541 30 21 et
1857 544 15 17 a
1900 533 47 28 été
1976 534 185 39 long-temps
2184 534 85 30 Lettre
2295 535 81 28 close

1260 583 78 31 pour
1351 581 64 21 tout
1431 576 27 26 le
1470 585 90 28 genre
1576 574 122 30 humain
1710 578 27 38 ),
1754 576 73 27 clans
1841 574 26 28 la
1881 575 164 37 géométrie
2062 575 80 39 (sans
2156 575 90 28 doute
2258 575 13 28 à
2288 585 93 19 causo

1260 617 39 27 du
1318 617 123 37 triangle
1456 628 8 25 ;
1491 617 72 28 mais
1580 617 17 28 il
1613 627 18 28 y
1649 627 14 17 a
1681 617 27 27 le
1722 617 81 27 carré
1819 638 7 14 ,
1851 617 27 26 le
1899 622 169 33 pentagone
2083 639 6 12 ,
2119 617 172 38 l'hexagone
2310 638 8 17 ,
2347 619 35 27 et

1261 656 79 31 enfin
1357 658 26 28 le
1400 657 94 30 cercle
1509 659 38 26 où
1566 665 59 21 tous
1643 659 41 27 les
1706 660 136 26 nombres
1870 664 69 21 sont
1959 658 89 28 écrits
2069 659 106 39 depuis
2198 669 38 18 uti
2263 658 116 39 jusqu'à

1261 698 138 38 l'infini).
1426 698 37 30 Je
1480 700 129 27 termine
1632 706 78 21 cette
1731 699 226 28 nomenclature
1983 699 144 37 d'objets,
2159 700 39 27 de
2223 702 152 35 sciences,

1261 739 171 41 d'opinions
1456 750 39 18 ou
1526 741 94 28 même
1637 741 35 27 de
1688 741 167 35 chimères,
1886 741 72 27 dans
1974 741 129 39 lesquels
2117 763 7 14 ,
2146 741 117 28 suivant
2281 741 43 28 M.
2342 743 40 27 do

1264 781 46 30 Ma
1315 783 69 27 istre
1403 781 46 38 ,1e
1469 783 125 27 nombre
1610 784 72 26 trois
1698 790 41 21 est
1756 782 58 28 très
1832 781 183 30 lisiblement
2031 781 90 39 écrit;
2144 782 58 28 elle
2217 788 43 22 est
2272 782 89 30 extrê-

1266 831 130 20 mement
1414 826 107 35 longue
1534 844 6 13 ,
1566 831 27 20 et
1619 823 137 40 présente
1785 833 38 19 un
1845 824 141 37 singulier
2008 824 178 37 assemblage
2210 824 52 27 des
2284 824 99 34 objet#

1264 863 43 28 les
1323 865 69 39 plus
1410 866 162 39 disparates
1586 876 7 17 :
1619 865 162 39 l'Evangile
1799 872 28 20 et
1851 865 26 27 le
1899 863 120 28 fahuud
2036 888 7 13 ,
2062 865 41 28 les
2126 865 187 30 cérémonies
2336 876 31 17 re-

1264 905 138 39 ligieuses
1433 914 27 20 et
1478 908 25 26 la
1521 907 94 38 tnagie
1644 908 84 27 noire
1746 914 30 20 et
1800 906 128 30 blanche
1945 927 6 15 ,
1984 907 26 27 la
2035 906 150 43 théologie
2210 913 30 21 et
2261 906 106 41 l'alchy-

1266 950 57 27 roie
1335 970 7 14 ,
1362 954 56 21 etc.
1436 954 59 21 etc.
2381 950 5 34 I

1305 989 46 30 Au
1370 994 92 30 reste,
1481 989 104 38 jamais
1604 986 178 41 philosophe
1799 987 224 40 pythagoricien
2043 987 154 30 n'accorda
2212 989 170 39 davantage

1264 1030 15 28 à
1293 1029 26 30 la
1337 1031 154 39 puissance
1505 1031 50 26 des
1571 1032 155 34 nombres;
1743 1031 18 26 il
1781 1030 41 27 les
1837 1029 181 30 affectionne
2030 1029 59 28 l'un
2108 1030 86 39 après
2210 1030 122 37 l'autre,
2352 1033 33 26 cl

1266 1072 76 27 deux
1357 1072 120 27 devient
1492 1072 76 26 aussi
1585 1072 15 26 à
1617 1080 52 19 son
1695 1077 67 21 tour
1787 1069 103 38 l'objet
1906 1071 38 27 de
1958 1081 27 18 sa
2004 1069 213 41 prédilection.
2239 1084 13 14 «
2271 1072 110 37 Deux,

1267 1124 13 14 »
1306 1111 104 39 dit-il,
1423 1119 45 22 est
1482 1111 141 40 frappant
1638 1114 74 26 dans
1729 1111 168 39 l'équilibre
1915 1111 193 30 merveilleux
2125 1113 48 27 des
2190 1111 76 30 deux
2278 1123 103 28 sexes,

1266 1167 13 13 »
1307 1154 168 39 qu'aucune
1501 1165 117 18 science
1641 1152 45 30 n'a
1706 1163 38 28 pu
1756 1153 158 39 déranger.
1932 1167 13 14 »
1967 1153 37 30 Je
2023 1165 35 17 ne
2081 1154 118 39 eroyois
2213 1165 51 30 pas
2280 1154 86 40 qu'au-

1265 1205 77 18 cuue
1357 1196 117 26 science
1489 1196 69 27 l'eût
1576 1195 92 27 tenté.
1689 1206 13 13 «
1717 1193 25 30 Il
1756 1204 32 19 se
1811 1202 117 20 montre
1945 1194 72 30 dans
2041 1204 53 19 nos
2108 1204 92 30 yeux,
2231 1196 72 28 dans
2328 1206 56 21 nos

1267 1250 13 14 »
1306 1235 138 38 oreilles,
1462 1243 30 22 et
1506 1237 195 28 trente-deux
1716 1243 41 21 est
1782 1235 74 28 écrit
1880 1237 71 27 dans
1977 1243 85 22 notre
2080 1235 113 28 bouche
2206 1258 6 14 ,
2230 1244 27 21 et
2275 1240 83 35 vingt
2372 1260 11 15 ,

1267 1291 13 12 »
1307 1279 93 28 divisé
1414 1289 53 30 par
1482 1283 104 34 quatre
1598 1300 6 14 ,
1620 1283 84 34 porte
1721 1287 53 18 son
1793 1277 163 30 invariable
1969 1278 139 39 quotient
2124 1279 14 26 à
2154 1278 176 30 l'extrémité
2343 1280 39 28 de

1266 1332 14 14 »
1309 1329 53 20 nos
1374 1329 57 31 qua
1446 1329 31 18 re
1495 1319 156 27 membres.
1674 1331 13 13 »
1709 1330 13 13 «
1743 1318 239 40 L'intelligence,
2002 1319 117 27 avoit-il
2137 1319 44 27 dit
2202 1319 66 39 plus
2284 1320 97 39 haut,

1267 1372 13 14 »
1309 1370 37 20 ne
1365 1371 31 18 se
1417 1359 97 30 révèle
1538 1361 14 26 à
1574 1358 214 40 l'intelligence
1812 1370 57 28 que
1897 1370 51 30 par
1974 1362 27 28 le
2024 1359 136 30 nombre.
2178 1372 13 14 »
2213 1359 34 28 Et
2271 1362 20 28 il
2321 1361 63 32 faut

1266 1411 111 19 avouer
1391 1401 71 39 qu'il
1479 1401 167 40 développe
1658 1407 78 22 cette
1754 1404 184 37 proposition
1951 1424 7 13 ,
1984 1411 77 20 assez
2082 1401 163 38 singulière
2262 1413 35 19 au
2315 1411 53 33 pre-

1270 1444 71 27 mier
1357 1449 119 34 aspect,
1500 1452 54 31 par
1567 1443 143 38 quelques
1727 1443 237 27 considérations
1991 1443 54 27 très
2061 1443 111 35 belles,
2199 1444 118 31 eusclipé
2331 1454 54 31 par

1270 1485 128 28 d'autres
1413 1485 57 28 très
1495 1485 125 28 subtiles
1633 1493 58 30 que
1709 1487 25 33 je
1756 1483 41 28 lui
1815 1483 124 40 passerai
1963 1494 126 26 encore,
2109 1491 31 21 et
2163 1483 78 28 enfin
2265 1496 53 30 par
2343 1487 43 28 les

1267 1524 252 43 rapprocliemens
1534 1525 41 28 les
1592 1525 64 40 plus
1670 1525 144 37 bizarres,
1832 1524 111 41 jusqu'à
1967 1527 119 27 donner
2112 1535 37 19 en
2174 1535 130 30 preuve,
2331 1537 54 30 par

1267 1569 144 39 exemple,
1424 1569 35 26 de
1475 1567 25 27 la
1517 1567 156 39 puissance
1683 1569 37 26 du
1737 1567 136 35 nombre,
1893 1569 40 26 les
1948 1567 170 39 acceptions
2133 1569 39 26 du
2187 1569 87 28 verbe
2284 1579 80 28 comp-

1267 1615 61 30 ter,
1346 1607 154 28 tellement
1517 1609 148 34 diverses,
1684 1607 89 39 qu'on
1793 1609 39 27 du
1841 1609 35 39 je
1893 1616 113 31 compte
2023 1619 61 18 mes
2105 1611 69 27 écus
2186 1631 7 14 ,
2212 1610 37 37 je
2267 1619 116 30 compte

1267 1651 80 28 aller
1371 1662 70 18 cous
1463 1659 63 20 voir
1534 1659 11 26 $
1569 1650 146 28 locutions
1737 1650 175 38 auxquelles
1941 1659 74 18 nous
2037 1659 38 18 ne
2101 1649 208 31 rétléchissons
2334 1659 53 32 pas

1270 1701 93 25 assez,
1381 1694 30 25 e<
1424 1701 59 30 que
1499 1690 165 30 l'habitude
1678 1691 97 35 seule,
1792 1693 81 27 selon
1891 1693 37 26 lui
1944 1713 7 15 ,
1971 1701 74 19 nous
2061 1691 145 39 empêche
2224 1693 35 28 de
2277 1702 38 19 ne
2333 1702 53 31 pas

1271 1740 118 21 trouver
1404 1742 78 19 assez
1495 1731 261 30 extraordinaires.

1312 1781 92 30 Mais,
1420 1783 94 39 parmi
1535 1789 64 20 tant
1616 1782 110 28 d'idées
1741 1781 193 39 singulières,
1952 1783 28 35 je
1997 1783 137 27 m'arrête
2150 1783 155 40 peut-être
2316 1791 70 35 trop

1270 1824 187 39 long-temps
1492 1825 14 26 à
1539 1824 90 28 celles
1657 1825 200 39 qu'inspirent
1872 1824 15 28 à
1909 1822 43 30 M.
1970 1824 34 30 de
2024 1824 119 31 Maistre
2160 1830 27 25 le
2206 1828 125 27 nombre
2349 1838 39 19 ea

1270 1865 137 38 général,
1420 1872 30 21 et
1459 1865 145 39 quelques
1620 1866 138 28 nombres
1769 1866 200 40 particuliers.
1982 1865 15 30 J
2010 1867 25 27 ai
2052 1867 48 27 été
2114 1867 97 28 même
2225 1869 163 39 entraîné,

1272 1910 27 34 je
1325 1906 26 28 le
1380 1906 152 34 confesse,
1552 1907 15 26 à
1591 1907 167 39 m'occuper
1783 1907 123 27 d'abord
1929 1907 35 27 de
1984 1918 33 18 ce
2042 1907 86 39 point
2154 1909 57 30 très
2226 1913 163 27 accessoire

1272 1950 73 27 dans
1359 1958 52 18 son
1430 1958 130 27 ouvrage
1573 1970 7 14 ,
1606 1949 145 38 quoiqu'il
1778 1958 18 28 y
1820 1948 151 40 remplisse
1998 1949 149 39 plusieurs
2167 1959 89 31 pages
2271 1951 72 30 dans
2360 1954 28 28 le

1273 1991 129 39 premier
1417 1996 28 21 et
1462 1989 74 30 dans
1550 1989 26 28 le
1592 1993 110 26 second
1719 1990 119 30 volume
1854 2011 6 14 ,
1878 1996 28 22 et
1922 1998 57 30 que
1996 1991 125 28 l'auteur
2135 2003 19 28 y
2171 1993 143 30 revienne
2324 1994 50 40 plu-

1273 2034 91 26 sieurs
1382 2031 54 28 fois
1450 2041 53 30 par
1521 2040 59 19 une
1594 2031 109 28 liaison
1720 2031 37 28 de
1774 2039 76 22 mots
1872 2031 67 39 plus
1956 2042 59 27 que
2039 2031 122 31 d'idées.
2180 2031 122 33 L'ordre
2317 2042 28 22 et
2362 2037 30 27 la.

1273 2070 143 32 méthode
1440 2073 139 27 auroient
1599 2073 83 37 exigé
1698 2082 58 28 que
1770 2073 107 37 j'eusse
1893 2073 122 28 d'abord
2034 2073 53 30 fait
2109 2081 162 22 concoure
2288 2076 105 37 l'objet

1274 2114 148 39 principal
1446 2113 38 28 de
1504 2113 129 30 l'auteur
1656 2120 30 22 et
1711 2114 26 26 le
1761 2114 69 39 plan
1853 2117 37 25 de
1916 2122 54 19 son
1996 2124 150 31 ouvrage;
2173 2117 89 35 mais,
2278 2117 47 30 s'il
2339 2130 18 27 y
2375 2130 15 18 a

1273 2156 130 39 quelque
1423 2154 143 28 désordre
1581 2156 72 27 dans
1670 2163 70 19 mon
1757 2154 122 34 article,
1899 2156 26 35 je
1946 2157 120 38 pourrai
2083 2158 151 38 peul-être
2252 2159 142 30 l'excuser

1273 2207 53 28 par
1339 2197 26 28 le
1381 2196 143 28 détordre
1540 2196 38 27 du
1594 2196 74 28 livre
1685 2196 73 28 dont
1769 2198 25 32 je
1807 2196 92 39 parle.
1918 2194 24 30 Il
1959 2202 45 22 est
2017 2207 37 18 en
2073 2197 94 30 forme
2181 2198 37 28 de
2231 2199 136 39 dialogue
2379 2213 13 27 ;

1273 2248 40 19 ou
1329 2239 124 27 connoil
1468 2237 26 30 le
1508 2237 144 39 privilège
1670 2238 50 28 des
1735 2239 234 33 conversations,
1985 2246 30 19 et
2036 2239 40 27 les
2096 2239 234 32 interlocuteurs
2352 2254 41 19 en

1277 2285 83 24 usent
1375 2280 168 39 largement
1559 2285 30 21 et
1604 2289 35 18 en
1656 2280 125 28 abusent
1805 2278 200 39 quelquefois.
2033 2280 43 28 Ce
2101 2283 92 26 seroil
2219 2290 58 21 une
2303 2285 92 27 chose

1274 2331 77 19 assez
1364 2330 135 18 curieuse
1512 2342 8 15 ,
1538 2326 30 22 et
1580 2321 156 39 peut-être
1762 2320 26 28 la
1821 2321 155 27 meilleure
2004 2323 129 37 criiique
2154 2322 37 28 de
2213 2322 150 43 l'ouvrage
2381 2349 11 14 ,

1277 2363 35 27 de
1332 2362 71 28 faire
1417 2383 7 13 ,
1441 2362 14 27 à
1470 2362 26 27 la
1517 2362 57 27 tôle
1589 2365 38 26 de
1643 2362 115 39 chaque
1773 2362 146 28 entretien
1932 2383 7 14 ,
1958 2372 38 32 up
2022 2365 161 27 sommaire
2196 2373 83 21 exact
2295 2374 28 22 et
2336 2369 44 27 cir-

1276 2404 174 28 constancié
1470 2404 37 27 de
1535 2411 65 21 tous
1625 2404 40 28 les
1689 2405 96 37 objets
1806 2404 52 38 qui
1873 2413 18 30 y
1907 2409 71 21 sont
1997 2406 111 27 traités.
2127 2405 151 32 L'éditeur
2294 2409 46 27 n'a
2356 2419 38 19 eu

1276 2445 89 39 garde
1382 2446 35 26 de
1435 2445 125 39 remplir
1573 2452 78 21 celle
1670 2446 84 27 tâche
1768 2467 7 14 ,
1800 2447 48 35 qui
1876 2445 169 40 cependant
2068 2448 52 27 eût
2143 2447 48 28 été
2212 2458 79 20 assez
2310 2460 65 19 com-

1278 2486 87 28 mode
1382 2496 74 30 pour
1483 2487 26 27 le
1540 2487 124 27 lecteur.
1690 2485 26 30 Il
1734 2486 111 28 résulte
1860 2497 66 18 sans
1945 2489 91 27 doute
2054 2489 35 26 de
2106 2494 77 22 celle
2200 2489 93 31 forme
2309 2492 71 28 d'ou-

1278 2537 85 28 vrage
1380 2535 64 22 tous
1459 2528 41 28 les
1515 2536 162 31 avantages
1696 2530 34 26 de
1746 2529 26 28 la
1789 2528 123 38 variété,
1932 2530 72 27 mais
2020 2532 76 26 aussi
2114 2537 66 22 tous
2196 2532 41 27 les
2255 2533 125 28 inconvé-

1283 2570 87 27 nieus
1384 2569 37 28 de
1436 2569 210 39 l'irrégularité
1664 2577 28 20 et
1709 2570 38 27 du
1768 2568 138 31 désordre
1920 2581 9 26 ;
1949 2570 19 28 il
1991 2581 37 18 en
2044 2571 110 28 résulte
2179 2580 117 24 surtout
2321 2585 79 31 pour

1280 2620 57 19 moi
1355 2621 58 18 une
1430 2613 113 37 grande
1560 2611 145 28 difficulté
1720 2633 7 14 ,
1746 2620 57 26 ou,
1827 2621 76 30 pour
1929 2611 96 30 mieux
2049 2611 84 39 dire,
2161 2613 236 43 l'impossibilité

1279 2653 35 27 de
1332 2652 72 28 faire
1417 2654 180 37 connoître,
1617 2655 73 26 dans
1707 2654 146 37 quelques
1867 2653 148 30 colonnes
2030 2654 37 28 de
2082 2665 32 19 ce
2128 2654 138 38 Journal,
2281 2668 41 22 un
2341 2669 59 21 ou-,

1279 2704 85 28 vrage
1382 2705 56 28 peu
1454 2694 130 39 régulier
1599 2696 73 26 dans
1688 2704 54 19 son
1761 2694 71 40 plan
1847 2718 7 13 ,
1878 2705 38 18 ou
1937 2695 98 39 plutôt
2062 2696 157 39 dépourvu
2241 2699 38 30 de
2297 2701 71 28 'dan
2382 2722 12 15 ,

1280 2743 28 20 et
1326 2735 72 27 dans
1413 2735 99 40 lequel
1526 2738 155 38 beaucoup
1697 2735 183 30 d'érudition
1894 2758 7 13 ,
1922 2735 155 40 beaucoup
2089 2738 137 41 d'esprit,
2243 2740 155 41 beaucoup

1280 2778 35 27 de
1333 2778 111 35 talent,
1466 2779 157 38 beaucoup
1642 2778 226 37 d'imagination
1887 2784 54 22 ont
1957 2789 67 18 sans
2050 2780 92 28 doute
2169 2780 136 40 répandu
2322 2781 81 32 leurs

1280 2819 125 37 trésors,
1423 2823 73 27 mais
1514 2829 59 20 non
1591 2830 67 18 sans
1675 2820 136 37 mélange
1824 2825 30 21 et
1867 2830 66 18 sans
1946 2819 172 30 confusion.
2150 2820 189 33 L'érudition
2356 2824 45 41 s'y

1281 2859 72 40 plait
1371 2870 117 22 surtout
1507 2864 14 27 à
1539 2859 176 33 rassembler
1728 2859 41 30 les
1786 2859 80 30 idées
1883 2859 175 39 singulières
2072 2869 30 22 et
2115 2864 43 28 les
2180 2865 143 39 opinions
2337 2877 48 30 sys-

1281 2903 181 41 tématiques
1475 2906 35 27 de
1530 2911 65 21 tous
1612 2904 43 27 les
1671 2902 144 40 peuplés,
1834 2903 34 27 de
1897 2909 96 22 toutes
2015 2904 41 27 les
2078 2906 122 38 langues
2219 2914 28 21 et
2272 2908 38 28 de
2334 2915 66 22 tous

1281 2944 40 27 les
1339 2944 164 38 écrivains,
1522 2955 28 20 et
1569 2947 15 28 à
1599 2955 138 30 appuyer
1762 2944 52 27 des
1832 2944 224 28 raisonnemen's
2082 2944 248 44 philosophiques
2349 2959 52 20 sur

1281 2986 43 28 les
1338 2987 158 30 traditions
1514 2988 39 28 les
1570 2989 63 38 plus
1645 2986 139 31 obscures
1799 2991 28 21 et
1847 2986 40 28 les
1904 2986 151 38 analogies
2066 2989 43 28 les
2121 2989 66 39 plus
2200 2991 198 39 incertaines;

1281 3027 113 40 l'esprit
1410 3031 91 27 abuse
1513 3035 128 24 souvent
1657 3030 35 26 de
1704 3040 30 17 sa
1752 3026 151 30 fécondité
1916 3034 30 20 et
1957 3027 35 28 île
2006 3039 30 18 sa
2049 3030 111 30 facilité
2172 3032 14 28 à
2202 3039 133 22 entasser
2347 3033 53 28 des

1280 3072 259 35 argumentations
1556 3072 57 27 très
1626 3070 129 34 déliées,
1770 3076 28 20 et
1814 3069 50 28 des
1880 3070 78 27 idées
1976 3067 56 32 très
2042 3072 124 30 subtiles
2183 3074 50 38 qui
2249 3074 152 28 étonnent

1283 3110 123 31 d'abord
1420 3136 7 12 ,
1456 3115 52 38 qui
1534 3113 126 40 plaisent
1677 3112 97 28 même
1789 3110 215 39 parcequ'elles
2017 3120 67 20 sont
2101 3115 183 39 spirituelles
2297 3138 7 13 ,
2324 3116 77 31 mais

1283 3154 50 40 qui
1350 3164 38 19 ne
1403 3163 132 31 peuvent
1556 3159 102 34 porter
1677 3154 27 28 la
1719 3154 170 28 conviction
1905 3152 72 31 dans
1994 3154 130 40 l'esprit,
2154 3163 28 22 et
2202 3167 76 28 pour
2294 3158 103 38 étayer

1283 3196 51 27 des
1350 3207 71 19 vues
1430 3196 248 40 philosophiques
1695 3196 58 28 très
1763 3195 194 40 paradoxales
1968 3217 8 14 ,
1997 3196 27 35 je
2041 3197 76 28 dirai
2132 3198 96 27 même
2242 3198 50 27 des
2306 3200 96 27 senti—

1285 3239 242 38 mensrehgieux
1541 3236 189 41 quelquefois
1747 3236 159 34 hasardés,
1919 3239 189 38 quelquefois
2124 3239 111 30 outrés.
2250 3239 41 30 Le
2304 3239 97 31 talent

1281 3279 107 39 souple
1403 3301 6 12 ,
1429 3279 117 30 llexible
1560 3302 6 13 ,
1587 3278 79 30 varié
1683 3301 6 13 ,
1706 3291 18 27 y
1740 3278 138 39 présente
1897 3287 73 19 avec
1996 3280 155 40 beaucoup
2170 3281 38 28 de
2230 3280 122 30 charme
2366 3288 33 22 et

1284 3320 184 39 d'agrément
1482 3322 35 27 de
1533 3321 126 38 grandes
1677 3328 27 20 et
1723 3320 87 28 utiles
1827 3318 128 39 vérités;
1977 3322 71 26 mais
2062 3320 20 28 il
2096 3332 97 30 ypare
2210 3322 72 28 aussi
2302 3322 37 27 de
2354 3332 44 20 ses

1286 3363 138 38 prestiges
1462 3363 48 28 des
1535 3361 122 40 pensées
1681 3371 57 31 peu
1767 3360 107 28 solides
1906 3371 39 18 ou
1971 3363 35 27 de
2033 3363 157 31 véritables
2218 3363 177 41 sophismes.

1284 3402 233 39 L'imagination
1546 3406 66 27 vive
1633 3411 28 20 et
1687 3403 142 28 brillante
1857 3412 20 28 y
1906 3410 39 20 est
1970 3413 67 19 sans
2065 3403 76 31 frein
2164 3415 7 18 :
2192 3405 57 30 elle
2274 3405 125 28 conduit

1286 3444 129 28 l'auteur
1430 3455 66 18 sans
1517 3446 96 37 règle,
1631 3452 27 20 et
1680 3445 39 27 lui
1742 3444 54 28 fait
1817 3443 133 30 franchir
1972 3450 96 24 toutes
2085 3446 41 27 les
2141 3446 105 30 bornes
2263 3446 39 30 du
2320 3446 78 35 sujet

1286 3485 73 39 qu'il
1377 3494 96 21 traite.
1495 3485 79 30 C'est
1592 3487 73 28 ainsi
1683 3497 72 28 que,
1773 3485 73 27 dans
1863 3485 26 27 le
1906 3485 93 27 même
2016 3487 73 30 livre
2107 3509 6 14 ,
2135 3495 30 20 et
2178 3495 128 22 souvent
2322 3489 76 28 dans

1286 3527 26 28 le
1330 3529 94 28 même
1439 3530 150 27 entretien
1604 3552 6 13 ,
1633 3530 20 27 il
1680 3528 125 39 pénètre
1821 3527 72 27 dans
1910 3526 40 30 les
1964 3528 131 30 conseils
2114 3529 34 28 de
2166 3528 76 30 Dieu
2256 3552 7 14 ,
2289 3539 109 30 expose

1286 3569 43 28 les
1345 3578 124 21 ressorts
1483 3570 38 27 de
1537 3580 52 20 son
1609 3570 239 27 administration
1865 3570 174 35 temporelle
2053 3592 8 13 ,
2089 3578 31 21 et
2144 3570 41 28 les
2212 3581 70 20 vues
2309 3573 37 27 de
2365 3582 32 19 sa

1286 3613 183 38 providence
1482 3634 6 13 ,
1519 3622 12 17 s
1543 3612 83 28 élève
1646 3621 71 18 avec
1737 3612 150 40 beaucoup
1918 3609 34 28 de
1982 3611 79 28 force
2079 3634 6 12 ,
2106 3620 28 21 et
2151 3612 20 28 il
2189 3612 59 30 faut
2264 3613 27 30 le
2310 3613 81 37 dire,

1286 3660 128 21 souvent
1430 3664 71 18 avec
1515 3663 58 19 une
1585 3653 97 28 raison
1696 3653 171 38 supérieure
1883 3659 106 21 contre
2004 3652 43 30 les
2061 3653 79 28 idées
2154 3663 175 21 communes
2344 3656 52 28 des

1289 3693 135 30 hommes
1436 3705 48 19 sur
1500 3705 48 20 ces
1561 3696 110 38 grands
1684 3700 31 21 et
1733 3693 141 28 sublimes
1889 3694 96 37 objets
1997 3715 7 15 ,
2028 3693 113 31 diseute
2171 3696 41 27 les
2235 3696 83 30 titres
2344 3696 52 31 des

1286 3738 69 38 plus
1370 3737 109 37 grands
1493 3737 146 27 écrivains
1654 3733 5 43 ,
1687 3736 51 27 des
1753 3733 195 41 philosophes
1961 3735 41 28 les
2015 3736 65 40 plus
2096 3737 183 35 renommés,
2303 3744 30 21 et
2348 3746 33 19 ra-

1287 3778 93 28 baisse
1410 3778 43 28 les
1475 3778 65 40 plus
1566 3776 103 30 hautes
1702 3777 203 38 réputations,
1937 3777 65 37 juge
2022 3778 27 28 le
2069 3777 104 40 passé,
2206 3780 28 26 le
2255 3780 139 38 présent,

1290 3822 6 26 1
1310 3820 104 28 avenir
1430 3820 113 38 même;
1560 3828 50 19 car
1626 3816 41 30 M.
1687 3819 38 27 de
1740 3816 118 30 Maistre
1872 3827 37 18 ne
1923 3819 91 27 doute
2030 3828 51 30 pas
2095 3829 58 28 que
2167 3819 143 31 l'homme
2324 3819 71 31 n'ait

1290 3863 30 28 le
1332 3862 78 28 droit
1423 3861 39 30 de
1475 3861 156 30 connoître
1643 3859 128 32 l'avenir
1780 3881 7 15 ,
1814 3865 31 24 et
1871 3869 39 19 ne
1929 3860 128 41 possède
2073 3870 57 19 une
2144 3862 159 39 puissance
2316 3862 79 28 divi-

383 81 198 31 ÇHAMRRE
602 81 77 28 DES
700 80 175 30 DEPOTES.

399 130 201 38 (Présidence
614 130 37 28 de
665 130 43 28 M.
725 130 112 28 BAVEZ.

320 187 113 30 Séance
456 184 56 39 (de
523 184 118 30 clôture
654 184 66 39 )du
745 184 19 27 3
772 194 7 18 !
802 184 111 35 juillet.

107 236 47 28 On
168 248 13 15 a
196 236 131 28 distribué
339 248 54 17 aux
405 237 118 38 députés
536 237 24 26 le
575 240 136 25 Discours
724 242 33 21 de
770 236 43 39 M.
831 237 110 26 Clausel
953 239 32 22 de.
998 236 111 26 Coasser
1111 243 76 24 gués,

69 278 103 32 députe
185 279 32 22 de.
233 275 15 25 /'
252 278 125 32 Avryron
391 272 5 39 ,
424 286 47 17 sur
490 276 37 25 les
531 276 91 34 fonds
644 275 120 26 destinés
777 283 60 18 uux
848 278 130 31 dépenses
991 275 110 26 secrètes
1114 273 33 22 de
1161 272 27 24 ta

66 313 111 34 police,
195 313 138 34 prononcé
356 312 67 26 dans
442 312 22 25 la
485 312 98 26 séance
602 311 135 37 publique
751 312 37 28 du
806 312 102 33 toju.u
928 308 123 30 dernier,
1070 306 69 27 suivi
1155 306 34 26 de

71 356 158 27 remarques
244 357 47 17 sur
307 347 34 27 les
361 348 125 34 réponses
506 348 79 25 laites
598 359 12 14 a
626 357 27 17 ce
671 346 125 27 discours
810 356 47 27 par
878 347 37 25 les
931 351 152 25 ministres,
1109 348 26 20 cl
1154 341 35 26 de

71 383 132 37 quelques
216 383 216 30 considérations
446 393 48 17 sur
507 384 26 26 la
547 383 112 28 marche
672 383 118 30 actuelle
806 385 38 22 du
856 380 139 28 ministère
1010 400 7 12 ,
1041 389 65 18 avec
1121 385 70 21 celle

72 419 154 35 épigraphe
242 432 6 13 :

112 469 13 11 «
145 456 77 26 INous
235 464 141 28 passerons
389 465 53 17 aux
457 456 123 35 jacobins
599 456 25 26 le
641 455 61 37 plus
725 454 63 27 tard
803 464 53 26 que
876 462 70 18 nous
961 461 155 27 pourrons:
1135 459 54 17 aux

72 502 13 14 »
109 491 159 35 royalistes,
282 493 104 37 jamais.
407 503 12 12 »
444 491 133 37 (Paroles
588 494 71 25 d'un
672 493 115 26 homme
796 494 39 24 du
849 491 144 26 ministère
1005 509 6 14 ,
1025 490 79 25 citées
1117 490 76 24 dans

72 530 25 24 le
111 529 200 26 Conservateur
326 539 33 15 en
377 530 76 25 1818.

92 568 39 22 'A
151 574 53 17 une
229 565 83 28 biwre
332 573 25 18 et
373 565 99 30 demie,
496 565 34 26 M.
548 563 26 27 le
588 562 142 39 pre'sident
749 573 27 17 se
793 562 80 39 place
894 572 35 17 au
956 559 131 37 fauteuil;
1108 560 35 26 M.
1159 559 34 26 de

73 601 155 35 Kergorlay
240 595 5 41 ,
261 601 54 26 l'un
328 602 45 25 des
385 601 175 32 secrétaires,
575 602 91 25 duune
679 600 106 26 lecture
795 601 35 24 du
842 599 110 26 dernier
967 595 223 39 procès-verbal.

73 638 39 26 Le
128 638 115 30 nombre
261 638 47 26 dis
333 635 137 28 membres
485 639 110 34 présens
611 641 43 22 est
667 635 145 27 d'environ
831 634 157 37 cinquante.
1009 634 37 26 M.
1062 632 132 27 Corbière

77 679 41 20 est
142 673 139 26 confondu
311 673 67 26 dans
404 673 38 26 les
467 681 80 27 rangs
567 673 34 26 de
613 681 40 18 ses
664 671 137 38 collègues
814 672 34 26 de
859 671 24 26 la
896 671 91 26 droite
997 671 57 33 ;M.
1070 669 26 26 le
1108 669 40 26 bai
1157 677 37 17 on

73 709 130 37 Pasquier
216 731 6 8 ,
246 719 38 17 en.
294 715 124 21 costume
438 711 33 25 de
498 712 73 33 depu
587 711 27 31 é,
633 707 107 28 s'assied
757 718 33 15 au
806 715 112 25 centre,
946 706 125 26 derrière
1084 705 25 27 le
1124 705 70 27 banc

74 749 47 22 des
141 745 135 27 ministres
288 765 6 13 ,
319 746 34 25 où
366 756 27 15 se
413 752 131 20 trouvent
561 746 66 25 iNIiYJ.
641 745 110 26 iSiméon
764 765 6 12 ,
790 745 58 33 Roy
869 752 25 17 et
913 744 25 26 P.
953 742 59 27 rtal.

111 783 40 26 M.
167 781 24 26 le
203 782 125 26 ministre
340 783 35 26 de
391 782 151 27 l'intérieur
555 788 92 20 moule
663 783 14 24 à
692 781 25 26 la
733 781 111 26 tribune
857 785 26 20 et
899 781 39 25 dit
952 791 6 13 :

111 820 38 25 Le
162 817 47 27 Roi
226 828 69 17 nous
309 828 14 15 a
339 820 126 25 ordonné
482 817 156 35 d'apporter
654 819 14 25 à
684 817 24 26 la
726 816 139 27 Chambre
874 815 22 26 la
918 813 201 39 proclamation
1135 821 58 26 qui.

74 853 70 37 d'api
155 854 28 26 ès
194 853 24 27 la
239 854 37 27 loi
292 854 224 39 réglementaire,
530 855 59 26 doit
601 856 54 25 être
670 853 96 27 remise
777 854 64 26 àM.
859 852 27 27 le
894 850 150 39 président,
1057 856 26 20 et
1096 849 69 26 dont
1178 849 17 26 il

84 899 34 17 va
133 889 109 32 donnçr
255 889 112 28 lecture.

111 927 40 26 Al.
167 926 25 27 le
203 926 145 37 président
361 927 28 26 lit
403 926 25 27 la
444 926 196 37 proclamation
654 925 94 37 royale
762 924 71 28 ainsi
848 933 104 27 conçue
967 935 6 14 :

111 961 106 27 LOUIS
229 961 5 33 ,
249 970 52 19 PAR
313 971 33 18 I.A
358 971 90 19 GRACE
461 971 35 18 I)E
509 964 72 26 DLEU
591 981 6 9 ,
614 967 54 21 etc.

115 1010 13 12 «
148 999 38 25 La
197 999 102 25 session
314 999 33 26 de
360 1000 72 25 ,1820
451 999 33 26 de
500 999 21 26 la
537 999 142 26 Chambre
698 998 47 26 des
763 997 72 27 Pairs
848 1003 27 22 et
891 997 32 26 de
946 994 26 27 la
990 993 139 30 Chambre
1148 993 46 26 des

76 1033 124 37 Députés
214 1035 47 30 des
276 1035 189 37 départemens
480 1041 40 21 est
535 1042 26 20 et
575 1036 128 27 demeure
716 1033 81 26 close.

111 1081 14 13 »
148 1071 44 26 La-
200 1080 25 31 pi
234 1071 91 27 ésente
338 1071 197 34 proclamation
549 1081 60 17 sera
625 1071 94 37 portée
730 1072 13 24 à
757 1071 25 26 la
796 1069 138 28 Ghambre
951 1068 46 26 des
1013 1068 122 35 Députés
1148 1076 48 26 par

76 1111 80 21 notre
170 1107 126 28 ministre
309 1108 144 27 secrétaire
468 1108 84 27 d'Eiat
567 1117 34 17 au
615 1109 187 35 département
817 1107 33 26 de
866 1106 149 27 l'intérieur
1029 1106 5 39 .
1056 1113 47 28 par
1119 1110 78 19 noire

76 1142 126 27 ministre
221 1143 148 28 secrétaire
392 1143 94 28 d'Etat
507 1155 33 15 an
562 1144 189 35 département
763 1143 38 27 (le
816 1141 25 27 la
863 1142 120 31 marine,
1012 1147 26 21 et
1051 1149 48 26 par
1115 1146 80 20 notre

74 1178 128 28 ministre
215 1180 143 27 secrétaire
373 1181 93 27 d'Etat
484 1191 34 17 au
535 1182 187 34 département
737 1181 45 25 des
796 1179 132 27 finances.

113 1226 13 13 »
150 1215 98 26 Donné
268 1218 12 24 à
302 1217 91 33 Paris,
412 1228 35 15 au
467 1217 118 27 château
607 1217 45 26 des
677 1215 152 32 Tuileries,
854 1215 26 27 le
894 1214 31 27 3t
943 1212 89 38 juillet
1048 1213 32 25 de
1096 1211 52 27 lan
1163 1211 32 26 de

76 1251 80 37 grâce
170 1254 83 30 1821,
275 1259 25 20 et
315 1254 35 25 de
366 1260 77 20 notre
457 1256 79 32 règne
554 1253 24 27 le
601 1252 231 35 vingt-sepiièine.
855 1263 12 13 »

112 1287 38 32 Jl.
165 1286 26 27 le
209 1289 64 35 prés
285 1289 85 27 dent:
390 1290 124 27 L'article
527 1289 18 35 4
567 1291 38 25 du
621 1290 38 25 lit.
677 1290 21 25 II
718 1289 35 27 de
771 1287 25 27 la
819 1287 37 26 loi
875 1284 210 39 réglementaire
1109 1284 35 25 «lu
1168 1281 28 28 i
1195 1281 1 43 5

73 1324 66 26 août
158 1324 69 33 iBi4
240 1331 40 19 est
292 1335 90 27 conçu
398 1336 33 17 en
448 1335 44 19 ces
511 1332 74 20 terin.
595 1335 12 18 s
627 1324 5 38 :

117 1371 12 13 H
150 1361 35 25 La
203 1359 138 27 Chambre
358 1371 27 17 se
397 1364 98 30 sépare
508 1372 11 15 a
535 1363 118 26 l'instant
669 1361 21 26 si
704 1361 22 26 la
744 1358 195 39 proclamation
954 1358 128 25 ordonne
1101 1356 22 26 la
1139 1355 43 26 clô-

77 1401 64 22 ture
156 1397 34 26 de
204 1396 22 26 la
247 1397 99 26 session
361 1417 7 14 ,
392 1397 209 38 l'ajournement
620 1408 34 15 ou
678 1397 24 26 la
718 1395 162 28 dissolution
895 1397 32 25 de
953 1394 21 26 lu
992 1393 142 28 Chambre
1149 1391 47 26 des

77 1431 136 37 Députés.
231 1443 12 13 »

112 1469 184 26 L'assemblée
308 1479 28 18 se
350 1470 97 37 sépare
459 1469 230 28 immédiatement
705 1479 53 17 aux
776 1468 54 27 cris
847 1468 33 27 tie
893 1468 56 26 vive
966 1468 25 24 le
1005 1466 60 27 Roi
1076 1466 7 26 !

530 1528 215 31 VARIETES.

81 1586 58 27 Les
156 1586 113 27 Soirées
285 1585 38 28 de
340 1587 301 38 Saint-Pétersbourg
651 1607 6 14 ,
674 1594 38 19 eu
729 1584 170 30 Entretiens
914 1592 47 19 sur
977 1581 27 28 le
1019 1580 159 30 Gouverne-

124 1632 83 21 ment
235 1626 144 39 temporel
402 1626 38 28 de
461 1628 25 27 la
504 1626 184 30 Providence
709 1626 59 40 (i);
787 1626 90 28 suivis
891 1625 71 27 d'un
978 1622 100 30 Traité
1096 1631 47 18 sur
1160 1619 41 31 l*s

123 1665 156 31 Sacrifices
289 1680 9 26 ;
317 1678 53 28 par
386 1667 40 30 M.
445 1667 27 30 le
487 1676 97 21 comte
601 1667 111 41 Joseph
729 1670 35 26 de
782 1665 137 38 Maistre,
941 1664 105 30 ancien
1062 1663 139 28 ministre

123 1708 41 30 du
184 1708 56 30 Roi
256 1708 213 41 deSardaigue
484 1710 15 27 à
517 1710 25 27 la
559 1720 72 18 cour
647 1710 37 27 de
699 1709 118 35 Russie,
836 1715 58 22 etc.

513 1765 11 38 (
544 1763 13 30 lerI
562 1770 24 12 er
602 1765 124 30 Article.
752 1765 13 40 }

128 1815 57 31 Cet
204 1827 129 31 ouvrage
358 1818 96 30 forme
478 1819 77 28 deux
568 1821 132 27 volumes
715 1828 80 19 assez
807 1818 97 40 épais;
931 1815 20 30 il
973 1813 84 31 roule
1082 1822 50 19 sur
1154 1812 48 28 des

80 1859 143 28 matières
242 1860 249 40 philosophiques
513 1869 28 20 et
566 1863 180 38 religieuses;
770 1860 20 28 il
807 1867 43 21 est
872 1869 54 32 par
939 1857 188 38 conséquent
1146 1854 57 27 très

84 1900 118 28 sérieux
215 1906 28 21 et
261 1909 126 21 souvent
404 1902 96 30 même
515 1903 57 30 très
585 1904 122 28 abstrait
719 1925 8 13 ,
745 1909 30 22 et
790 1900 169 40 cependant
974 1898 20 28 il
1017 1909 15 18 a
1048 1897 50 30 été
1113 1896 71 27 beau-

84 1951 80 30 coup
180 1941 41 28 lu.
246 1941 70 30 Cela
334 1942 52 30 fait
406 1952 65 19 sans
494 1944 90 28 doute
609 1944 131 39 quelque
765 1942 137 30 honneur
926 1950 53 19 aux
1003 1939 148 32 lecteurs,
1175 1942 30 21 et

83 1991 115 32 prouve
210 1983 89 38 qu'ils
314 1991 69 21 sont
397 1994 110 20 encore
520 1984 135 40 capables
665 1984 202 38 aujourd'hui,
885 1991 71 31 quoi
974 1980 92 38 qu'on
1078 1989 37 17 en
1128 1978 74 35 dise,

85 2024 37 28 de
139 2024 56 28 lire
211 2034 38 19 un
268 2034 66 28 gros
347 2036 148 27 ouvrage,
508 2033 30 22 et
555 2037 39 19 un
609 2027 76 30 livre
700 2036 100 28 graves
817 2023 74 30 Mais
911 2023 19 28 il
946 2022 61 28 faut
1022 2029 113 19 avouer
1147 2028 58 28 que

87 2065 65 30 cela
169 2075 35 18 en
226 2065 52 30 fait
289 2066 67 40 plus
369 2076 110 19 encore
494 2069 14 26 à
521 2068 125 28 l'autéur
661 2069 47 35 qui
726 2074 44 21 est
784 2075 152 31 parvenu,
959 2073 37 19 en
1012 2062 120 40 parlant
1149 2061 57 26 lort

85 2106 197 38 longuement
298 2107 37 27 de
351 2107 227 41 métaphysique
594 2115 30 21 et
645 2108 38 28 de
699 2108 128 38 religion
841 2128 6 14 ,
863 2107 17 27 à
895 2115 30 19 se
948 2104 74 28 faire
1049 2102 56 28 lire
1123 2109 69 32 pres-

86 2146 161 40 qu'aulanl
257 2148 91 39 qu'un
363 2156 105 22 auteur
484 2150 35 27 de
535 2148 159 31 brochures
707 2148 113 39 légères
833 2169 7 15 ,
856 2147 39 28 de
914 2144 119 31 libelles
1048 2143 159 40 politiques

86 2197 39 20 ou
142 2187 38 30 de
195 2187 118 31 frivoles
331 2200 139 28 romans;
490 2192 19 27 il
523 2198 44 21 est
591 2192 60 27 vrai
667 2200 71 30 que,
756 2191 93 39 parmi
865 2199 34 19 ce
911 2185 96 40 grand
1023 2183 126 31 nombre
1172 2185 35 26 de

85 2228 149 38 lecteurs,
261 2237 66 22 tous
343 2231 66 28 n'en
429 2238 54 22 ont
498 2242 51 31 pas
565 2232 102 39 porté,
684 2233 15 27 à
715 2232 156 39 beaucoup
891 2228 84 43 près,
996 2237 38 17 un
1052 2226 154 37 jugement

86 2271 170 39 également
274 2271 158 31 favorable.
450 2271 154 41 Quelques
620 2284 70 26 uns,
704 2271 221 31 enthousiastes
937 2280 66 18 sans
1018 2276 131 25 mesure,
1170 2275 37 18 ne

89 2317 145 24 trouvent
246 2314 83 38 point
344 2314 216 40 d'expressions
575 2324 78 19 assez
669 2314 197 40 magnifiques
882 2321 74 32 pour
973 2311 86 27 louer
1081 2308 107 38 l'imagi-

90 2355 102 27 nation
207 2353 142 31 brillante
365 2356 35 26 de
418 2355 141 38 l'auteur,
576 2366 52 20 son
647 2357 98 27 savoir
758 2356 174 39 prodigieux
945 2375 7 13 ,
971 2362 27 18 sa
1017 2349 191 41 philosophie

91 2395 92 27 noble
202 2402 30 20 et
247 2395 119 37 élevée,
384 2395 24 28 la
431 2396 111 30 variété
556 2398 37 28 de
615 2408 45 18 ses
678 2398 243 34 connoissances,
941 2395 26 27 la
985 2393 104 28 finesse
1107 2393 35 25 de
1162 2400 46 18 ses

90 2445 139 31 aperçus,
243 2437 28 30 la
286 2438 118 30 solidité
416 2439 37 28 de
465 2447 45 20 ses
526 2441 161 38 principes,
699 2439 26 28 la
737 2441 124 35 justesse
870 2438 38 27 de
924 2446 44 19 ses
980 2434 228 30 raisonnemens

90 2484 32 22 et
148 2477 28 30 la
206 2477 78 30 force
309 2480 191 28 entralnan'e
524 2480 38 28 de
588 2491 27 18 sa
632 2480 122 39 logique
770 2492 8 25 ;
802 2479 148 34 d'autres,
978 2486 35 18 au
1036 2474 169 32 contraire,

91 2525 143 22 trouvent
249 2529 53 19 son
319 2522 193 37 imagination
536 2522 67 40 plus
625 2522 172 37 vagabonde
817 2530 58 30 que
894 2518 157 34 brillante,
1078 2524 45 20 ses
1141 2525 69 17 vue»

91 2561 69 39 plus
175 2561 120 31 subtiles
318 2571 56 30 que
399 2563 85 34 justes
502 2585 7 12 ,
531 2574 44 19 ses
586 2564 228 28 raisonnemens
828 2562 65 39 plus
912 2562 128 27 bizarres
1059 2565 58 32 que
1136 2564 54 20 eon-

91 2602 122 35 cluans,
237 2608 30 22 et
289 2611 28 19 sa
341 2603 190 40 philosophie
555 2606 97 28 tantôt
673 2604 125 30 obscure
815 2610 28 20 et
861 2600 234 39 inintelligible,
1115 2603 96 21 tantôt

93 2642 208 40 sophistique,
315 2644 196 40 paradoxale,
528 2653 30 22 et
569 2647 196 28 ressemblant
782 2646 65 39 plus
857 2646 12 27 à
885 2654 60 18 une
956 2643 120 27 science
1091 2639 106 28 cabalis-

93 2686 85 37 tique
187 2687 109 37 qu'aux
306 2695 80 28 sages
397 2694 28 21 et
437 2696 103 26 graves
552 2689 224 35 investigations
791 2687 67 28 d'un
879 2685 93 40 esprit
985 2682 149 39 judicieux
1147 2680 61 40 qui,

93 2726 76 28 dans
187 2727 26 27 la
230 2726 163 30 recherche
423 2728 50 30 des
490 2728 107 28 vérités
620 2730 158 28 naturelles
796 2734 30 21 et
842 2727 144 33 morales,
1010 2721 135 41 s'appuie
1163 2731 50 18 sur

93 2767 211 30 l'observation
315 2791 7 14 ,
340 2769 195 40 l'expérience
550 2793 6 14 ,
570 2770 155 39 l'analogie
738 2793 6 13 ,
754 2777 28 22 et
790 2780 35 18 ne
836 2780 31 15 va
878 2766 146 31 chercher
1031 2776 41 18 ses
1085 2773 126 31 preuves

93 2815 32 22 et
139 2819 44 18 ses
198 2810 227 31 raisonnemens
439 2813 31 26 ni
485 2812 120 30 dansles
615 2811 146 30 chimères
788 2810 69 30 d'un
883 2809 110 31 monde
1011 2806 178 37 fantastique
1205 2815 9 27 ;

96 2851 32 28 ni
146 2851 72 28 dans
235 2851 48 28 des
298 2852 197 39 e'tymoiogies
509 2852 152 30 hasardées
674 2876 6 14 ,
697 2854 28 28 ni
742 2854 73 27 dans
828 2852 50 28 des
891 2850 157 30 traditions
1061 2846 149 34 obscures,

97 2891 79 28 enfin
187 2893 18 28 d
217 2898 98 22 autres
325 2894 172 37 lecteurs,et
506 2904 37 19 en
554 2904 78 19 assez
640 2896 92 35 grand
745 2893 136 38 nombre,
892 2893 146 38 adoptent
1048 2898 57 19 une
1114 2888 100 28 bonne

94 2935 99 39 partie
217 2934 50 30 des
282 2935 99 39 éloges
397 2936 116 27 donnés
528 2947 52 30 par
595 2937 39 27 les
653 2936 222 28 enthousiastes
894 2935 38 27 de
951 2931 43 30 M.
1012 2931 35 28 de
1072 2929 141 35 Maistre,

99 2975 73 28 mais
200 2985 37 18 ne
262 2976 138 37 rejettent
424 2988 50 28 pas
491 2983 65 22 tous
572 2978 41 28 les
628 2978 162 40 reprocli.es
804 2976 52 39 qui
873 2976 39 28 lui
931 2982 67 20 sont
1017 2973 65 30 faits
1100 2981 54 30 par
1169 2980 45 18 ses

99 3015 203 39 détracteurs;
321 3017 79 31 enfin
419 3019 94 39 parmi
534 3020 111 27 ceux-ci
663 3041 6 13 ,
694 3020 18 27 il
731 3020 65 27 n'en
811 3025 45 22 est
875 3018 89 38 point
978 3015 50 39 qui
1042 3020 86 34 porte
1147 3012 54 28 l'in-

98 3059 107 35 justice
216 3059 112 38 jusqu'à
346 3059 112 30 refuser
474 3060 15 28 à
507 3060 124 30 l'auteur
643 3060 51 28 des
709 3064 113 26 Soirées
841 3060 35 28 de
892 3056 304 37 Saint-Pétersbourg
1206 3076 7 14 ,

99 3109 40 19 un
158 3099 93 30 talent
274 3100 58 28 très
347 3100 165 39 distingué,
529 3107 30 22 et
578 3110 69 21 sont
663 3103 115 37 obligés
788 3103 35 28 de
839 3100 144 31 convenir
994 3109 38 28 qu
1046 3099 19 27 il
1080 3106 18 30 y
1115 3109 15 14 a
1144 3097 71 26 dans

99 3150 54 19 «on
178 3139 73 30 livre
279 3152 58 18 une
366 3150 78 21 sorte
465 3143 130 30 d'attrait
612 3152 27 19 et
656 3144 254 27 d'entraînement
927 3142 48 39 qui
994 3139 117 28 forcent
1137 3138 14 26 à
1178 3148 37 18 eu

99 3184 180 38 poursuivre
294 3184 25 26 la
334 3182 113 30 lecture
471 3184 167 39 quoiqu'on
663 3185 57 27 soit
735 3191 128 21 souvent
883 3182 104 30 rebuté
1004 3191 50 30 par
1071 3180 51 28 des
1137 3178 79 30 idées

99 3221 194 41 singulières,
309 3224 52 28 des
378 3227 229 28 raisonnemens
621 3236 78 19 assez
717 3226 138 39 étranges
870 3231 31 21 et
914 3223 51 28 des
983 3233 87 31 pages
1083 3220 57 30 fort
1153 3221 50 28 obs-

103 3273 100 19 cures.

142 3304 50 31 On
209 3307 60 27 voit
283 3317 58 30 que
357 3307 72 30 c'est
446 3307 187 30 absolument
648 3318 117 19 comme
782 3308 71 28 dans
868 3317 52 19 nos
932 3304 172 31 assemblées
1120 3309 30 21 et
1166 3313 51 19 nos

100 3345 182 31 discussions
294 3348 181 39 politiques;
491 3350 19 28 il
524 3360 19 28 y
554 3360 13 17 a
580 3350 69 28 trois
663 3352 90 37 parti»
765 3351 93 39 parmi
875 3350 40 28 les
930 3347 129 30 lecteurs
1075 3346 35 27 de
1124 3344 41 30 M.
1181 3346 35 27 de

102 3387 135 30 Maistre.
261 3389 38 28 Je
315 3391 59 27 siiis
391 3391 145 39 persuadé
550 3400 71 30 que,
645 3390 41 31 s'il
700 3399 92 20 vivoit
816 3400 118 22 encore,
956 3390 18 28 il
999 3399 37 18 en
1058 3387 90 28 seroit
1162 3396 37 18 ea-

79 3426 1 45 •
100 3429 136 37 chanté-,
256 3441 48 18 car
327 3432 19 26 il
369 3432 78 26 aime
468 3432 154 39 beaucoup
638 3433 27 26 le
681 3432 125 28 nombre
823 3439 92 30 trots;
941 3431 19 27 il
987 3430 91 28 fonde
1103 3438 50 18 sur
1178 3426 41 28 les

103 3471 129 39 qualités
246 3478 30 21 et
289 3471 157 31 les'vertus
465 3474 39 28 du
519 3475 126 27 nombre
661 3481 132 21 ternaire
816 3484 58 19 une
889 3472 92 40 partie
997 3471 37 28 de
1045 3480 46 19 ses
1106 3471 98 27 «aisoti-

100 3519 130 24 neriiens
244 3520 30 21 et
286 3514 35 28 de
334 3524 27 19 sa
373 3513 193 43 philosophie
575 3527 8 25 ;
598 3523 28 20 et
641 3523 77 20 celle
733 3515 189 40 philosophie
937 3514 76 28 n'est
1019 3523 51 28 pas
1084 3519 135 27 tou|ours

104 3554 60 31 très
178 3554 91 30 claire
282 3567 9 26 ;
309 3556 116 27 suivant
443 3556 54 31 lui.
510 3556 214 38 l'intelligence
745 3563 46 22 est
817 3567 39 18 un
883 3556 126 30 résultat
1033 3556 132 26 ternaire
1191 3559 28 21 et

99 3598 126 37 unii/ue.
243 3595 85 31 Telle
346 3605 43 20 est
406 3598 72 30 dans
494 3608 52 18 son
569 3605 93 32 esprit
689 3599 26 27 la
745 3600 78 27 force
843 3605 30 21 et
895 3599 27 27 la
948 3599 156 37 puissance
1126 3595 37 27 de
1187 3602 32 19 ce

102 3637 131 30 «ombre
249 3639 70 28 trois
330 3660 6 13 ,
352 3638 71 39 qu'il
438 3640 98 39 paroît
549 3639 146 40 persuadé
707 3650 59 30 que
783 3639 74 28 Dieu
870 3638 158 30 accordera
1039 3646 109 21 encore
1161 3647 58 19 une

1214 15 24 44 3
