2590 4050
98 198 60 27 c'est
177 198 65 25 ainsi
263 204 63 27 que,
348 204 65 26 pour
434 199 72 23 notre
524 198 113 30 compte,
659 201 64 20 nous
742 194 95 26 l'avons

100 238 115 32 toujours
230 238 136 32 comprise.

132 278 34 26 Ce
189 278 63 25 n'est
273 284 45 26 pas
336 284 49 26 que
405 283 65 20 nous
489 275 164 34 prétendions
672 281 105 21 accuser
796 281 41 20 ces

95 317 130 32 journaux
239 317 44 33 qui
298 320 43 23 ont
362 317 49 25 mis
430 315 188 27 dernièrement
637 322 29 19 en
687 315 149 26 circulation

96 364 42 20 ces
152 358 58 25 faux
230 357 83 25 bruits
334 356 95 25 relatifs
450 355 14 26 à
484 361 50 20 une
553 355 68 33 ligue
640 354 120 26 italienne
780 358 24 22 et
823 354 14 26 à

97 397 172 26 l'imminence
285 397 74 25 d'une
373 403 93 27 guerre
479 400 71 21 entre
564 395 141 25 l'Autriche
716 397 23 23 et
751 395 21 25 le
783 393 42 27 Pié-

96 441 84 28 mont,
195 437 64 26 dans
274 436 106 33 laquelle
395 435 194 26 interviendrait
599 435 23 25 la
633 435 105 25 France.
752 435 72 25 Seule-

96 480 70 23 ment
180 483 65 19 nous
259 483 107 25 croyons
380 475 60 33 qu'il
455 482 13 26 y
488 482 13 19 a
522 481 63 26 pour
607 481 60 24 eux,
689 474 64 26 dans
773 478 63 22 cette

95 518 189 28 circonstance,
307 522 50 19 une
370 516 69 30 leçon
460 521 45 20 sur
524 514 109 33 laquelle
649 513 16 26 il
686 513 86 27 n'était
793 521 44 25 pas

95 557 91 26 inutile
199 557 138 25 d'insister.

129 599 84 30 Quant
226 597 15 26 à
254 603 43 20 ces
313 602 119 20 rumeurs
448 595 185 30 elles-mêmes,
650 601 65 18 nous
726 601 31 18 ne
767 601 53 19 com-

94 638 152 32 prendrions
262 644 43 24 pas
318 636 74 32 qu'on
406 635 44 33 pût
461 640 90 21 encore
567 641 14 26 y
596 635 114 25 attacher
721 633 22 27 la
756 635 64 25 moin-

95 679 45 25 dre
158 677 116 26 créance.
296 677 70 25 Nous
386 682 80 19 avons
486 677 137 24 nettement
644 673 100 27 déclaré
765 678 72 22 notre

93 718 104 33 opinion
213 717 12 26 à
241 720 38 23 cet
292 716 89 34 égard.
395 717 70 25 Nous
476 722 79 19 avons
566 715 36 25 dit
613 721 60 18 sans
683 713 150 35 ambiguïté,

95 765 29 19 ce
137 765 65 19 nous
217 757 110 30 semble,
342 762 50 27 que
406 756 34 30 si,
457 756 65 25 dans
536 755 22 25 le
573 754 89 33 passé,
684 755 15 24 il
714 755 58 25 s'est
786 753 39 27 éle-

95 798 30 26 vé
147 799 44 25 des
214 797 193 26 dissentiments
429 795 64 27 réels
513 799 71 22 entre
605 795 143 26 l'Autriche
767 798 25 22 et
813 795 22 25 la

94 839 113 29 France,
224 838 15 25 il
255 838 39 31 n'y
308 844 12 18 a
335 837 57 31 plus
407 836 179 26 actuellement
600 834 30 27 de
644 834 116 34 question
776 840 46 26 pen-

94 879 76 25 dante
185 878 43 33 qui
244 878 86 32 puisse
343 876 127 26 autoriser
484 876 22 25 la
521 875 129 33 prévision
666 875 57 25 d'un
739 874 94 26 conflit.

93 919 80 25 Toute
191 917 121 26 tentative
330 916 32 26 de
382 916 136 33 prolonger
537 916 22 24 la
580 915 143 26 discussion
744 922 45 18 sur
808 922 28 18 ce

95 958 68 32 sujet
176 964 65 18 nous
255 956 147 26 semblerait
415 956 65 26 donc
490 955 100 26 oiseuse
603 959 24 21 et
641 955 196 32 complètement

94 996 205 27 déraisonnoble.

130 1038 37 25 De
180 1043 44 19 ces
244 1036 143 25 inventions
409 1035 193 25 malheureuses
622 1034 15 26 il
658 1041 30 19 ne
708 1034 52 26 doit
779 1034 57 31 plus

96 1080 81 24 rester
190 1083 48 26 que
253 1076 210 33 l'enseignement
477 1081 49 27 que
540 1081 65 19 nous
618 1081 31 18 en
664 1075 106 24 faisions
782 1081 42 18 sor-

95 1118 33 25 tir
142 1120 54 23 tout
209 1116 14 26 à
239 1116 106 26 l'heure.
362 1115 18 26 11
396 1118 37 23 est
452 1115 14 25 à
486 1115 98 25 désirer
603 1121 50 26 que
672 1114 110 26 certains
795 1120 28 20 or-

95 1165 80 26 ganes
189 1157 30 25 de
243 1156 21 25 la
287 1162 86 25 presse
399 1154 134 33 étrangère
557 1158 25 22 et
600 1155 69 25 leurs
687 1160 135 26 correspon-

95 1198 74 26 dants
180 1198 135 31 apportent
323 1195 141 26 désormais
473 1201 49 19 une
529 1194 137 26 discrétion
677 1194 55 32 plus
740 1193 97 34 grande

96 1238 65 26 dans
175 1237 22 26 le
211 1236 74 26 choix
300 1236 44 25 des
359 1236 129 25 nouvelles
501 1235 75 33 qu'ils
592 1235 137 25 hasardent
740 1235 98 32 chaque

95 1279 68 31 jour,
178 1280 101 23 surtout
290 1277 101 31 lorsque
402 1276 110 26 celles-ci
528 1278 58 22 sont
600 1275 31 25 de
645 1278 89 22 nature
748 1281 13 19 a
774 1275 65 32 jeter

97 1324 49 19 une
163 1316 175 33 perturbation
353 1314 120 27 fâcheuse
487 1315 63 25 dans
566 1314 35 26 les
615 1314 103 32 esprits.

132 1358 114 32 Lorsque
260 1357 36 25 les
310 1358 131 23 constants
456 1354 86 26 efforts
561 1354 44 26 des
623 1356 215 32 gouvernements

98 1402 24 22 et
147 1401 58 23 tous
226 1397 37 26 les
286 1399 107 23 travaux
415 1396 31 26 de
469 1396 22 25 la
511 1396 147 31 diplomatie
677 1392 161 33 européenne

98 1438 104 25 tendent
216 1437 14 26 à
244 1437 113 26 affermir
371 1436 21 24 la
409 1435 56 31 paix
479 1438 24 21 et
516 1435 12 24 à
545 1433 142 26 consolider
699 1433 35 25 les
752 1433 73 26 fonde-

97 1481 83 22 ments
195 1477 29 25 de
240 1477 20 24 la
276 1475 129 26 confiance
421 1474 134 33 publique,
572 1480 29 20 ne
616 1474 108 26 serait-il
741 1480 45 27 pas
803 1474 25 25 vi-

97 1520 100 22 vement
218 1516 151 33 regrettable
389 1516 30 24 de
440 1515 54 25 voir
513 1514 36 26 les
572 1515 112 25 heureux
704 1513 85 26 efforts
809 1513 30 25 de

97 1559 65 24 cette
183 1562 89 20 œuvre
291 1554 114 27 sérieuse
424 1552 220 34 périodiquement
665 1553 173 31 interrompus

97 1603 47 26 par
159 1596 45 26 des
218 1595 122 33 légèretés
357 1595 30 26 de
407 1595 85 32 plume
511 1600 31 19 ou
562 1593 44 26 des
627 1598 162 20 manœuvres
808 1592 30 26 de

99 1636 65 32 parti
173 1638 9 24 '/

381 1674 43 23 Le
446 1674 108 23 Nord.

135 1720 83 31 Paris,
234 1720 15 26 3
263 1718 144 28 décembre.
432 1718 41 27 Ma
495 1718 73 26 lettre
591 1716 82 27 d'hier
691 1724 13 19 a
725 1724 32 26 pu
778 1724 62 19 vous

100 1760 62 25 faire
185 1759 141 32 pressentir
344 1765 49 26 que
414 1758 22 26 la
455 1757 77 34 grâce
550 1757 58 27 faite
623 1763 45 27 par
684 1757 158 32 l'Empereur

99 1806 31 19 au
147 1802 82 23 comte
243 1799 31 25 de
287 1798 209 30 Montalembert,
522 1801 76 22 avant
618 1796 85 26 l'arrêt
721 1795 118 33 définitif,

99 1839 60 27 était
175 1839 30 26 de
220 1842 89 22 nature
324 1839 13 25 à
351 1839 117 25 soulever
481 1837 111 26 certains
607 1837 135 25 incidents.
764 1836 75 31 C'est,

99 1886 30 19 en
145 1878 66 32 effet,
228 1885 28 20 ce
270 1878 43 33 qui
326 1878 94 31 arrive,
436 1884 100 20 comme
552 1878 21 25 le
587 1879 143 24 constatent
745 1877 22 25 la
784 1883 44 27 pro-

102 1919 116 25 testation
235 1918 109 32 publiée,
359 1924 28 20 ce
403 1917 88 30 matin,
505 1924 44 25 par
561 1917 33 26 M.
607 1917 31 26 de
648 1917 195 26 Montalembert

100 1959 64 25 dans
179 1959 21 25 le
215 1959 136 30 Moniteur,
375 1961 24 22 et
422 1957 23 26 la
469 1960 58 23 note
547 1956 31 26 de
596 1960 65 22 cette
678 1956 94 27 feuille.
789 1956 54 27 Elle

100 1999 54 26 dit:
185 1999 57 25 «les
264 1998 139 26 tribunaux
426 1996 159 33 compétents
607 1995 178 35 apprécieront
806 1997 38 25 les

99 2038 150 33 »questions
263 2045 49 26 que
326 2042 39 22 cet
378 2038 73 31 appel
469 2040 59 29 peut
542 2038 142 25 soulever.»
707 2038 49 25 Ces
768 2044 61 26 ques-

102 2078 65 25 tions
182 2081 56 22 sont
252 2083 101 25 graves,
379 2080 53 22 tant
454 2083 31 19 au
510 2077 71 32 point
600 2077 30 25 de
650 2082 46 20 vue
708 2077 136 32 judiciaire

101 2124 49 25 que
167 2118 136 31 politique;
319 2117 69 26 aussi
402 2117 34 26 les
447 2117 55 25 avis
513 2116 127 28 diffèrent.
653 2117 18 24 Il
683 2116 83 33 s'agit,
781 2123 63 25 pour

101 2157 36 26 les
152 2163 57 24 uns,
227 2156 32 25 de
272 2155 85 26 savoir
370 2156 21 25 si
407 2156 21 25 le
442 2154 141 27 Souverain
598 2161 14 19 a
626 2154 22 26 le
662 2154 66 27 droit
740 2155 104 27 défaire

101 2197 76 32 grâce
192 2196 13 26 à
222 2204 33 18 un
270 2194 142 28 condamné
430 2195 44 34 qui
495 2202 27 20 se
536 2198 88 23 trouve
638 2196 63 25 dans
715 2195 36 27 les
766 2196 78 25 délais

101 2235 91 34 légaux
207 2235 97 31 d'appel
320 2238 24 21 et
358 2236 43 31 qui
416 2236 38 23 n'a
471 2242 45 23 pas
530 2235 87 30 épuisé
633 2238 57 21 tous
703 2235 36 24 les
753 2235 91 32 degrés

102 2276 31 26 de
146 2274 161 35 juridiction.

137 2316 105 31 D'après
264 2316 23 23 la
309 2315 199 31 jurisprudence
530 2314 102 33 établie,
648 2314 22 27 la
685 2314 76 34 grâce
775 2314 56 27 n'en-

102 2356 53 26 lève
168 2362 50 27 que
231 2354 22 27 la
270 2354 81 33 peine,
368 2353 64 26 mais
446 2353 46 26 elle
507 2353 75 25 laisse
594 2355 128 24 subsister
736 2355 21 25 le
772 2356 59 31 juge-

103 2399 69 22 ment
186 2402 61 19 avec
260 2403 41 17 ses
314 2394 177 27 considérants
512 2393 56 34 plus
591 2399 30 20 ou
644 2393 81 26 moins
745 2392 100 27 sévères

103 2442 64 26 pour
182 2436 22 25 le
217 2435 152 30 condamné,
385 2441 61 19 avec
460 2438 82 22 toutes
557 2435 35 25 les
612 2433 188 35 conséquences
815 2434 30 26 de

102 2476 23 26 la
149 2479 127 28 sentence,
301 2474 167 30 c'est-à-dire,
493 2474 64 25 dans
579 2474 22 25 la
621 2481 77 20 cause
726 2475 118 32 actuelle,

103 2516 171 33 l'application
298 2516 31 25 de
353 2515 32 26 loi
408 2515 30 26 de
458 2513 86 27 sûreté
557 2513 128 33 générale.
702 2514 44 31 Or,
761 2515 84 26 disent

103 2563 62 20 ceux
185 2557 44 32 qui
248 2563 27 18 se
290 2556 98 32 placent
403 2562 14 18 a
430 2562 28 19 ce
474 2554 69 33 point
563 2554 30 25 de
607 2560 57 25 vue,
679 2556 55 23 tant
747 2560 49 25 que
810 2554 35 25 les

103 2596 80 26 délais
203 2596 90 33 légaux
316 2596 31 25 de
365 2595 90 31 l'appel
470 2595 122 30 existent,
609 2596 53 23 tant
676 2593 58 34 qu'il
749 2600 14 25 y
777 2600 13 18 a
804 2598 28 20 en-

104 2642 58 20 core
172 2636 44 25 des
237 2634 91 34 degrés
339 2635 30 25 de
381 2635 149 31 juridiction
546 2634 12 25 à
576 2634 141 32 parcourir,
734 2633 22 24 la
770 2633 75 32 grâce

103 2682 31 19 ne
150 2679 59 28 peut
222 2674 137 32 empêcher
375 2674 22 26 le
410 2673 141 27 condamné
565 2673 31 25 de
609 2679 26 18 se
647 2671 121 26 défendre
784 2679 61 25 pour

104 2715 147 32 échappera
264 2717 82 23 toutes
359 2713 37 27 les
408 2713 189 32 conséquences
612 2712 164 33 rigoureuses
787 2713 58 26 d'un

104 2756 111 32 premier
226 2755 143 33 jugement.
395 2755 32 24 La
442 2759 62 19 cour
518 2751 142 33 impériale,
676 2753 20 25 si
713 2754 88 32 l'appel
809 2757 36 22 est

102 2795 98 31 admis,
224 2798 58 29 peut
301 2793 125 32 acquitter
447 2792 22 26 le
489 2796 81 23 comte
591 2795 30 24 de
641 2794 204 25 Montalembert.

104 2836 63 25 D'un
189 2838 73 23 autre
281 2833 68 30 côté,
368 2833 16 26 il
398 2836 38 24 est
451 2840 71 19 assez
536 2833 194 26 embarrassant
746 2840 64 26 pour
824 2833 21 27 la

103 2876 184 33 magistrature
301 2874 30 25 de
346 2874 100 25 donner
459 2873 65 26 suite
538 2880 14 19 a
568 2880 32 19 un
615 2873 74 32 appel
704 2880 60 20 sous
778 2874 54 26 l'em-

104 2916 54 32 pire
171 2916 32 25 de
216 2915 71 25 l'acte
301 2914 22 25 le
337 2914 57 32 plus
409 2913 139 33 important
561 2914 31 25 de
606 2914 21 25 la
641 2913 135 32 puissance
789 2921 42 19 sou-

104 2961 111 20 veraine.
242 2955 70 25 Dans
332 2954 67 25 l'état
421 2954 31 25 de
467 2953 111 31 l'affaire,
603 2954 21 24 la
639 2960 62 19 cour
714 2954 131 32 impériale

103 2995 31 26 de
158 2994 72 27 Paris
248 2997 39 24 est
307 2994 78 26 saisie
404 2994 31 26 de
452 2994 90 32 l'appel
557 2994 33 25 du
607 2997 82 22 comte
703 2994 31 25 de
749 2995 80 25 Monta-

104 3034 123 31 lembert,
243 3037 25 23 et
281 3033 16 26 il
312 3033 90 26 faudra
416 3040 60 19 sans
491 3033 75 26 doute
579 3040 33 19 un
628 3033 67 26 arrêt
709 3040 30 20 en
755 3034 89 31 forme,

104 3075 74 31 après
192 3074 89 25 débats
290 3073 219 31 contradictoires,
526 3079 64 26 pour
605 3072 102 26 décider
721 3073 20 25 si
757 3073 87 32 l'appel

103 3121 62 19 aura
186 3114 65 26 suite
271 3113 126 34 régulière
416 3120 31 19 ou
470 3114 21 24 si
511 3114 21 24 la
553 3113 76 33 grâce
643 3114 30 24 de
687 3113 158 32 l'Empereur

104 3155 53 25 doit
176 3154 109 26 annuler
303 3154 100 32 l'appel.
431 3154 70 25 Dans
514 3153 22 26 le
550 3159 42 20 cas
606 3153 33 26 où
653 3154 21 25 la
690 3160 62 20 cour
766 3153 64 33 impé-

104 3194 61 26 riale
181 3200 30 20 ne
226 3193 123 27 recevrait
365 3200 44 25 pas
423 3192 100 33 l'appel,
541 3193 22 26 la
578 3193 117 33 question
712 3194 132 26 reviendra

104 3234 185 27 certainement
303 3234 93 25 devant
409 3233 22 26 la
445 3240 62 19 cour
522 3233 30 26 de
566 3233 137 26 cassation.

138 3274 106 32 D'après
260 3273 110 27 certains
391 3273 210 32 jurisconsultes,
619 3273 15 25 il
649 3281 13 24 y
677 3280 13 18 a
706 3280 33 18 un
754 3279 90 26 moyen

104 3314 30 27 de
154 3314 77 27 sortir
249 3314 31 26 de
299 3317 82 22 toutes
402 3319 41 20 ces
457 3313 144 31 ditiicultés,
616 3319 28 20 ce
659 3313 78 26 serait
750 3313 82 26 l'aban-

104 3354 49 26 don
168 3354 44 26 des
227 3352 145 34 poursuites
386 3352 30 27 de
428 3352 22 27 la
459 3356 55 30 part
529 3353 32 26 du
574 3352 268 34 procureur-général.

104 3395 64 25 Mais
182 3397 39 23 cet
234 3393 117 26 abandon
367 3393 61 26 tarif
441 3392 114 27 rendrait
567 3399 70 20 assez
652 3392 99 27 difficile
766 3393 22 25 la
804 3399 28 25 po-

104 3433 76 26 sition
202 3434 33 25 du
256 3432 271 33 procureur-impérial
541 3433 44 32 qui
600 3440 12 17 a
629 3431 129 34 prononcé
772 3432 22 25 le
808 3431 25 26 ré-

104 3473 133 33 quisitoire
257 3476 24 22 et
299 3473 45 25 des
364 3473 76 32 juges
459 3473 43 33 qui
522 3475 44 23 ont
580 3473 80 25 rendu
676 3472 22 25 le
712 3472 133 33 jugement

104 3513 33 26 du
152 3513 111 26 tribunal
277 3513 32 26 de
322 3513 22 25 la
361 3513 80 31 police
452 3513 218 26 correctionnelle.

138 3553 70 26 Dans
222 3553 37 26 les
271 3552 105 27 annales
389 3552 158 32 judiciaires,
564 3559 30 20 on
606 3559 29 19 ne
648 3552 102 26 connaît
761 3557 82 21 aucun

104 3592 137 33 précédent
259 3593 44 33 qui
325 3593 86 32 puisse
422 3593 155 32 s'appliquer
589 3600 50 18 aux
655 3592 189 27 circonstances

104 3633 121 27 actuelles
238 3634 31 25 de
282 3640 28 19 ce
325 3633 98 33 procès.

1016 193 238 36 ASSEMBLÉE
1280 201 71 28 DES
1378 194 145 35 ÉTATS.

939 297 96 26 Séance
1047 297 35 26 du
1096 298 16 25 4
1125 297 136 32 décembre,
1276 298 66 32 neuf
1352 298 91 26 heures
1456 299 33 25 du
1504 301 90 24 matin.

1102 341 147 33 Présid.'de
1265 349 33 25 M.
1315 349 120 25 Toutsch.

936 393 100 32 L'appel
1047 393 110 26 nominal
1165 397 114 23 constate
1287 394 124 26 l'absence
1419 395 31 25 de
1460 395 60 26 MM.
1533 395 105 31 Becker,

901 434 31 25 A.
948 433 105 31 Collart,
1072 433 90 32 Faber,
1179 434 91 32 Fallût,
1292 435 28 25 E.
1337 434 118 32 Fischer,
1487 435 153 26 Tschiderer

901 477 24 22 et
936 474 66 26 J.-P.
1018 474 114 31 Fischer,
1148 481 28 19 ce
1190 475 102 25 dernier
1306 481 60 19 avec
1379 474 89 34 congé.

935 514 61 25 MM.
1019 513 35 26 les
1074 514 128 26 membres
1221 515 33 25 du
1269 515 204 26 Gouvernement
1492 517 121 25 assistent
1626 515 13 26 à

901 554 22 25 la
936 553 102 27 séance.

936 594 34 25 Le
984 594 188 32 procès-verbal
1186 594 32 27 de
1237 594 22 27 la
1279 594 91 28 séance
1389 596 82 26 d'hier
1488 596 150 33 après-midi

900 637 38 22 est
952 633 23 26 lu
991 638 23 22 et
1030 633 138 33 approuvé.

936 674 33 25 M.
985 673 112 32 Simons,
1113 674 116 26 ministre
1240 674 90 32 d'Etat,
1345 675 127 32 président
1483 676 32 26 du
1528 677 96 26 Gouver-

901 717 117 28 nement,
1042 718 100 22 soumet
1155 714 13 26 à
1184 715 165 26 l'Assemblée
1362 715 45 26 des
1421 716 86 31 Etats,
1530 724 29 18 en
1575 717 65 25 suite

900 754 31 25 de
946 754 183 25 l'autorisation
1144 754 31 26 de
1190 754 25 26 S.
1235 755 31 25 A.
1287 754 30 27 IL
1341 755 21 26 le
1384 756 255 26 Prince-Lieutenant

900 793 32 26 du
953 794 47 26 Roi
1022 793 165 32 Grand-Duc,
1213 797 24 23 et
1259 795 185 33 accompagnés
1468 797 44 25 des
1527 797 54 25 avis
1606 798 33 24 du

901 834 100 26 Conseil
1016 834 92 31 d'Etat,

936 876 24 23 1°
975 881 32 17 un
1025 874 80 32 projet
1119 874 31 25 de
1164 874 32 25 loi
1211 875 77 25 fixant
1301 881 14 19 a
1330 876 67 26 4005
1411 876 31 26 fr.
1457 876 22 26 le
1495 876 145 27 traitement

900 914 33 26 du
957 914 148 25 desservant
1127 914 31 26 de
1181 914 22 26 la
1224 915 147 27 succursale
1392 916 32 26 du
1445 916 155 31 Paffenthal,
1627 923 13 19 a

902 954 79 32 partir
994 954 32 26 du
1045 955 33 25 1"
1090 954 100 32 janvier
1206 955 82 31 1859;

935 996 27 24 2°
978 1002 30 18 un
1025 994 81 32 projet
1119 995 31 25 de
1163 995 44 30 loi,
1221 996 142 25 autorisant
1378 996 20 26 la
1413 999 74 24 vente
1507 1003 45 26 par
1568 997 60 33 adju-

901 1035 109 26 dication
1019 1035 131 33 publique,
1166 1035 31 26 de
1213 1036 22 24 la
1250 1035 126 33 propriété
1384 1036 88 33 léguée
1483 1037 12 26 à
1511 1036 130 27 l'Athénée

901 1074 30 26 de
948 1074 180 33 Luxembourg
1142 1081 45 25 par
1202 1074 38 26 feu
1257 1075 81 27 l'abbé
1353 1076 113 33 Bingen,
1483 1077 85 25 vivant
1582 1077 60 26 curé

901 1114 14 27 à
935 1114 159 34 Schœnberg
1113 1114 114 34 (Prusse)
1246 1118 23 23 et
1288 1115 171 27 déterminant
1481 1118 108 32 l'emploi
1608 1118 33 25 du

903 1155 101 32 produit
1018 1155 30 25 de
1062 1158 64 22 cette
1141 1158 83 23 vente.

937 1196 48 25 Ces
999 1195 95 32 projets
1108 1198 58 23 sont
1179 1195 122 32 renvoyés
1316 1203 48 19 aux
1378 1196 120 27 sections.

937 1234 34 27 M.
987 1234 23 26 le
1025 1234 116 26 ministre
1154 1234 82 26 d'Etat
1251 1236 181 32 communique
1446 1237 36 25 les
1497 1237 133 34 renseigne-

904 1279 82 21 ments
1000 1275 59 31 qu'il
1074 1281 12 18 a
1102 1274 44 24 l'ait
1161 1275 128 26 recueillir
1302 1283 45 18 sur
1360 1276 36 25 les
1411 1276 175 34 irrégularités
1600 1277 43 33 qui

903 1317 44 22 ont
974 1312 38 27 été
1035 1313 126 33 signalées
1185 1321 45 25 par
1245 1315 123 32 quelques
1382 1315 122 33 députés,
1525 1317 64 25 dans
1609 1317 36 26 les

903 1353 131 27 dernières
1048 1353 120 28 élections
1183 1355 30 25 de
1230 1355 21 25 la
1267 1361 135 21 commune
1416 1356 30 27 de
1460 1357 111 31 Mecher,
1590 1364 42 20 ren-

904 1394 173 34 seignements
1091 1394 99 31 d'après
1205 1395 110 33 lesquels
1329 1395 36 26 les
1379 1396 91 26 choses
1489 1403 27 19 se
1535 1398 111 25 seraient

905 1434 103 32 passées
1023 1433 206 33 régulièrement.
1256 1436 17 25 11
1289 1435 93 32 dépose
1403 1437 36 25 les
1457 1437 84 32 pièces
1559 1444 46 19 sur
1625 1439 20 25 le

904 1474 108 25 bureau.

939 1513 34 26 M.
998 1513 109 35 Jacques
1130 1514 46 26 fait
1197 1522 32 18 au
1250 1522 56 18 nom
1327 1516 29 25 de
1377 1516 21 25 la
1419 1516 96 27 section
1535 1517 111 27 centrale

906 1557 104 29 rapport
1023 1561 46 19 sur
1080 1555 45 25 des
1139 1555 140 25 demandes
1293 1561 30 20 en
1340 1556 204 27 naturalisation.

939 1594 178 26 L'Assemblée
1135 1599 83 21 statue
1237 1593 91 28 séance
1348 1599 102 23 tenante
1472 1604 45 18 sur
1539 1603 42 20 ces
1604 1597 30 26 de-

905 1634 106 25 mandes
1025 1634 30 25 de
1069 1634 22 25 la
1108 1634 111 26 manière
1233 1635 116 26 suivante
1362 1643 5 18 :

940 1673 68 26 Celle
1021 1674 33 25 du
1066 1674 70 26 sieur
1143 1674 109 34 Bürger,
1261 1675 45 30 M.,
1317 1676 30 25 de
1355 1676 290 33 Xachtmanderscheid,

975 1717 38 22 est
1026 1714 107 34 adoptée
1147 1718 155 29 moyennant
1317 1721 32 20 un
1365 1715 66 27 droit
1444 1717 31 25 de
1490 1717 48 26 100
1553 1717 31 26 fr.
1596 1725 6 23 ;

941 1754 81 26 Celles
1036 1754 44 27 des
1095 1755 84 26 sieurs
1193 1755 124 33 Wagner,
1334 1756 125 32 Mathias,
1475 1758 30 25 de
1522 1758 122 30 Berdorff,

976 1794 112 31 Gierten,
1104 1795 120 30 Antoine,
1240 1795 30 25 de
1285 1796 124 32 Berdorff,

975 1835 144 32 Weynand,
1131 1835 111 30 Nicolas,
1256 1835 30 26 de
1297 1836 141 33 Hosingen,

976 1878 58 22 sont
1047 1874 121 33 adoptées
1182 1879 153 27 moyennant
1351 1882 32 20 un
1399 1876 66 27 droit
1479 1876 30 27 de
1522 1877 33 26 50
1570 1878 30 25 fr.
1610 1886 9 23 ;

942 1914 67 27 Celle
1024 1914 32 26 du
1074 1914 70 26 sieur
1157 1914 112 32 Gabriel,
1285 1916 101 31 caporal
1399 1923 30 18 au
1442 1923 74 25 corps
1530 1917 30 25 de
1574 1918 60 25 chas-

978 1962 73 18 seurs
1069 1955 184 33 luxembourg',
1269 1958 38 22 est
1323 1956 106 32 adoptée
1448 1958 198 33 gratuitement;

943 1995 82 26 Celles
1040 1996 43 25 des
1103 1996 84 25 sieurs
1202 1996 143 33 Kowalsky,
1371 1997 143 33 guichetier
1534 1998 44 26 des
1599 1999 38 31 pri-

1048 2043 60 18 sons
1122 2035 13 26 à
1152 2036 189 32 Luxembourg,

979 2075 94 32 Fuchs,
1089 2076 116 30 Charles,
1222 2075 112 26 boucher
1348 2075 13 26 à
1377 2077 189 35 Luxembourg,

979 2115 118 31 Feiteler,
1111 2115 73 31 Jean,
1202 2115 30 25 de
1246 2115 130 32 Reisdorf,

979 2154 106 31 Muller,
1109 2154 88 31 J.-A.,
1223 2158 88 22 cornet
1322 2162 31 19 au
1367 2162 75 27 corps
1456 2156 44 26 des
1513 2156 137 28 chasseurs

1050 2195 233 33 luxembourgeois,

979 2234 73 30 Apel,
1068 2234 119 29 Mathias,
1202 2234 142 31 journalier
1358 2240 14 19 a
1386 2234 111 32 Mersch,

979 2273 131 32 Albrecht,
1126 2273 154 33 Guillaume,
1295 2278 87 22 cornet
1393 2282 30 18 au
1436 2282 75 26 corps
1522 2275 44 27 des
1577 2277 60 25 chas-

1049 2321 74 19 seurs
1136 2315 233 34 luxembourgeois,

979 2355 78 29 Haas,
1073 2356 42 28 A.,
1131 2355 286 26 laboureur-terrassier
1432 2356 13 25 h
1461 2356 141 34 Hosingen,

979 2393 111 30 Mankel,
1106 2394 341 32 A.-J.,deGreveninacher,
1461 2400 63 22 cette
1535 2398 117 26 dernière

1050 2433 131 32 présentée
1189 2442 45 24 par
1241 2436 22 25 le
1271 2442 172 21 cons.comm.
1452 2436 31 27 de
1491 2438 158 32 Flaxweiler,

981 2477 56 23 sont
1052 2473 115 33 rejetées.

946 2515 84 30 Quant
1043 2514 14 26 à
1071 2514 63 27 celle
1147 2514 33 26 du
1196 2514 68 26 sieur
1279 2515 120 31 Quintus,
1415 2515 42 31 A.,
1473 2516 151 26 demeurant
1638 2515 12 27 à

911 2554 113 33 Bivange
1039 2554 119 34 (Rœser),
1172 2554 174 33 l'Assemblée,
1363 2562 45 19 sur
1418 2555 22 26 la
1452 2556 157 31 proposition
1621 2556 31 26 de

910 2593 23 25 la
948 2593 95 26 section
1060 2594 126 30 centrale,
1212 2594 87 26 décide
1313 2600 49 28 que
1382 2596 22 25 le
1422 2596 178 32 pétitionnaire
1615 2598 38 23 est

911 2633 235 35 Luxembourgeois
1161 2634 30 25 de
1207 2634 145 31 naissance,
1375 2637 104 25 attendu
1494 2636 60 33 qu'il
1569 2640 36 21 est
1622 2636 29 25 né

910 2672 65 26 dans
989 2673 21 25 le
1025 2673 191 27 Grand-Duché
1230 2681 60 19 sous
1305 2674 113 32 l'empire
1433 2676 29 25 de
1477 2676 22 25 la
1518 2676 31 25 loi
1566 2676 73 25 fonda-

912 2713 108 26 mentale
1036 2714 31 25 de
1082 2715 76 30 1815,
1174 2714 59 26 d'un
1249 2714 58 33 père
1322 2713 119 36 étranger
1455 2722 14 25 y
1483 2714 138 28 domicilié.

946 2754 50 27 Sur
1017 2753 23 27 le
1063 2758 105 28 rapport
1190 2755 32 25 de
1242 2754 22 26 la
1284 2754 95 26 section
1401 2756 111 25 centrale
1536 2753 117 33 présenté

911 2793 143 34 également
1073 2801 46 25 par
1137 2794 34 25 M.
1191 2794 124 33 Jacques,
1340 2794 166 26 l'Assemblée
1525 2794 85 26 admet
1630 2795 22 26 la

911 2835 125 26 demande
1044 2835 32 25 du
1086 2835 69 25 sieur
1163 2835 105 30 Becker,
1275 2835 80 30 J.-G.,
1365 2834 114 33 employé
1487 2835 45 26 des
1539 2835 114 28 douanes

911 2874 14 26 à
939 2874 139 34 Hellange,
1101 2874 120 26 tendante
1235 2874 14 25 à
1263 2875 53 25 être
1332 2874 82 28 relevé
1428 2875 30 26 de
1472 2875 21 25 la
1508 2874 145 28 déchéance

911 2915 59 33 qu'il
990 2922 13 19 a
1025 2920 129 21 encourue
1174 2914 32 27 du
1227 2913 112 27 bénéfice
1351 2914 32 27 de
1402 2915 22 26 la
1445 2914 32 27 loi
1498 2915 33 26 du
1549 2915 16 26 6
1585 2923 68 19 mars

912 2956 76 29 1850,
1003 2955 44 32 qui
1062 2955 33 24 lui
1110 2954 68 25 avait
1191 2953 107 26 accordé
1313 2954 21 25 la
1350 2955 206 26 naturalisation.

946 2996 34 25 M.
996 2994 134 26 Eberhard
1143 2994 114 32 exprime
1271 3001 27 18 sa
1318 2995 113 25 manière
1450 2994 31 26 de
1495 2995 55 26 voir
1569 3002 45 19 sur
1630 2996 22 25 la

912 3034 85 33 portée
1014 3034 32 26 du
1063 3036 68 29 vote,
1152 3033 14 26 à
1180 3034 173 31 l'unanimité,
1374 3035 33 25 du
1423 3035 81 32 projet
1517 3035 32 26 de
1561 3035 33 27 loi
1609 3043 44 19 sur

912 3075 36 25 les
964 3074 116 26 chemins
1094 3073 31 26 de
1138 3074 47 25 fer.

947 3115 34 25 La
995 3114 118 34 question
1128 3114 30 26 de
1172 3114 22 25 la
1209 3114 102 25 fixation
1323 3114 32 25 du
1370 3114 58 33 jour
1439 3115 30 25 de
1480 3115 22 25 la
1514 3116 138 31 prochaine

911 3154 91 26 séance
1015 3154 91 26 amène
1119 3154 61 26 celle
1191 3154 59 26 d'un
1262 3154 177 33 ajournement
1451 3162 64 24 pour
1526 3162 31 18 un
1571 3159 81 29 temps

910 3194 103 26 au-delà
1033 3195 30 25 de
1083 3195 62 25 trois
1166 3195 81 32 jours.
1320 3195 33 25 Le
1377 3195 220 31 Gouvernement,
1621 3201 31 20 ne

912 3238 111 28 pouvant
1047 3240 44 26 pas
1113 3240 30 20 en
1167 3240 28 20 ce
1219 3237 112 23 moment
1353 3240 26 20 se
1401 3240 143 26 prononcer
1561 3241 46 20 sur
1624 3241 28 20 ce

911 3275 86 31 point,
1023 3273 101 27 déclare
1136 3274 60 32 qu'il
1217 3275 52 25 fera
1289 3275 133 25 connaître
1443 3274 208 26 ultérieurement

910 3314 38 26 s'il
964 3316 58 30 peut
1036 3320 30 19 ou
1082 3321 49 18 non
1146 3314 131 25 consentir
1290 3321 13 18 a
1317 3317 39 23 cet
1369 3314 188 32 ajournement.
1577 3314 18 26 Il
1610 3322 14 25 y
1638 3322 12 17 a

910 3354 76 26 débat
999 3360 45 19 sur
1059 3360 27 19 ce
1101 3353 78 32 point.
1190 3354 61 26 MM.
1262 3354 142 31 Eberhard,
1412 3354 88 31 Jonas,
1511 3355 138 33 Augustin,

910 3394 31 26 de
966 3393 130 30 ïornaco,
1123 3393 89 26 Ulrich
1237 3397 23 22 et
1288 3394 34 25 M.
1347 3393 21 26 le
1392 3393 117 26 ministre
1531 3394 82 26 d'Etat
1637 3401 12 26 y

910 3437 126 28 prennent
1050 3436 68 29 part;
1135 3432 144 27 finalement
1294 3433 16 26 il
1324 3437 38 22 est
1376 3432 82 28 résolu
1471 3440 48 26 que
1533 3433 103 27 l'Assem-

910 3473 54 26 blée
978 3473 157 32 s'ajournera
1148 3473 101 33 jusqu'à
1265 3473 123 25 mercredi
1405 3474 136 31 prochain,
1560 3474 14 25 à
1588 3474 62 25 trois

910 3514 93 26 heures
1023 3514 30 25 de
1074 3513 111 32 relevée;
1209 3520 49 26 que
1277 3513 21 26 si
1319 3513 22 25 le
1362 3513 206 26 Gouvernement
1591 3516 59 30 peut

910 3554 130 26 consentir
1052 3554 13 26 à
1080 3561 33 19 un
1130 3554 56 33 plus
1200 3554 60 33 long
1273 3554 191 32 ajournement,
1480 3559 38 21 cet
1532 3554 104 33 ajourne-

910 3598 69 22 ment
993 3601 57 19 sera
1069 3594 121 33 prolongé
1207 3594 119 33 jusqu'au
1348 3595 97 30 mardi,
1470 3595 33 26 14
1516 3594 133 26 décembre

911 3635 137 32 prochain,
1073 3635 13 25 à
1101 3635 62 26 trois
1177 3635 93 25 heures
1285 3635 31 25 de
1330 3635 112 31 relevée,
1467 3638 24 22 et
1505 3642 49 26 que
1571 3636 33 24 M.
1627 3635 22 25 le

910 3675 133 26 Président
1063 3675 31 26 de
1115 3674 165 28 l'Assemblée
1304 3681 30 20 en
1357 3675 138 27 informera
1519 3682 45 26 par
1588 3674 62 28 écrit

909 3715 99 26 chacun
1023 3716 44 25 des
1080 3714 116 34 députés.

1934 196 288 54 Verschiedenes.

1748 263 121 28 Vorgestern
1890 264 41 21 und
1948 264 86 27 gestern,
2053 263 21 22 4.
2098 264 42 21 und
2162 263 21 22 5.
2196 263 115 28 Dezember
2321 279 6 11 ,
2345 263 104 28 betrugen

1704 297 32 21 die
1750 297 48 26 vejp.
1817 297 99 22 Mariina
1932 300 35 19 der
1983 297 201 29 Tagestemperatnr
2201 300 54 23 4-2°
2273 300 43 20 und
2332 310 12 4 —
2344 298 58 27 |—l"s
2412 299 37 21 des

1704 332 189 29 hundeilgrlldigen
1914 332 182 29 Thermometers;
2116 334 31 22 die
2168 334 98 22 Minima
2284 338 72 18 waren
2424 333 25 22 3°

1705 367 42 21 und
1764 366 60 23 —3".

1778 411 45 23 Der
1838 412 115 28 vormalige
1970 411 90 27 Schüler
2077 412 81 29 hiesiger
2170 412 205 28 Industrie-Schule,
2389 412 59 27 Phil.

1704 445 75 28 Bourg
1805 450 40 17 aus
1866 446 141 29 Luremburg,
2030 447 81 22 welcher
2134 447 33 28 sich
2184 448 55 25 schon
2256 450 90 21 mehrere
2364 447 83 25 Jahren

1705 479 18 26 !o
1738 481 121 23 rühmender
1881 480 108 28 Zeugnisse
2007 487 25 15 an
2049 482 35 20 der
2101 481 39 22 mit
2156 483 34 20 der
2206 481 98 26 Lütlicher
2320 481 128 27 Universität

1704 515 144 21 verbundenen
1864 514 68 22 Ecole
1950 514 100 30 spéciale
2068 515 39 22 des
2124 520 48 17 arts
2189 520 21 18 et
2227 516 173 21 manufactures
2417 522 31 16 et«

1704 548 83 21 Werben
1800 549 42 25 hat,
1859 549 27 27 ist,
1904 549 47 22 nach
1966 549 130 27 bestandener
2113 549 110 28 Prüfung,
2240 550 58 27 durch
2313 550 136 27 Miiiisteria!»

1704 582 99 27 Beschluß
1819 588 47 17 vom
1884 583 28 21 30
1928 583 118 22 November
2063 583 79 28 letzthin
2158 589 35 22 zur
2210 584 127 27 Äblheiluug
2350 586 35 20 de«
2397 583 52 23 vier«

1704 621 32 17 ten
1754 616 164 28 Studienjahre«
1933 623 26 15 an
1972 620 33 19 der
2016 617 114 27 nämlichen
2142 618 81 26 Anstalt
2234 618 111 28 zugelassen
2356 620 84 20 Worden

1776 656 44 22 Der
1843 655 13 22 L
1865 663 9 15 e
1884 656 29 21 vi
1924 663 11 14 a
1944 660 7 17 t
1960 657 11 25 h
1982 663 10 14 a
2002 662 13 15 n
2025 671 5 11 ,
2055 657 92 26 welchem
2168 663 49 16 man
2245 659 37 20 den
2305 651 143 31 bescheideneu'

1704 690 84 23 Namen
1812 690 100 28 König
1936 691 50 22 des
2010 691 122 22 Meere«
2156 691 97 29 beigelegt
2278 693 55 22 hatte
2355 693 41 21 und
2414 694 32 20 de.

1704 726 56 25 heule
1770 741 5 8 ,
1799 726 95 24 nachdem
1912 731 19 15 er
1947 725 32 22 die
1995 725 112 22 Aktionäre
2124 726 34 22 bei
2175 726 61 27 ersten
2253 725 126 27 Gesellschaft
2402 726 45 21 ini»

1704 760 50 25 nirt,
1770 760 46 26 noch
1834 760 74 26 einfach
1925 759 242 28 Great-Eastern
2184 760 94 26 (Grosser
2295 760 72 27 Osten)
2385 760 64 27 heißt,

1704 795 34 25 hat
1761 794 69 26 bisher
1854 793 66 25 seinen
1945 793 118 27 Ankerplatz
2086 793 32 22 bei
2135 793 120 27 Doplsord,
2272 799 31 16 wo
2321 801 19 14 er
2356 793 92 28 verlauft

1704 831 77 22 wurde,
1798 830 44 23 noch
1860 827 49 26 nicht
1922 828 106 28 verlassen.
2060 827 42 23 Die
2114 835 50 16 neue
2177 829 133 27 Gesellschaft,
2319 829 70 27 welche
2401 831 48 20 den»

1704 863 66 25 selben
1787 869 26 15 an
1828 863 32 26 sich
1878 863 100 27 gebracht,
1995 864 80 27 gerenkt
2092 864 48 26 noch
2158 863 93 24 100,000
2262 864 33 21 bis
2308 863 94 25 120,000
2413 863 35 27 Pf.

1705 897 98 28 Sterling
1823 898 24 27 (2
1870 897 33 28 1/2
1928 897 32 23 bis
1976 897 14 21 3
2007 897 115 23 Millionen
2139 898 103 28 Franken»
2261 898 35 27 auf
2311 898 64 27 dessen
2389 898 61 27 ganz«

1705 931 62 27 lichen
1785 931 89 22 Ausbau
1890 932 41 21 und
1948 931 170 27 Instandsetzung
2134 937 23 22 zu
2174 933 128 20 verwenden.
2333 932 41 25 Im
2388 931 61 27 Laufe

1704 965 64 26 diefes
1790 965 102 22 Monates
1913 966 51 20 Wird
1986 971 49 16 man
2056 971 35 22 zur
2107 966 135 27 Bemastung,
2259 966 130 28 Betakelung
2405 967 43 21 und

1704 1000 149 28 vollständigen
1871 1000 133 28 Ausrüstung
2021 1000 91 27 schreiten
2127 1003 41 18 und
2185 1000 50 27 hofft
2251 1000 33 26 für
2296 1000 85 28 Anfang
2394 1000 58 26 künf»

1705 1035 55 27 tigen
1778 1035 116 22 Sommers
1909 1034 66 22 damit
1991 1035 60 27 fertig
2068 1041 23 22 zu
2102 1036 88 20 werde».
2209 1034 68 26 Sechs
2289 1034 82 27 Masten
2384 1035 67 28 liegen

1706 1069 62 22 bereit
1777 1074 6 16 :
1801 1069 31 21 ein
1851 1069 106 27 Fockmast,
1974 1069 47 26 zwei
2033 1069 63 27 große
2107 1068 86 28 Masten
2204 1069 42 22 und
2260 1069 43 22 drei
2314 1069 79 25 Befan»
2402 1069 47 22 ober

1706 1102 160 28 Hintermasten,
1898 1102 43 22 Die
1958 1103 45 27 fünf
2019 1104 73 26 erstem
2108 1104 42 26 sind
2162 1108 41 16 von
2215 1102 69 28 Elsen,
2300 1104 34 20 der
2345 1102 53 28 letzte
2411 1106 41 18 an»

1706 1138 52 27 Holz
1774 1142 35 16 um
1825 1136 33 22 die
1875 1137 150 28 Magnetnadel
2043 1137 52 26 nicht
2109 1143 25 22 zu
2151 1137 86 23 beirren.
2254 1136 46 23 Ter
2317 1137 99 29 Fockmast
2428 1136 24 27 ist

1706 1173 14 20 2
1737 1171 46 29 Fuß
1799 1171 13 21 9
1828 1172 48 26 Zoll
1892 1171 38 22 dick
1946 1173 42 19 und
2007 1172 40 20 172
2064 1171 48 29 Fuß
2129 1172 59 27 hoch;
2206 1173 34 21 der
2256 1173 47 25 erste
2320 1171 62 28 große
2394 1172 58 26 Mast

1708 1207 35 26 hat
1758 1207 13 20 3
1788 1204 47 30 Fuß
1851 1205 13 21 G
1879 1204 50 28 Zoll
1947 1204 142 29 Durchmesser
2105 1207 41 21 ~nd
2160 1206 43 22 eine
2212 1206 58 27 Höhe
2281 1210 41 17 von
2334 1206 44 20 210
2387 1204 47 30 Fuß
2444 1211 5 21 ;

1708 1241 34 20 der
1759 1245 66 22 zweite
1842 1240 21 27 ist
1880 1243 39 17 von
1937 1240 94 26 gleichem
2050 1240 142 27 Durchmesser
2208 1240 39 22 mit
2264 1240 55 22 einer
2335 1240 58 26 Höhe
2409 1245 43 16 von

1708 1274 49 21 220'
1776 1273 54 29 Fuß.
1855 1273 46 22 Der
1917 1273 47 27 erste
1985 1273 128 28 Hiuteimast
2129 1274 23 27 ist
2168 1279 42 16 von
2226 1276 34 19 der
2276 1273 124 27 Dimension
2416 1274 35 21 de«

1709 1309 61 26 ersten
1794 1307 78 29 großen
1896 1306 79 28 Mastes
1986 1312 5 22 ;
2016 1308 34 22 der
2073 1308 68 27 zweite
2164 1308 128 28 Hintermast
2316 1308 22 28 ist
2361 1312 41 17 von
2419 1309 35 20 der

1709 1342 60 22 Dicke
1785 1344 35 20 de«
1837 1342 155 27 Vordermastes
2009 1341 40 23 mit
2065 1342 56 21 einer
2137 1343 58 26 Höhe
2216 1342 60 29 gleich
2292 1343 35 21 der
2343 1344 35 19 de«
2394 1344 60 26 zwei«

1709 1379 33 20 ten
1758 1377 154 27 Hauptmastes.
1971 1376 46 27 Zur
2033 1376 135 29 Ausrüstung
2184 1378 37 21 de«
2238 1376 163 29 Great'Eastern
2422 1384 33 21 ge»

1710 1411 61 27 hören
1788 1411 27 21 14
1831 1411 83 22 kleinere
1926 1411 124 28 Fahrzeuge,
2067 1414 106 19 worunter
2185 1411 49 27 zwei
2246 1411 62 22 kleine
2322 1411 133 26 Schrauben»

1710 1445 93 27 dampfer
1819 1449 41 17 von
1875 1445 19 27 je
1913 1445 40 21 120
1970 1444 91 23 Tonnen
2076 1446 43 20 und
2131 1444 29 22 (SO
2176 1444 133 28 Pfeidelraft.
2332 1445 123 23 Vermittel«

1710 1478 133 28 Dampftraft
1859 1481 81 20 Werden
1957 1480 25 26 sie
1999 1486 26 14 an
2043 1479 58 22 Bord
2118 1484 86 22 gezogen
2217 1481 41 19 und
2270 1479 22 22 in
2305 1479 45 23 See
2361 1479 95 29 gelassen.

1754 1513 42 22 Die
1815 1514 47 27 erste
1883 1513 124 28 Probefahrt
2026 1513 53 22 wird
2100 1518 41 17 von
2159 1512 108 29 Daplfoid
2284 1515 47 25 nach
2349 1514 104 26 Portland

1710 1548 22 22 in
1748 1548 87 22 Canada
1859 1549 68 27 gehen.
1961 1548 72 27 Dieser
2057 1548 85 27 Versuch
2167 1549 52 20 Wird
2244 1549 51 21 über
2321 1549 31 21 die
2368 1549 89 27 künftige

1710 1582 144 28 Bestimmung
1871 1582 36 22 de«
1925 1582 90 28 Schiffes
2029 1582 127 27 entscheiden.
2172 1580 43 24 Die
2229 1582 148 28 Eigenthümer
2389 1582 67 28 hoffen

1711 1615 37 23 mit
1765 1615 43 28 ihm
1831 1616 32 22 die
1886 1615 57 23 Linie
1959 1621 43 18 von
2025 1616 99 28 E,,gland
2140 1616 49 27 nach
2205 1616 98 23 Calcutta
2321 1622 23 22 zu
2360 1616 97 27 befahren

1710 1652 43 20 und
1774 1651 64 24 diesen
1862 1651 51 28 Weg
1936 1651 22 22 in
1975 1652 89 28 weniger
2088 1652 36 21 al«
2146 1651 29 21 80
2199 1650 74 29 Tagen
2296 1652 159 28 zurückzulegen,

1710 1686 93 26 wodurch
1821 1686 32 22 die
1875 1685 138 29 Frachtpreise
2027 1686 123 27 verdoppelt
2171 1687 42 21 und
2229 1686 132 27 verdreifacht
2376 1687 81 21 Werden

1712 1720 94 22 könnten,

1781 1765 92 27 Arlon,
1890 1767 13 20 4
1920 1764 127 23 décembre.
2064 1764 87 29 Malgré
2168 1765 21 22 le
2206 1765 105 22 mauvais
2328 1768 86 27 temps,
2433 1765 21 22 la

1712 1798 56 22 foire
1785 1799 27 21 de
1829 1799 61 28 jeudi
1900 1798 90 22 dernier
2001 1798 53 23 était
2065 1799 146 23 très-animée
2223 1803 20 18 et
2256 1799 33 22 les
2301 1800 155 22 transactions

1711 1832 173 23 commerciales
1907 1833 161 27 nombreuses;
2092 1833 15 22 il
2129 1837 35 19 est
2187 1833 50 22 vrai
2254 1836 107 27 pourtant
2378 1841 44 22 que
2438 1833 22 23 le

1712 1867 92 22 nombre
1821 1868 27 22 de
1865 1868 104 22 chevaux
1986 1872 22 18 et
2024 1868 28 22 de
2068 1868 105 23 bestiaux
2183 1868 54 23 était
2247 1869 27 21 de
2286 1869 121 28 beaucoup
2425 1869 23 22 in-

1712 1902 86 23 férieur
1820 1903 14 21 à
1858 1902 58 23 celui
1940 1903 28 21 de
1991 1903 22 21 la
2039 1902 58 23 foire
2121 1903 30 21 du
2173 1903 58 22 mois
2247 1903 100 27 dernier,
2364 1903 64 22 aussi
2444 1909 15 22 y

1712 1935 87 23 avait-il
1820 1936 74 22 moins
1915 1936 27 22 de
1964 1936 137 22 marchands
2124 1937 131 27 étrangers;
2275 1941 70 25 quant
2361 1943 45 16 aux
2422 1937 25 21 cé-

1712 1969 86 27 réales,
1821 1971 86 28 malgré
1931 1970 20 22 le
1975 1970 71 29 grand
2063 1970 94 22 nombre
2179 1971 144 22 d'acheteurs
2340 1978 43 23 que
2400 1978 60 15 nous

1713 2006 79 21 amène
1809 2005 88 30 chaque
1914 2006 101 22 semaine
2033 2006 20 22 le
2069 2005 93 22 chemin
2179 2006 27 22 de
2224 2005 41 28 fer,
2283 2005 13 23 il
2313 2013 15 23 y
2344 2013 14 15 a
2371 2013 29 15 eu
2416 2013 44 15 une

1713 2038 77 23 baisse
1806 2039 117 23 d'environ
1939 2047 29 15 un
1985 2040 66 22 franc
2068 2046 40 22 par
2124 2040 126 22 hectolitre.

1726 2430 6 460 PRIX
1734 2430 9 460 MOYENS
1745 2430 5 460 DES
1752 2430 11 460 DENRÉES

1792 2709 26 114 vendues
1799 2665 19 32 au
1792 2544 26 105 marché
1792 2498 25 31 de

1833 3239 295 33 Börsenberichte.
2148 3239 19 33 —
2187 3239 158 33 Bourses.

1912 3283 95 22 Paris,
2021 3282 12 19 4
2051 3279 121 22 décembre
2191 3280 64 21 1858.

1952 3583 112 27 Anvers,
2080 3586 14 20 3
2107 3583 127 24 décembre.

1877 3717 149 27 Fianifmt
2042 3722 20 16 a.
2079 3716 49 24 M.,
2144 3717 20 20 ».
2182 3715 121 28 Dezember.

1831 3750 198 27 Schlußcouise
2045 3751 43 21 bei
2105 3750 130 28 heutigen
2250 3749 91 26 Vörse.

1715 3788 55 27 4'/,
1788 3786 143 26 Métallique«
1992 3785 29 23 G.

1716 3815 95 29 Darmst.
1821 3815 185 24 Bant'Actien—
2017 3814 29 23 G.

2080 3785 160 28 jLullmbuigei
2256 3783 67 23 «.«A.
2340 3783 43 22 449
2398 3783 29 22 G.

2080 3807 177 36 !Fr,nz..Kft«l.
2275 3813 64 23 L.°A.
2355 3814 43 22 300
2415 3813 28 22 Ö.

1879 2846 3 5 .

1864 2256 18 15 6

1874 2151 18 15 ai

1898 2709 11 19 j:
1895 2677 12 16 «

1909 2709 1 19 ~
1910 2678 10 14 ►«

1909 2152 12 42 <r*o

1921 2786 15 19 ja
1929 2757 3 48 —

1921 2677 15 44 ;*

1947 2995 26 124 DENRÉES.

1952 2846 38 49 Il

1936 2786 24 12 £
1936 2755 34 14 |

1942 2709 11 11 -
1937 2678 21 14 S

1959 2677 41 48 -1

1958 2625 19 18 .5

1997 2532 16 20 83

1957 2450 40 12 Ï

2000 2449 15 19 te

2023 2709 14 18 «
2030 2679 8 18 -T

2023 2624 14 19 W

2025 2326 13 35 o,

2038 2326 16 35 eo'

2041 2245 20 66 1001.»

2082 2288 18 26 IV.
2085 2256 15 19 cl

2038 2125 28 99 Scheffel.

2085 2875 16 25 li,
2084 2831 18 31 ct.
2082 2790 20 27 fr.
2085 2748 17 29 et.

2083 2707 23 26 fr.
2087 2664 20 28 et.

2082 2624 20 26 fr.
2083 2582 19 30 et.

2082 2539 21 27 fr.
2085 2497 17 30 et.

2083 2455 20 26 fr.
2085 2414 18 29 et.

2082 2372 20 25 fr.
2084 2337 18 21 et

2083 2201 18 29 In.
2086 2157 18 31 sg.
2085 2141 19 5 |

2078 2118 20 12 r.

2112 3085 18 111 Froment.
2126 3058 5 5 .
2127 3035 5 5 .
2127 2915 4 281 .
2111 2915 20 81 hectol.

2113 2874 20 23 15
2113 2829 19 29 50

2111 2790 22 24 Ifl
2113 2747 18 26 50

2116 2707 19 24 15
2114 2664 21 27 35

2118 2612 15 9 ,

2118 2528 12 9 ■

2118 2444 12 10 »

2112 2371 20 23 16
2110 2328 22 28 25

2111 2288 19 27 20
2111 2244 20 28 68

2111 2203 20 14 2
2109 2159 20 15 9

2109 2118 17 6 t

2142 2874 21 24 14
2142 2829 20 29 50

2141 2790 20 23 14
2142 2745 19 27 50

2145 2707 18 24 14
2145 2662 18 28 50

2149 2612 9 9 »

2150 2528 9 9 »

2149 2445 9 9 »

2143 2375 18 21 11
2142 2327 19 29 50

2139 2288 21 24 16
2140 2244 20 28 99

2140 2204 20 14 2
2139 2160 19 14 2

2140 2116 15 13 <>

2172 2872 20 25 12
2179 2833 9 9 »

2168 2789 24 25 13
2178 2749 9 9 »

2181 2695 10 9 „

2177 2612 12 9 •

2179 2528 10 10 i

2178 2444 10 10 »

2172 2375 18 21 11
2170 2328 21 27 25

2177 2277 9 8 »

2173 2163 12 9 •

2200 3143 24 54 Orge

2208 2863 11 9 »

2199 2789 19 23 13
2200 2746 20 27 50

2210 2695 9 9 »

2207 2611 11 9 »

2208 2528 10 9 n

2207 2444 8 9 .

2207 2361 8 8 r,

2207 2277 8 7 »

2198 2207 20 5 1
2196 2160 22 30 23

2197 2118 17 11 -<

2230 2873 21 13 8
2237 2832 10 10 «

2229 2789 19 13 7
2235 2749 10 8 »

2233 2706 18 13 7
2231 2661 20 29 50
2237 2611 8 9 "

2237 2528 9 9 »

2236 2444 10 9 «

2229 2371 20 12 0
2229 2328 21 28 50

2229 2290 19 22 17
2229 2244 19 28 58

2228 2206 19 9 I
2226 2155 21 18 6.

2234 2120 7 8 »

2259 3161 19 35 Poi
2267 2946 10 10 »

2267 2862 9 9 »

2258 2789 20 23 13
2258 2745 20 28 50

2267 2695 12 9 a

2267 2610 7 9 »

2267 2528 9 9 »

2267 2444 8 9 »

2266 2361 9 8 n

2264 2277 11 9 »

2256 2203 20 15 2
2256 2159 21 25 18

2253 2116 23 13 y

2288 3099 22 96 Pommes
2289 3064 19 26 de
2291 2986 18 65 tone,
2296 2947 10 8 »

2290 2873 20 13 2
2290 2829 18 27 55

2287 2788 19 13 2
2289 2745 20 27 33

2297 2695 10 9 «

2295 2610 8 10 »

2296 2528 11 9 »

2295 2444 10 9 «

2295 2361 10 8 •

2287 2288 19 13 4
2288 2246 19 25 47

2287 2160 19 25 15

2292 2120 9 9 »

2318 3146 19 50 Foin
2333 2913 4 283 .
2333 2913 4 283 .
2333 3080 5 5 .
2333 3056 5 5 .
2318 3007 19 29 les
2318 2954 20 39 100
2318 2913 19 28 K°

2326 2862 10 8 »

2327 2778 9 8 »
2323 2749 11 4 i

2327 2694 9 10 >

2324 2611 9 9 >

2326 2528 10 10 »

2325 2444 9 9 »

2324 2361 10 8 »

2324 2277 9 8 ■>

2313 2204 21 14 4
2317 2160 18 13 6

2323 2120 6 8 >

2347 3130 18 65 Paille

2378 2873 19 13 2
2376 2829 21 28 35

2378 2792 19 7 1
2376 2745 21 29 90

2378 2706 19 14 2
2378 2662 20 28 05

2383 2612 12 9 ,

2383 2527 12 11 »

2354 2445 10 9 »

2377 2374 19 9 1
2377 2328 18 28 75

2354 2277 10 9 *

2345 2206 19 9 1
2345 2161 22 27 24

2376 3105 23 91 Beurre.
2391 3035 7 52 ...
2378 2996 18 19 le
2378 2913 23 70 Kilog.

2406 3150 19 45 Boi«
2406 3113 20 27 de
2407 3035 19 69 hëlre.
2407 2986 19 19 le
2409 2913 18 65 stcn-.

2407 2872 20 25 12
2406 2830 20 27 25

2414 2778 10 10 •

2408 2705 20 15 9
2406 2661 22 29 50

2414 2611 10 10 •

2412 2528 14 9 *

2412 2445 10 10 *

2411 2361 13 8 •

2411 2163 10 10 *

1919 3314 128 26 Comptant.

2233 3313 100 21 Dernier
2344 3320 72 14 court.

2228 3341 3 24 ,
2266 3358 5 5 .
2301 3341 29 24 73
2345 3343 29 21 95

1803 3372 88 26 Quatre
1907 3375 23 18 et
1946 3371 58 22 demi
2020 3379 57 19 pour
2095 3373 40 20 100
2152 3371 4 27 .
2189 3388 6 5 .

2228 3372 4 21 .
2265 3388 5 5 .
2301 3372 29 21 96
2346 3373 29 20 20

2228 3402 4 19 .
2272 3402 57 19 3165
2360 3410 10 8 »

2288 3432 42 18 675
2361 3438 9 9 »

1803 3459 77 23 Crédit
1897 3459 103 22 mobilier

2284 3459 43 21 972
2344 3459 29 20 60

1802 3488 108 22 Chemins
1919 3487 28 22 de
1957 3487 42 22 fer.
2021 3487 62 22 Nord
2115 3487 4 23 .
2152 3503 5 5 .
2189 3503 6 6 .

2286 3488 43 20 996
2344 3489 28 19 25

2285 3517 43 20 690
2360 3524 8 10 °

2021 3544 92 22 Sotiété
2134 3545 89 22 autrich

2228 3545 4 21 .
2264 3545 3 21 .
2286 3545 41 21 647
2344 3546 29 20 50

1862 3650 31 22 id.
1931 3651 14 19 a
1957 3650 32 20 t/2
2006 3654 21 20 p.
2045 3656 19 15 c.
2112 3664 5 7 .
2149 3664 6 5 .

2189 3677 4 22 .
2224 3677 4 22 .
2262 3678 29 21 32
2307 3677 14 22 3
2328 3678 14 20 8
