5316 7345
168 143 249 48 Quinzième
436 143 145 40 année.
670 139 228 43 Deuxième
912 137 128 43 Sériai
1121 138 187 43 Numéro
1329 139 80 41 879

1955 85 6 7 -
2085 60 4 39 •
2678 65 21 34 V
2781 60 4 39 '
3227 74 17 24 h

1939 136 126 43 PARIS
2091 137 12 41 i
2133 133 102 46 JLS
2262 133 209 43 centimes.
2569 131 327 45 DÉPARTEMENTS
2919 142 50 31 ET
2991 129 141 44 GARES
3151 142 12 32 Î
3191 130 109 44 &©
3320 131 209 52 CENTIMES]

4346 139 201 44 Mercredi
4576 143 27 40 8
4631 143 164 41 Février
4820 143 110 41 1882

1348 509 91 44 SB9|
1617 509 89 44 Mw
1760 509 87 44 ®
2093 520 85 33 nHn
2680 509 81 44 ffPPPI
2815 509 80 37 tfiPPl
2974 509 222 44 11111
3241 509 45 44 l
3331 509 44 44 '
3409 509 86 44 ifppill
3578 509 111 38 sÊÊÊÊT

1349 578 6 52 E
1613 578 187 52 MËœffl
2093 594 86 35 HKa
2680 582 81 31 BH
2812 581 84 34 HBI
2974 578 85 32 HH
3116 578 40 32 H
3259 578 5 52 i
3302 578 38 52 ||j
3410 578 6 52 J
3772 578 63 15 ™

1346 626 43 67 H
1421 626 17 73 I
1487 672 91 27 gag
1611 626 45 65 B
1701 626 92 73 ~~~'
2096 626 6 63 I
2237 663 20 21 l
2348 648 44 39 m
2680 626 81 61 H
2813 626 83 61 H
2973 626 86 61 H
3117 626 15 73 I
3260 626 83 73 L|
3410 626 43 73 H
3489 654 6 31 :
3704 654 133 38 .«A

1346 689 91 20 ran
1487 684 92 27 BH
1612 684 85 24 BH
2095 684 85 24 H
2278 684 79 27 BaSs
2406 684 87 30 KSSBb
2554 684 80 30 EH
2680 686 81 27 s&tXa
2815 684 80 24 PSS33
2974 684 85 24 EBMB
3117 691 83 22 HWH
3260 684 81 30 HHH
3410 691 85 22 MBIBI

1317 698 120 45 \Bn
1487 698 48 38 ■-
1574 698 4 57 ;
1656 698 41 38 ■
1779 711 72 44 pga
2095 698 44 57 g
2277 698 6 37 !
2316 698 41 34 ■
2404 702 87 31 H
2554 698 80 34 ■■
2680 698 81 46 mU
2815 698 80 57 (gS
3117 702 83 44 H
3410 698 5 57 j
3452 698 43 37 H
3586 699 73 56 £0

2100 742 91 59 wgëgL
2257 742 99 59 Jgnj
2406 742 78 51 iBl
2549 742 85 59 Sj&
2680 742 84 59 pis
2974 742 84 45 lilf
3120 750 81 43 pp
3256 742 84 41 1111
3410 742 84 59 lj|Ss»
3759 742 96 52 JMw

110 1387 50 70 M.
209 1389 118 69 PAUL
371 1389 120 69 BERT
528 1389 56 67 ET
626 1389 52 67 LE
719 1375 168 83 CLERGE'

154 1580 97 32 Nous
267 1586 109 26 avons
392 1587 46 25 vu
455 1587 78 33 que,
548 1578 89 33 dans
652 1578 32 33 le
707 1578 125 41 projet,
847 1587 46 24 ou

107 1623 196 41 l'ébauche,
313 1624 48 33 de
441 1624 87 33 Paul
543 1624 94 39 Bert,
648 1624 51 33 les
715 1623 161 34 ecclésias-

111 1676 91 33 ques
215 1670 80 32 sont
325 1669 133 33 soumis
488 1669 20 32 à
541 1676 70 25 une
635 1667 184 43 discipline
841 1669 35 32 sé-

110 1714 98 39 vère,
227 1713 60 44 qui
308 1714 89 33 rend
425 1711 195 38 désormais
647 1713 53 34 les
729 1711 145 43 erapiôtc-

116 1760 154 33 tements
283 1757 234 43 impossibles.

157 1840 47 38 M-
221 1839 89 34 Paul
319 1839 97 39 Bert,
426 1838 235 41 poursuivant
677 1846 64 25 son
756 1845 133 32 oeuvre,

110 1883 144 34 modifie
262 1891 104 26 -assez
389 1883 272 41 profondément
671 1881 34 35 la
720 1881 150 41 composi-

109 1930 76 32 tion
197 1929 47 33 du
260 1928 131 41 clergé.
407 1926 90 34 C'est
511 1928 89 32 dans
620 1923 90 38 cette
742 1926 149 33 seconde

110 1972 116 41 partie
241 1972 139 33 surtout
393 1970 86 44 qu'il
496 1970 143 43 remplit
645 1970 35 32 la
692 1978 195 34 promesse,

110 2016 85 34 faite
208 2026 65 33 par
283 2015 51 35 lui
348 2016 21 33 à
384 2016 157 32 diverses
556 2015 167 40 reprises,
737 2014 43 34 de
793 2023 78 25 reve-

110 2061 59 34 nir
183 2061 20 34 à
216 2061 34 33 la
266 2061 122 34 stricte
402 2060 185 34 exécution
608 2059 48 33 du
684 2059 204 34 Concordat,

157 2135 48 32 Le
221 2132 536 41 Concordatn'admettaitquele
770 2132 120 40 clergé

110 2178 164 34 séculier.
288 2179 94 33 Dans
397 2178 33 33 le
445 2177 119 41 clergé
588 2177 162 38 séculier,
769 2176 24 33 il
821 2177 52 32 dis-

106 2224 159 40 tinguait
280 2223 87 34 trois
390 2223 130 33 classes
535 2230 9 22 :
572 2222 52 32 les
650 2220 241 43 archevêques

110 2270 34 31 et
171 2269 165 41 évêques,
353 2267 52 34 les
431 2267 115 38 curés,
573 2265 51 33 les
653 2264 234 33 desservants.

116 2313 53 34 On
183 2315 84 39 peut
281 2311 116 34 même
426 2310 76 33 dire
531 2320 69 32 que
626 2309 38 33 la
690 2309 112 32 classe
828 2309 61 33 des

110 2357 235 37 desservants,
378 2365 45 24 ou
459 2356 102 31 curés
601 2354 206 39 amovibles,
835 2354 54 33 est

110 2411 72 25 une
206 2401 156 34 création
387 2400 48 33 du
464 2399 195 34 Concordat
677 2408 7 21 :
703 2407 72 24 non
802 2398 85 41 qu'il

115 2446 60 41 n'y
190 2446 59 33 eût
263 2454 63 34 pas
340 2446 44 32 de
399 2445 227 33 desservants
641 2452 81 24 sous
738 2443 149 33 l'ancien

112 2491 149 40 régime,
287 2490 91 34 mais
393 2490 24 33 il
431 2498 26 32 y
472 2498 44 24 en
533 2489 93 33 avait
645 2487 70 33 fort
743 2497 78 32 peu,
848 2489 35 32 et

110 2537 85 33 c'est
209 2536 32 33 le
256 2535 165 35 Consulat
432 2532 60 43 qui
510 2542 44 24 en
567 2542 20 22 a
601 2532 90 39 créé,
705 2532 81 32 d'un
802 2532 77 32 seul

109 2589 100 33 coup,
226 2580 80 43 plus
325 2578 43 33 de
394 2578 116 33 trente
534 2577 107 38 mille,
658 2585 45 24 en
718 2576 162 33 décidant

106 2624 85 43 qu'il
204 2626 60 40 n'y
278 2622 113 34 aurait
404 2622 130 43 qu'une
544 2622 96 32 seule
656 2629 84 25 cure
755 2621 111 33 inamo-

106 2668 97 33 vible
221 2678 64 32 par
306 2666 292 41 circonscription
627 2666 44 32 de
690 2665 129 41 justice
843 2665 44 32 de

103 2713 97 43 paix.
231 2712 161 34 L'article
417 2713 35 32 11
482 2709 130 43 permit
640 2719 70 24 aux
732 2709 155 41 évêques

106 2757 135 34 d'avoir
255 2765 48 25 un
319 2756 157 41 chapitre
490 2756 87 32 dans
588 2754 77 32 leur
680 2752 200 34 cathédrale

105 2804 35 32 et
169 2811 48 24 un
242 2800 190 35 séminaire
448 2809 90 31 pour
560 2799 77 32 leur
658 2798 150 39 diocèse,
840 2806 45 24 en

103 2846 180 34 déclarant
300 2844 267 43 expressément
587 2851 67 32 que
679 2843 33 33 le
737 2850 128 33 gouver-

105 2893 145 35 nement
265 2900 45 24 ne
322 2889 219 41 s'engageait
554 2896 65 33 pas
633 2888 20 32 à
666 2888 52 33 les
729 2888 112 33 doter.

142 2973 66 32 Les
221 2972 152 41 évêques
386 2979 46 24 ne
450 2968 184 43 perdirent
661 2975 63 33 pas
742 2975 47 25 un
809 2975 48 25 mo-

104 3018 99 33 ment
231 3025 89 33 pour
351 3014 203 33 démontrer
582 3012 104 41 qu'ils
723 3020 46 24 ne
801 3020 64 32 pou-

103 3060 118 33 vaient
236 3060 37 33 ni
291 3067 38 25 se
344 3066 125 34 passer
482 3058 45 33 de
543 3057 201 38 séminaire,
763 3056 34 32 ni
815 3056 51 33 suf-

104 3106 65 32 fire
185 3113 86 24 avec
300 3104 97 33 leurs
424 3111 156 24 revenus
608 3110 70 24 aux
706 3100 113 40 dépen
828 3109 57 24 ses

103 3150 44 33 de
181 3157 59 26 ces
266 3148 294 35 établissements.
576 3145 50 33 Ils
640 3144 244 43 prétendirent

104 3194 94 34 aussi
215 3194 87 41 qu'il
314 3191 84 34 était
412 3191 200 33 nécessaire
634 3191 44 31 de
691 3189 118 41 placer
824 3197 39 25 au-

104 3241 84 39 près
216 3239 104 33 d'eux
348 3246 48 24 un
431 3235 158 41 chapitre
619 3234 263 33 officiellement

104 3292 169 31 reconnu,
291 3282 35 33 et
352 3280 163 44 appointé
531 3288 61 25 sur
618 3279 34 33 le
679 3279 115 33 trésor
820 3287 40 33 pu-

103 3328 81 39 blic,
222 3327 194 41 alléguant,
444 3326 100 33 entre
573 3325 119 32 autres
730 3322 150 38 raisons,

102 3381 71 34 que
188 3372 169 41 l'évêque,
387 3370 128 33 investi
544 3370 81 32 d'un
648 3366 150 44 pouvoir
814 3367 51 32 dis-

103 3417 195 41 ciplinaire,
314 3416 96 33 avait
423 3413 135 39 besoin,
581 3422 91 33 pour
698 3412 183 38 l'exercer,

104 3463 46 33 du
188 3469 172 26 concours
398 3458 84 34 d'un
516 3457 157 34 tribunal
703 3456 162 33 ecclésias-

103 3508 97 40 tique
211 3530 7 8 .
260 3502 257 37 L'amovibilité
556 3502 63 33 des
658 3501 226 34 desservants

104 3550 139 33 rendait
280 3550 91 32 cette
409 3548 172 32 nécessité
608 3546 80 41 plus
717 3544 163 33 évidente

104 3605 128 24 encore
253 3595 34 32 et
315 3593 80 43 plus
422 3591 280 43 indispensable.
718 3588 115 40 Ainsi,
849 3589 33 32 le

104 3640 156 32 tribunal
276 3639 43 33 de
333 3637 204 37 l'officialité
554 3634 83 35 était
652 3633 149 34 sollicité
815 3643 64 33 par

105 3685 52 32 les
171 3685 154 40 évêques
339 3681 219 34 eux-mêmes
579 3689 138 24 comme
737 3686 70 25 une
821 3687 40 31 ga-

107 3729 113 34 rantie
235 3728 123 34 contre
373 3728 34 33 la
430 3724 300 43 toute-puissance
751 3723 112 40 épisco-

107 3774 91 44 pale.

145 3849 244 41 L'Empereur,
407 3856 61 24 sur
494 3855 47 25 un
565 3846 143 41 rapport
732 3843 44 32 de
798 3844 61 31 Por-

105 3893 93 40 talis,
228 3893 110 33 admit
365 3893 33 33 le
425 3893 83 33 bien
541 3891 104 34 fondé
671 3889 45 33 de
742 3896 58 24 ces
830 3887 34 33 ré-

104 3939 220 33 clamations.
350 3939 66 32 Les
435 3937 176 41 chapitres
637 3933 116 34 furent
770 3933 109 38 créés,

104 3984 52 32 les
172 3981 209 38 séminaires
397 3983 118 32 furent
544 3979 111 33 dotés.
666 3978 90 33 C'est
783 3978 78 40 peut-

104 4029 76 32 être
195 4037 70 24 une
280 4028 60 32 des
354 4026 181 32 faiblesses
550 4032 69 33 que
632 4024 48 33 M.
697 4022 87 34 Paul
798 4023 83 32 Bert

105 4072 171 43 reproche
304 4081 45 24 au
378 4070 154 43 premier
560 4069 156 40 Empire,
730 4067 89 33 dans
842 4075 39 24 sa

104 4117 104 32 lettre
236 4117 21 32 à
282 4117 47 32 M.
359 4115 229 40 Castagnary.
606 4113 104 33 Aussi
736 4111 144 32 n'est-ce

104 4170 61 32 pas
189 4169 45 25 au
263 4161 137 39 régime
415 4160 44 32 de
472 4157 178 43 l'Empire,
671 4166 70 24 aux
755 4155 66 33 lois
836 4155 44 32 de

104 4207 91 38 1809,
206 4206 86 41 qu'il
306 4205 130 33 entend
450 4212 163 24 raxnener
628 4200 155 43 l'Eglise;
795 4200 84 33 c'est

105 4259 45 25 au
172 4251 137 40 régixne
332 4248 222 37 strictement
568 4245 273 39 concordataire,
860 4244 20 33 à

104 4296 33 33 la
151 4294 203 41 législation
374 4293 43 33 de
432 4292 91 33 1802.
540 4293 53 32 En
622 4291 250 39 conséquence,

102 4341 21 33 il
141 4339 132 38 décide,
280 4346 65 34 par
356 4346 65 26 son
435 4337 122 33 article
567 4337 50 38 11,
630 4343 70 33 que
709 4335 52 32 les
776 4333 80 33 bour-

103 4394 57 24 ses
188 4383 246 34 actuellement
469 4381 185 33 accordées
683 4388 63 33 par
772 4378 103 33 l'Etat

103 4430 86 32 dans
203 4428 52 33 les
273 4427 133 43 grands
423 4426 208 34 séminaires
646 4423 122 34 seront
796 4430 63 34 sup-

100 4474 155 41 primées
270 4474 87 32 dans
372 4480 48 26 un
437 4470 91 33 délai
543 4470 44 32 de
606 4468 91 33 trois
710 4467 104 39 xnois,
831 4469 44 37 et,

103 4527 63 33 par
182 4526 64 26 son
260 4515 124 35 article
404 4518 52 37 14,
472 4524 69 33 que
554 4514 33 32 le
601 4507 202 39 traitement
819 4512 60 33 des

106 4563 193 33 chanoines
313 4566 80 28 sera
409 4559 182 43 supprimé
605 4566 64 33 par
691 4557 80 33 voie
787 4557 73 33 d'ex-

104 4606 161 34 tinction.
281 4607 97 33 Nous
404 4613 45 25 ne
463 4611 138 33 voyons
615 4611 63 33 pas
705 4600 174 43 pourquoi

104 4651 24 33 il
143 4651 130 40 ajoute,
292 4650 89 33 dans
403 4650 56 33 cet
470 4648 132 38 article,
625 4656 69 33 que
710 4655 39 25 ce
764 4646 99 32 traite-

104 4697 98 32 ment
216 4697 53 32 est
281 4694 296 34 volontairement
589 4691 152 33 concédé
756 4698 63 33 par
829 4690 50 33 les

103 4741 69 33 lois
188 4741 43 33 de
247 4741 167 33 finances.
430 4739 46 32 Ce
489 4747 46 24 ne
549 4737 85 41 peut
645 4735 73 33 être
732 4735 33 32 là
774 4735 106 40 qu'un

104 4787 200 39 argument,
343 4782 85 43 qu'il
457 4782 115 32 aurait
599 4780 84 33 fallu
717 4780 163 33 réserver

102 4839 90 33 pour
208 4830 33 33 la
254 4827 201 37 discussion
470 4827 35 32 et
517 4834 45 25 ne
588 4833 65 33 pas
680 4824 198 33 introduire

100 4874 87 32 dans
203 4873 32 33 le
250 4873 107 33 texte.
373 4872 103 38 C'est,
490 4871 44 33 de
563 4871 91 40 plus,
672 4877 70 25 une
770 4869 109 41 petite

104 4926 136 25 erreur.
256 4919 48 32 Le
332 4917 202 33 traitement
557 4915 61 33 des
647 4912 151 34 vicaires
821 4913 39 40 gé-

100 4964 136 33 néraux
250 4963 37 33 et
300 4962 64 34 des
378 4959 190 34 chanoines
583 4968 20 24 a
613 4958 56 33 été
683 4957 123 34 rétabli
817 4965 61 32 par

97 5017 53 25 un
180 5008 116 33 arrêté
324 5006 63 33 des
420 5004 141 34 consuls
589 5003 47 33 du
665 5004 40 32 14
732 5002 148 33 ventôse

103 5061 45 26 an
164 5053 76 34 Xl.'
260 5065 7 4 •

137 5133 98 32 Nous
260 5139 111 26 avons
389 5130 54 34 été
459 5128 137 43 surpris
613 5127 44 33 de
671 5137 46 25 ne
735 5127 144 32 trouver

98 5179 89 32 dans
215 5178 32 32 le
280 5176 118 41 projet
431 5173 45 33 de
503 5173 47 33 loi
572 5173 41 32 de
627 5173 47 31 M.
691 5172 91 32 Paul
796 5172 84 32 Bert

99 5230 137 26 aucune
252 5219 152 34 allusion
417 5218 21 33 à
452 5217 93 34 deux
563 5217 116 33 thèses
710 5217 169 33 favorites

98 5268 48 33 du
168 5264 91 43 parti
274 5263 85 34 dont
371 5263 26 33 il
410 5264 58 32 est
481 5263 34 32 le
530 5262 91 39 chef,
645 5262 117 33 savoir
774 5271 8 22 :
797 5261 66 33 l'en-

98 5309 227 43 seignement
354 5308 61 33 des
445 5307 142 33 articles
613 5306 45 33 de
686 5307 86 37 1682,
797 5307 34 32 et
846 5306 33 32 le

98 5354 141 34 service
267 5353 182 34 militaire.
476 5350 180 34 Peut-être
670 5349 86 33 a-t-il
770 5350 109 40 pensé

98 5408 70 33 que
190 5398 221 41 l'obligation
426 5396 47 32 du
489 5394 137 34 service
641 5393 167 34 militaire
823 5394 37 32 de-

96 5445 77 32 vait
184 5443 76 33 être
276 5441 180 41 renvoyée
470 5440 21 32 à
506 5448 70 24 une
589 5440 100 32 autre
704 5438 47 34 loi
763 5450 8 28 ;
789 5446 90 26 nous

99 5496 131 27 savons
246 5486 85 43 qu'il
344 5485 155 37 n'oublie
511 5492 61 34 pas
587 5492 39 25 ce
634 5484 102 41 point
750 5483 107 41 impor-

98 5532 87 38 tant,
195 5530 168 44 puisqu'il
372 5538 21 25 a
399 5529 216 38 mentionné,
624 5529 87 33 dans
723 5537 40 24 sa
776 5528 104 33 lettre

97 5578 22 32 à
133 5577 47 32 M.
191 5576 233 40 Castagnary,
437 5572 228 41 l'exemption
679 5572 47 33 du
742 5572 136 32 service

97 5620 168 35 militaire
274 5619 116 43 parmi
402 5619 50 32 les
458 5617 197 41 privilèges
664 5616 60 43 qui
735 5615 145 33 doivent

98 5667 76 32 être
188 5665 132 39 abolis;
338 5665 46 37 et,
406 5662 110 43 quant
537 5662 20 32 à
581 5661 299 41 l'enseignement

99 5711 63 33 des
177 5709 143 33 articles
334 5707 45 34 de
392 5707 92 39 1682,
501 5707 24 32 il
541 5707 53 32 est
608 5706 168 40 probable
794 5705 85 43 qu'il

97 5758 128 31 trouve
252 5752 184 34 suffisante
459 5752 34 32 la
513 5750 236 43 prescription
764 5751 94 33 conte-

96 5810 72 25 nue
182 5799 89 33 dans
285 5797 149 34 l'article
448 5797 39 31 24
500 5796 43 33 de
556 5796 34 32 la
604 5794 47 33 loi
666 5793 209 43 organique.

97 5846 54 33 On
167 5844 84 43 peut
265 5850 172 33 supposer
461 5839 93 34 aussi
580 5838 85 43 qu'il
696 5838 184 33 reconnaît

97 5887 276 44 l'impossibilité
403 5884 159 43 d'exiger
585 5883 294 40 l'enseignement

100 5935 63 32 des
177 5934 124 40 quatre
318 5929 151 39 articles,
487 5928 124 43 depuis
632 5935 70 33 que
716 5927 148 34 l'infailli-

98 5978 99 34 bilité
213 5975 125 43 papale
364 5983 21 24 a
409 5974 54 33 été
489 5974 120 41 érigée
632 5981 45 25 en
691 5972 142 41 dogme.
847 5972 31 33 Il

98 6021 110 34 serait
222 6020 149 34 curieux
385 6019 44 33 de
452 6018 175 33 constater
653 6018 103 41 qu'en
785 6017 74 32 écar-

98 6065 77 34 tant
202 6073 59 25 ces
291 6064 93 33 deux
412 6063 183 41 questions
619 6060 191 39 irritantes,
828 6061 47 32 M.

100 6112 40 32 P.
158 6111 84 32 Bert
256 6109 83 33 s'est
354 6115 159 26 souvenu
528 6106 104 32 d'une
647 6104 155 33 maxime
815 6104 60 41 qui

97 6163 46 26 ne
171 6154 51 33 lui
250 6154 53 34 est
318 6162 63 28 pas
396 6150 174 34 familière
585 6161 8 20 :
611 6151 86 31 Oclia
710 6150 81 31 sunl
806 6157 53 24 res-

100 6194 198 40 iringenda.
315 6190 30 37 Il
361 6193 56 32 n'a
433 6200 63 33 pas
521 6189 175 39 coutume,
726 6196 90 25 nous
846 6189 32 32 le

97 6239 124 33 disons
236 6239 21 32 à
273 6246 39 25 sa
325 6235 125 43 gloire,
482 6235 44 32 de
548 6233 71 34 fuir
638 6233 52 33 les
709 6231 169 35 inimitiés

97 6285 35 31 et
144 6282 52 33 les
211 6279 304 44 responsabilités.

143 6365 47 32 M.
208 6363 87 35 Paul
312 6361 84 34 Bert
410 6359 113 44 prend
553 6359 33 32 le
614 6359 120 41 clergé
754 6365 64 33 par
843 6359 34 32 la

100 6417 89 34 peur
206 6409 34 32 et
254 6416 63 33 par
332 6405 33 32 la
379 6403 136 35 famine
528 6415 6 20 :
552 6412 63 32 par
630 6403 35 32 la
678 6411 98 32 peur,
788 6411 89 24 nous

100 6455 136 32 l'avons
250 6450 141 34 montré
403 6450 89 32 dans
514 6450 100 31 notre
641 6446 157 43 premier
826 6455 35 24 ar-

100 6496 83 34 ticle
195 6508 7 27 ;
219 6504 63 33 par
296 6494 34 34 la
345 6493 144 37 famine,
502 6501 91 25 nous
606 6491 33 32 le
653 6490 224 34 montrerons

102 6542 89 32 dans
206 6540 34 33 le
254 6537 195 35 troisième.
474 6536 98 33 Nous
598 6543 44 25 en
663 6542 112 25 avons
800 6535 79 40 déjà

104 6586 44 33 ici
163 6593 50 25 un
229 6581 175 45 exemple.
419 6581 28 32 Il
463 6588 120 33 pense,
613 6588 45 25 au
687 6579 94 38 fond,
808 6587 69 33 que

100 6632 52 32 les
169 6626 220 39 séminaires,
405 6620 120 47 privés
541 6625 41 32 de
606 6625 98 32 leurs
731 6622 146 35 bourses

102 6677 34 32 et
163 6674 47 32 du
239 6672 178 43 privilège
443 6670 41 32 de
508 6669 227 41 l'exemption
746 6666 46 34 du
807 6677 53 24 ser-

102 6719 78 32 vice
195 6716 169 34 militaire
377 6724 38 25 se
429 6716 223 32 recruteront
677 6711 84 34 bien
788 6711 74 33 diffi-

102 6763 182 39 cilement;
300 6761 84 33 c'est
396 6768 71 25 une
482 6757 76 34 idée
567 6758 69 32 fort
645 6757 110 40 juste.
764 6756 113 38 Quant

102 6816 71 25 aux
188 6806 190 43 chapitres,
396 6803 24 32 il
437 6803 54 33 lés
513 6802 72 34 voit
601 6801 79 41 déjà
692 6801 163 40 disparus
867 6810 8 22 :

102 6854 25 32 il
149 6853 59 40 n'y
224 6859 21 25 a
253 6859 60 33 pas
327 6848 44 33 de
387 6847 171 34 chanoine
583 6854 81 25 sans
686 6844 189 43 prébende.

104 6898 26 32 Il
148 6894 112 44 prend
275 6894 21 32 à
309 6893 155 33 l'avance
485 6900 56 26 ses
554 6889 223 44 précautions
788 6898 89 32 pour

103 6941 34 32 le
150 6940 81 40 jour
246 6939 44 33 où
305 6937 24 34 il
345 6937 59 41 n'y
419 6944 43 26 en
476 6944 84 25 aura
573 6934 92 43 plus,
683 6943 44 24 en
741 6933 116 40 suppri-

105 6985 98 32 mant
231 6981 295 35 éventuellement
554 6979 52 34 les
622 6978 150 33 vicaires
788 6976 87 41 capi-

953 1037 144 33 tulaires
1124 1037 154 43 pendant
1304 1036 33 34 la
1363 1043 152 26 vacance
1539 1035 48 33 du
1616 1035 109 40 siège,

952 1083 34 32 et
1000 1090 44 25 en
1059 1083 234 40 prolongeant
1317 1081 52 33 les
1389 1081 169 41 pouvoirs
1585 1078 61 33 des
1676 1077 33 33 vi-

952 1128 111 33 caires
1089 1128 44 33 de
1152 1127 158 41 l'évêque
1331 1124 129 34 décédé
1485 1123 139 43 jusqu'à
1650 1122 61 34 l'in-

952 1170 174 34 stallation
1141 1172 46 32 du
1202 1179 206 26 successeur
1430 1169 78 40 (art.
1532 1170 40 31 14
1587 1169 46 31 du
1649 1176 59 33 pro-

946 1217 64 41 jet,
1032 1225 143 33 paragr.
1206 1218 45 39 2).
1283 1215 87 33 C'est
1391 1214 34 32 la
1453 1213 129 33 remise
1610 1220 44 25 en
1676 1212 34 33 vi-

951 1270 115 32 gueur
1080 1261 43 32 de
1137 1260 145 33 l'article
1297 1259 40 32 36
1346 1259 44 32 de
1406 1259 34 32 la
1454 1258 46 33 loi
1517 1258 207 40 organique,

950 1305 119 33 contre
1084 1304 116 43 lequel
1214 1305 34 32 le
1258 1305 94 40 Pape
1368 1304 34 32 et
1414 1304 33 33 le
1454 1303 120 40 clergé
1586 1302 141 33 avaient

950 1350 97 33 élevé
1061 1350 76 33 tant
1157 1349 44 33 de
1230 1346 247 35 réclamations
1492 1355 69 34 que
1579 1345 128 43 l'Empe-

950 1403 81 25 reur
1048 1395 93 33 avait
1154 1394 63 33 fini
1232 1402 64 33 par
1310 1393 190 41 l'abroger.

987 1467 115 40 Après
1128 1466 99 33 avoir
1252 1462 182 45 supprimé
1460 1462 52 33 les
1545 1462 182 41 chapitres

953 1511 207 39 diocésains,
1178 1512 47 31 M.
1241 1508 87 34 Paul
1343 1509 85 32 Bert
1443 1517 45 24 ne
1508 1507 145 44 pouvait
1668 1507 40 32 hé-

954 1556 87 33 siter
1056 1556 20 32 à
1094 1554 201 43 supprimer
1310 1553 33 32 le
1358 1552 159 41 chapitre
1546 1552 44 33 de
1617 1552 110 33 Saint-

951 1599 118 39 Denis,
1102 1599 78 40 déjà
1209 1598 141 41 attaqué
1380 1599 34 31 et
1439 1597 116 33 môme
1578 1596 146 33 décimé.

948 1644 161 33 L'article
1126 1644 39 32 15
1180 1643 46 33 du
1239 1643 117 41 projet
1369 1650 45 26 ne
1424 1639 63 35 fait
1500 1650 69 33 que
1587 1641 50 34 lui
1650 1650 58 33 por-

946 1690 56 32 ter
1018 1689 34 33 le
1068 1688 141 34 dernier
1224 1696 99 32 coup.

986 1761 67 32 Les
1081 1760 141 33 articles
1253 1761 18 31 7
1307 1761 35 31 et
1376 1761 39 31 13
1444 1760 190 40 proposent
1657 1765 70 26 une

947 1805 227 41 suppression
1205 1804 103 34 d'une
1333 1804 77 33 tout
1424 1804 100 33 autre
1539 1802 133 41 portée.

986 1872 163 32 L'article
1178 1873 18 31 7
1225 1872 44 32 de
1305 1872 48 32 M.
1385 1872 113 39 Ferry
1530 1869 197 34 interdisait

946 1917 182 33 l'exercice
1142 1917 44 32 de
1201 1916 299 41 l'enseignement
1522 1924 69 24 aux
1618 1924 81 25 mem-

946 1962 81 33 bres
1046 1962 60 32 de's
1126 1962 276 40 congrégations
1416 1968 72 25 non
1504 1959 194 33 autorisées
1715 1970 8 27 ;

945 2006 52 33 les
1023 2004 137 34 décrets
1188 2006 47 32 du
1250 2006 40 32 24
1313 2014 96 24 mars
1431 2006 63 32 ont
1519 2003 150 43 prescrit
1691 2003 35 32 la

946 2049 211 33 dissolution
1193 2048 202 33 immédiate
1433 2048 60 32 des
1528 2048 174 40 congréga-

945 2094 93 33 tions
1068 2102 70 24 non
1160 2093 204 33 autorisées.
1383 2093 90 33 C'est
1487 2093 163 40 toujours
1664 2100 63 25 sur

945 2139 33 33 le
1004 2139 118 33 défaut
1150 2138 265 33 d'autorisation
1446 2146 67 32 que
1544 2138 47 32 M.
1609 2138 112 40 Ferry

945 2184 81 33 s'est
1041 2184 150 40 appuyé,
1199 2184 34 32 et
1245 2183 25 32 il
1285 2191 20 24 a
1319 2183 161 41 toujours
1494 2180 144 34 déclaré
1654 2191 69 33 que

946 2229 76 33 tout
1037 2237 40 24 ce
1088 2228 59 43 qui
1159 2226 84 34 était
1252 2226 154 33 autorisé
1416 2226 106 32 serait
1535 2226 188 33 conservé.

986 2303 44 33 Ce
1046 2303 87 32 n'est
1148 2311 63 33 pas
1226 2302 194 33 seulement
1434 2310 71 25 aux
1526 2302 172 40 congréga-

946 2349 94 32 tions
1052 2357 71 22 non
1136 2348 193 32 autorisées
1343 2356 67 32 que
1434 2348 73 32 s'en
1522 2347 113 40 prend
1663 2348 47 31 M.

945 2393 86 33 Paul
1061 2393 93 38 Bert,
1175 2393 84 32 c'est
1283 2393 20 31 à
1317 2393 115 32 toutes
1453 2391 52 33 les
1519 2392 174 41 congréga-

944 2438 105 32 tions.
1076 2439 32 31 A
1135 2437 34 33 la
1199 2437 124 38 vérité,
1352 2435 26 33 il
1404 2445 46 24 ne
1479 2444 150 34 propose
1656 2444 64 33 pas

945 2481 41 33 de
1024 2481 185 33 dissoudre
1252 2481 53 32 les
1349 2480 278 41 congrégations
1665 2490 39 22 au-

943 2525 148 34 torisées
1108 2536 8 21 :
1147 2525 85 33 elles
1266 2525 176 32 resteront
1457 2536 9 28 ;
1496 2524 89 33 mais
1616 2524 24 33 il
1669 2524 33 33 di-

943 2570 122 32 minue
1090 2570 341 32 considérablement
1449 2569 96 33 leurs
1574 2576 123 33 occupa-

944 2615 92 33 tions
1044 2615 33 33 et
1089 2614 353 41 leurimportance.il
1455 2614 51 32 les
1521 2614 197 40 exclut,par

943 2659 146 33 l'article
1098 2660 50 38 13,
1154 2659 41 32 de
1206 2657 295 41 l'enseignement
1515 2657 61 33 des
1586 2657 133 40 grands

944 2705 34 32 et
1004 2704 61 32 des
1080 2702 105 41 petits
1206 2702 217 33 séminaires.
1441 2702 70 32 Par
1525 2701 146 33 l'article
1691 2705 28 35 7,

944 2748 24 32 il
984 2747 78 33 leur
1076 2746 128 34 défend
1219 2747 43 32 de
1270 2754 200 33 prononcer
1485 2746 61 33 des
1558 2754 163 25 sermons

943 2793 34 31 et
991 2792 43 32 de
1049 2791 149 43 prêcher
1218 2791 53 33 l'A
1274 2792 84 32 vent
1384 2792 34 32 et
1439 2791 33 33 le
1485 2791 154 33 Carême.
1663 2791 60 33 Cet

943 2837 120 33 article
1087 2838 17 30 7
1133 2837 53 32 est
1215 2836 90 33 ainsi
1333 2844 131 32 conçu:
1486 2849 11 14 «
1517 2836 188 32 L'autorisa-

941 2881 74 33 tion
1030 2882 135 40 prévue
1183 2889 63 33 par
1261 2880 145 33 l'article
1421 2881 39 31 50
1485 2880 41 32 de
1550 2880 34 32 la
1602 2880 48 32 loi
1668 2889 35 22 or-

943 2924 155 43 ganique
1124 2926 47 32 du
1195 2924 195 33 Concordat
1416 2933 45 22 ne
1489 2933 131 33 pourra
1649 2924 73 32 être

943 2968 165 34 accordée
1135 2968 80 41 qu'à
1246 2969 61 32 des
1335 2969 137 40 prêtres
1500 2967 178 33 séculiers.
1708 2980 11 15 »

941 3014 58 38 Or,
1017 3013 91 33 voici
1122 3013 52 33 les
1188 3021 149 33 propres
1354 3014 130 32 termes
1507 3013 44 32 de
1576 3012 145 34 l'article

941 3059 38 32 50
991 3069 8 21 :
1018 3071 12 15 «
1050 3059 66 32 Les
1130 3058 237 41 prédications
1384 3057 213 34 solennelles
1619 3065 81 33 appe-

939 3103 73 33 lées
1046 3111 172 30 sermons,
1234 3104 35 31 et
1284 3102 105 33 celles
1409 3110 157 25 connues
1590 3110 83 24 sous
1689 3102 32 32 le

940 3156 84 24 nom
1048 3146 43 32 de
1117 3148 148 31 stations
1291 3146 41 32 de
1358 3146 142 32 l'Avent
1526 3146 37 32 et
1586 3144 46 34 du
1661 3145 40 33 Ca-

943 3191 107 38 rême,
1075 3200 45 24 ne
1135 3191 120 32 seront
1271 3190 100 32 faites
1395 3198 69 33 que
1478 3198 64 32 par
1566 3189 61 33 des
1643 3190 58 41 prê-

928 3236 83 32 .tres
1041 3235 59 41 qui
1130 3243 44 24 en
1205 3235 128 32 auront
1357 3235 132 32 obtenu
1507 3242 70 25 une
1591 3235 111 32 autori-

940 3280 112 33 sation
1074 3279 151 43 spéciale
1240 3280 43 32 de
1298 3280 170 40 l'évêque.
1486 3292 12 15 »

984 3357 143 32 Comme
1141 3364 91 25 nous
1245 3365 46 22 ne
1312 3356 135 33 faisons
1460 3356 45 32 ici
1520 3356 129 41 qu'une
1663 3365 38 22 ex-

944 3399 164 44 position,
1146 3400 34 32 et
1208 3409 71 24 non
1306 3409 70 24 une
1393 3399 211 39 discussion,
1630 3407 90 25 nous

940 3454 198 31 renonçons
1167 3444 20 32 à
1215 3443 174 33 chercher
1416 3451 44 25 en
1489 3444 81 41 quoi
1584 3452 48 25 un
1650 3454 53 24 ser-

939 3498 83 24 mon
1037 3490 84 40 peut
1137 3489 74 33 être
1226 3489 208 40 dangereux
1452 3496 104 33 parce
1571 3490 85 39 qu'il
1668 3490 53 32 est

939 3535 189 40 prononcé,
1147 3541 85 25 avec
1246 3533 233 33 autorisation
1508 3534 152 40 spéciale
1675 3534 44 33 de

939 3579 170 40 l'évêque,
1140 3586 63 33 par
1225 3586 47 25 un
1304 3578 118 40 prêtre
1437 3580 231 39 appartenant
1696 3579 21 32 à

945 3631 69 25 une
1029 3621 260 40 congrégation
1316 3621 120 33 munie
1456 3621 195 34 elle-même
1676 3624 44 32 de

939 3666 257 33 l'autorisation
1213 3665 182 33 d'exister.
1420 3665 46 33 Ce
1480 3666 148 41 danger,
1657 3666 57 33 s'il

939 3711 124 39 existe,
1095 3719 46 24 ne
1175 3711 122 40 frappe
1330 3719 64 32 pas
1417 3711 301 33 immédiatement

938 3757 79 31 tous
1031 3755 51 33 les
1096 3763 110 33 yeux.
1222 3757 48 31 La
1284 3755 144 41 plupart
1442 3755 61 33 des
1520 3757 174 39 congréga-

938 3801 92 32 tions
1059 3800 215 38 d'hommes,
1306 3798 141 41 privées
1475 3800 47 33 du
1552 3800 94 33 droit
1676 3802 43 32 de

939 3843 151 43 prêcher
1120 3844 34 32 et
1181 3842 240 41 d'enseigner,
1452 3844 165 32 n'auront
1638 3844 80 41 plus

939 3888 35 32 ni
992 3888 44 32 de
1051 3887 118 33 raison
1187 3887 35 33 ni
1239 3887 44 33 de
1297 3896 149 32 moyens
1463 3887 181 34 d'exister.
1662 3889 38 32 El-

937 3933 51 32 les
1003 3933 61 32 ont
1082 3933 66 38 été,
1165 3940 90 32 pour
1271 3932 33 33 la
1317 3932 154 41 plupart,
1487 3933 176 32 destinées
1695 3933 21 33 à

937 3977 295 40 l'enseignement
1259 3978 35 31 et
1319 3977 21 32 à
1369 3977 33 32 la
1431 3977 229 40 prédication,
1676 3979 35 32 et

937 4022 106 38 n'ont,
1065 4030 44 24 en
1135 4020 130 33 dehors
1297 4020 43 32 de
1365 4020 86 38 cela,
1483 4030 69 32 que
1579 4030 70 32 peu
1672 4030 45 26 ou

937 4065 98 41 point
1067 4065 43 32 de
1140 4074 215 24 ressources.
1390 4067 252 32 Fussent-elles
1670 4068 31 31 ri-

934 4109 96 39 ches,
1048 4109 86 32 elles
1159 4117 44 24 ne
1232 4109 180 33 sauraient
1424 4109 102 33 vivre
1541 4109 87 33 dans
1643 4111 58 32 l'oi-

935 4154 113 33 siveté
1058 4166 9 27 ;
1083 4155 35 32 et
1140 4162 90 25 nous
1245 4162 138 31 voyons
1402 4154 104 40 qu'on
1522 4154 51 33 les
1590 4154 124 34 chasse

935 4199 79 40 déjà
1033 4198 61 33 des
1119 4198 113 41 èçoles
1258 4199 188 40 primaires
1467 4200 35 31 et
1530 4200 61 32 des
1616 4200 79 41 hôpi-

933 4245 98 32 taux.
1059 4244 97 32 Avec
1191 4243 35 32 la
1252 4243 204 41 législation
1485 4244 43 32 de
1551 4245 46 32 M.
1626 4245 87 33 Paul

935 4289 93 35 Bert,
1046 4287 60 41 qui
1123 4286 174 33 achèvera
1312 4286 44 32 de
1375 4287 53 32 les
1442 4287 195 41 paralyser,
1669 4289 30 34 el-

934 4332 52 32 les
999 4341 45 24 ne
1065 4332 155 41 peuvent
1245 4330 119 34 tarder
1394 4332 20 31 à
1440 4331 222 43 disparaître.

977 4402 86 33 Plus
1091 4402 43 33 de
1163 4402 220 39 séminaires,
1400 4402 80 41 plus
1509 4402 43 33 de
1576 4402 120 35 chanoi-

935 4456 74 28 nes,
1028 4446 80 41 plus
1131 4447 239 38 d'offlcialités,
1388 4447 79 40 plus
1491 4447 41 33 de
1557 4450 130 39 congré-

935 4492 141 41 gations
1091 4501 7 21 :
1119 4492 45 32 tel
1187 4493 52 31 est
1252 4492 118 32 l'arrêt
1384 4493 177 40 prononcé
1577 4501 63 32 par
1656 4495 47 31 M.

934 4535 89 34 Paul
1031 4537 96 40 Bert;
1139 4537 34 32 et
1183 4544 89 25 nous
1287 4535 196 41 n'ajoutons
1491 4546 63 32 pas
1566 4539 137 39 grand'-

935 4580 106 33 chose
1056 4589 45 24 en
1116 4580 116 32 disant
1248 4591 8 20 :
1273 4579 81 41 plus
1369 4580 43 33 de
1428 4580 132 40 clergé.

1005 4722 223 79 Nos
1306 4722 346 79 Echos

1069 4909 37 27 Le
1128 4907 124 34 Temps.
1313 4910 19 25 7
1352 4907 124 34 févtier
1500 4909 84 27 1882

971 4958 37 25 En
1025 4957 106 33 France,
1156 4958 24 25 le
1205 4957 67 26 froid
1296 4957 80 33 règne
1402 4959 120 31 partout;
1552 4958 25 25 le
1598 4958 99 26 thermo-

935 4995 83 25 mètre
1035 4993 133 33 indiquait
1182 5001 30 18 ce
1237 4993 83 26 matin
1382 4994 15 25 à
1422 4994 113 33 Toulon,
1558 4998 25 20 i°
1597 4995 15 24 à
1626 4995 72 33 Perpi-

935 5037 80 25 gnan,
1032 5034 65 20 —l°
1114 5029 14 25 à
1144 5029 81 32 Brest,
1241 5035 50 26 —3
1294 5033 11 13 O
1320 5028 14 26 à
1351 5028 152 33 Rochefort,
1519 5035 65 27 —5O
1600 5030 13 24 à
1630 5030 81 27 Paris.

934 5065 64 25 —6°
1012 5066 14 24 à
1043 5066 143 34 Besançon,
1202 5065 73 33 Lyon
1291 5067 26 22 et
1332 5063 148 27 Clermont.
1489 5066 38 25 Au
1544 5068 115 24 sommet
1672 5067 35 25 du

935 5100 214 33 Puy-de-Dôme,
1167 5100 24 25 la
1206 5098 176 35 température
1408 5099 74 34 était,
1495 5100 15 26 à
1532 5104 59 31 sept
1619 5101 93 27 heures

934 5137 37 25 du
989 5135 93 35 matin,
1098 5137 32 25 de
1143 5133 53 38 -i-o
1199 5139 9 13 0
1211 5144 26 25 4.

971 5172 34 26 Le
1019 5172 87 32 temps
1121 5179 32 19 va
1168 5172 79 26 rester
1260 5171 69 26 froid
1344 5173 26 25 et
1385 5172 22 26 le
1422 5171 50 27 ciel
1488 5172 137 27 brumeux.

971 5236 33 25 Le
1018 5235 99 26 bureau
1143 5232 226 37 météorologique
1389 5236 34 25 du
1453 5235 187 28 Neic-Yorli
1654 5237 39 27 He-

935 5271 74 26 rald
1024 5276 123 20 annonce
1163 5276 9 22 :

1304 5327 12 14 «
1332 5319 175 31 New-York,
1522 5321 15 24 7
1552 5320 111 26 février.

971 5373 13 17 »
1003 5365 57 25 Une
1074 5363 126 34 tempête,
1218 5365 203 34 probablement
1435 5365 80 27 d'une
1526 5367 98 32 grande
1638 5366 59 27 éner-

933 5400 54 33 gie,
1004 5400 111 26 arrivera
1129 5407 44 19 sur
1187 5400 38 26 les
1239 5400 73 26 côtes
1323 5400 32 26 de
1369 5400 25 26 la
1408 5400 256 35 Grande-Bretagne,
1676 5404 33 25 de

934 5437 24 25 la
974 5437 96 25 France
1085 5439 27 22 et
1128 5435 32 25 de
1182 5435 24 25 la
1231 5435 138 34 Norwcge,
1390 5439 72 24 entre
1485 5437 22 25 le
1528 5445 17 25 9
1569 5439 27 24 et
1618 5438 25 26 le
1669 5446 39 19 11.

934 5471 83 27 Grésil
1031 5473 27 24 et
1074 5471 86 33 neige.
1178 5472 41 25 Du
1233 5472 110 32 sud-est,
1367 5472 201 33 probablement
1583 5480 34 18 au
1632 5474 61 26 nord-

934 5510 83 28 ouest,
1033 5507 184 32 bourrasques.
1235 5507 96 32 Temps
1348 5507 53 26 très
1415 5515 113 27 orageux
1543 5517 45 18 sur
1603 5509 93 27 l'Atlan-

935 5543 73 32 tique
1023 5550 32 18 au
1069 5543 65 26 nord
1150 5543 35 25 du
1200 5545 47 30 37°
1263 5542 87 33 degré.
1369 5551 14 18 »

1181 5665 285 28 AUJOURD'HUI

963 5725 25 24 A
999 5725 15 22 6
1024 5724 110 32 heures,
1147 5725 81 25 dîner
1241 5732 37 20 au
1302 5726 202 26 Grand-Hôtel
1519 5735 8 18 :
1544 5728 163 27 admission

933 5754 111 31 jusqu'à
1057 5756 15 24 6
1084 5756 103 25 heures
1202 5756 56 30 3/4.

963 5785 126 26 Pendant
1114 5786 27 26 la
1167 5786 87 26 durée
1291 5787 37 25 du
1356 5789 87 31 dîner,
1473 5789 167 28 l'orchestre
1671 5791 34 26 de

933 5817 38 26 M.
986 5817 182 33 Desgranges
1180 5817 100 33 jouera
1294 5818 71 26 dans
1381 5819 28 26 la
1430 5820 131 26 nouvelle
1579 5822 77 26 salle
1672 5823 34 26 de

932 5848 139 33 musique.

1278 5888 80 20 MKNU

1163 5924 110 32 Potage
1303 5926 167 31 pot-au-fou

1214 5955 210 27 Hors-d'œuvre

1082 5986 72 25 Filet
1176 5987 34 25 do
1244 5986 111 27 barbue
1377 5989 18 24 à
1420 5988 28 25 la
1473 5989 93 31 Bercy

1091 6018 128 25 Pommes
1237 6019 35 25 de
1285 6020 78 22 terre
1378 6020 17 24 à
1413 6015 148 37 l'anglaisé

1127 6048 177 27 Contre-filet
1330 6058 60 17 aux
1414 6051 111 26 endives

1019 6079 148 25 Fricassée
1181 6079 35 25 de
1231 6080 137 32 poularde
1382 6083 18 22 à
1414 6081 28 24 la
1457 6081 168 33 bourgeoise

1182 6111 137 26 Bécasses
1339 6111 120 26 bardées

1267 6143 104 25 Salade

1089 6172 135 25 Haricots
1238 6174 143 32 panachés
1400 6182 35 18 au
1450 6175 99 26 beurre

1041 6202 154 27 Tartelette
1208 6204 35 25 de
1258 6206 85 24 fruits
1356 6207 19 24 à
1393 6206 28 26 la
1440 6206 159 32 parisienne

1181 6235 87 26 Glace
1284 6242 37 19 au
1336 6236 124 26 caramel

1252 6267 132 26 Desserts

1068 6298 164 31 Fromages,
1243 6298 85 26 fruits
1343 6300 27 24 et
1384 6299 183 30 petits-fours

960 6352 24 21 A
997 6350 15 25 8
1031 6351 27 22 h.
1074 6351 52 30 1/2,
1139 6356 37 20 au
1199 6351 66 25 Café
1290 6351 99 30 Divan,
1406 6352 100 26 séance
1531 6353 34 25 de
1598 6353 106 26 billard

932 6385 52 26 par
997 6380 39 24 M.
1050 6380 122 31 Gibelin,
1185 6381 162 31 professeur
1368 6383 37 26 du
1421 6383 104 30 Çasino
1539 6385 37 25 de
1593 6384 107 33 Vichy.

960 6411 39 25 Le
1009 6411 80 26 salon
1102 6412 51 25 des
1163 6411 99 26 dames
1278 6415 44 22 est
1335 6416 98 24 ouvert
1447 6420 60 19 aux
1522 6422 180 25 voyageurs.

931 6442 99 30 Piano,
1039 6450 98 25 orgue,
1150 6443 94 26 tables
1259 6443 35 25 de
1303 6443 78 31 jeux.
1440 6445 84 25 Dîner
1534 6439 63 32 à'la
1622 6450 80 22 carte

931 6478 38 20 sa
979 6475 172 25 restaurant.

961 6504 39 25 Le
1017 6510 180 26 programme
1219 6504 39 26 du
1281 6504 216 28 dlner-concort.
1533 6507 71 25 Voir
1631 6510 18 24 A
1676 6509 27 26 la

931 6535 27 25 4*
971 6536 94 28 page.)

1045 6643 48 26 LE
1124 6640 144 28 MONDE
1299 6639 51 28 ET
1380 6641 48 27 LA
1459 6640 126 28 VILLE

972 6702 261 41 L'impératrice
1265 6705 161 40 Eugénie
1456 6715 20 24 a
1511 6707 112 40 quitté
1655 6716 33 25 sa-

932 6741 93 33 medi
1039 6743 33 32 le
1085 6744 141 40 cottage
1240 6745 201 40 d'Osborne,
1454 6746 47 32 île
1511 6751 41 28 de
1563 6746 139 41 Wight,

932 6782 57 38 où,
1007 6782 120 41 depuis
1149 6782 32 33 le
1209 6787 37 30 11
1270 6785 152 40 janvier,
1453 6787 67 32 elle
1548 6787 157 34 recevait

931 6820 224 43 l'hospitalité
1169 6822 43 33 de
1226 6824 34 33 la
1274 6824 98 33 reine
1396 6826 165 33 Victoria.

970 6863 115 40 Aqrès
1098 6862 110 40 avoir,
1226 6865 85 32 dans
1320 6865 35 32 la
1371 6865 161 41 matinée,
1548 6867 64 33 fait
1633 6876 71 24 une

932 6902 105 33 visite
1051 6902 159 33 d'adieux
1228 6904 19 33 à
1261 6913 38 24 sa
1320 6905 184 40 gracieuse
1520 6907 33 32 et
1581 6908 123 40 royale

931 6941 150 39 hôtesse,
1098 6944 66 32 elle
1179 6943 83 34 s'est
1274 6946 213 41 embarquée
1502 6946 20 33 à
1541 6947 97 33 *midi
1667 6950 37 31 et

931 6980 92 35 demi
1035 6981 20 33 à
1065 6981 209 37 destination
1283 6984 44 34 de
1337 6985 237 38 Portsmouth,
1585 6987 21 33 à
1613 6987 90 33 bord

1781 1033 47 32 du
1856 1033 107 37 yacht
1989 1032 98 41 royal
2124 1033 155 35 Atberta,
2309 1031 248 32 commandant

1781 1072 182 34 Balliston.

1821 1115 48 31 La
1884 1114 180 40 princesse
2079 1113 169 39 Béatrice,
2265 1121 86 24 avec
2380 1121 71 24 une
2465 1111 92 33 suite

1782 1154 183 40 composée
1991 1154 43 32 de
2063 1154 81 39 lady
2174 1153 191 46 Riddulph,
2398 1153 43 32 de
2472 1153 84 32 Mlle

1781 1194 129 33 Norèle
1924 1194 33 32 et
1974 1193 43 33 de
2031 1193 77 33 lord
2124 1193 144 33 Charles
2280 1193 152 40 Fitzroy,
2445 1200 20 25 a
2471 1193 86 33 tenu

1782 1234 20 31 à
1827 1241 256 33 accompagner
2111 1233 248 41 l'impératrice
2395 1233 161 39 Eugénie

1779 1274 139 44 jusqu'à
1938 1272 240 39 Portsmouth,
2210 1273 46 32 où
2282 1272 33 32 la
2343 1272 210 40 séparation,

1780 1313 117 40 pleine
1912 1312 184 34 d'effusion
2111 1313 33 32 et
2158 1313 72 32 très
2248 1312 200 39 touchante,
2476 1320 21 24 a
2511 1320 45 24 eu

1780 1354 85 33 lieu.

1837 1394 266 41 L'lxnpératrice
2125 1417 9 12 ,
2181 1393 374 45 qu'accompagnaient

1781 1435 94 32 Mme
1891 1435 154 38 d'Arcos,
2073 1434 34 32 la
2139 1434 156 33 baronne
2315 1431 190 39 Corvisart,
2523 1433 33 32 le

1781 1474 69 33 duc
1859 1474 44 33 de
1917 1475 164 35 Bassano,
2100 1474 32 32 le
2148 1474 109 33 baron
2271 1473 190 39 Corvisart,
2473 1474 35 31 et
2523 1473 33 32 le

1781 1514 172 41 capitaine
1969 1513 141 41 Biggle,
2127 1522 20 24 a
2161 1513 54 33 été
2230 1521 104 31 reçue
2349 1513 20 32 à
2392 1520 63 25 son
2471 1512 69 33 arri-

1783 1556 64 32 vée
1864 1554 20 32 à
1897 1557 92 30 terre
2004 1563 63 32 par
2081 1553 149 32 l'axniral
2239 1552 133 41 Ryder,
2380 1560 151 25 comman-

1782 1594 84 32 dant
1891 1604 44 22 en
1959 1593 81 32 chef
2062 1593 44 32 de
2126 1593 32 32 la
2172 1593 137 32 marine
2326 1592 132 40 royale,
2474 1593 35 31 et
2524 1592 32 32 le

1782 1635 122 41 prince
1932 1633 150 33 Edward
2106 1633 43 32 de
2178 1632 281 39 Saxe-Weimar;
2490 1632 66 32 elle

1781 1676 54 31 est
1850 1676 111 39 partie
1975 1683 89 32 pour
2079 1674 165 38 Londres,
2267 1674 45 32 où
2339 1672 66 32 elle
2420 1681 20 24 a
2454 1672 102 41 passé

1782 1715 33 32 la
1830 1715 78 32 nuit
1922 1715 33 32 et
1969 1715 33 31 la
2010 1714 149 40 journée
2183 1714 43 32 de
2242 1713 206 38 dimanche,
2465 1722 91 32 pour

1781 1763 45 24 ne
1840 1755 141 32 rentrer
1994 1762 67 33 que
2074 1754 97 33 lundi
2189 1754 20 33 à
2222 1753 230 34 Ghislelxurst.

1821 1876 83 32 Fête
1925 1874 77 33 hier
2015 1885 43 24 au
2075 1878 118 30 Grand
2207 1878 107 35 Seize,
2329 1874 46 33 du
2392 1873 73 33 café
2481 1874 47 32 An-

1782 1916 102 41 glais.

1821 1957 32 32 S.
1869 1957 84 31 Exc.
1969 1956 33 32 le
2020 1957 66 31 duc
2100 1956 43 32 de
2157 1957 283 37 Feman-Nunez,
2467 1954 87 33 dont

1781 1996 237 32 l'installation
2034 1996 43 32 de
2093 2004 61 24 son
2169 1996 94 32 hôtel
2274 1995 43 32 de
2327 1995 33 32 la
2367 2003 64 24 rue
2440 1995 111 32 Saint-

1781 2035 208 41 Dominique
2017 2036 87 32 îx'est
2114 2035 102 48 point
2230 2043 128 24 encore
2367 2034 184 39 terminée,

1781 2076 145 31 donnait
1949 2085 47 22 un
2014 2075 116 41 grand
2156 2076 100 31 dîner
2282 2083 90 32 pour
2400 2074 89 33 fêter
2518 2074 35 33 la

1781 2115 182 41 signature
1994 2115 46 32 du
2054 2115 104 33 traité
2173 2114 317 41 franco-espagnol.

1820 2156 210 33 Assistaient
2046 2156 21 32 à
2080 2165 39 24 ce
2132 2156 103 33 dîner
2250 2165 8 20 :

1821 2198 83 31 MM.
1922 2198 31 31 J.
1962 2197 43 31 de
2015 2196 177 38 Arellano,
2203 2196 154 40 premier
2367 2194 188 33 secrétaire

1781 2237 43 32 de
1856 2237 244 39 l'ambassade;
2130 2236 175 40 Sagrario.
2346 2237 126 47 Dupuy
2512 2235 43 32 de

1780 2277 119 38 Lôme,
1916 2276 175 38 Albacete,
2108 2276 143 38 liomea,
2269 2276 142 32 Manuel
2426 2275 43 33 de
2497 2275 39 33 Al-

1780 2324 96 30 vear,
1892 2316 51 32 les
1959 2315 155 33 attachés
2130 2315 41 33 de
2186 2315 230 33 l'axnbassade
2439 2315 33 33 et
2500 2315 51 33 les

1780 2356 118 32 divers
1913 2355 178 33 membres
2106 2355 44 33 de
2161 2355 34 33 la
2207 2354 242 34 commission.

1812 2478 131 26 Courrier
1957 2478 34 25 de
2006 2478 90 26 Rome
2111 2484 7 19 :

1820 2531 86 33 Hier
1920 2531 110 32 matin
2047 2541 19 22 a
2080 2531 54 33 été
2148 2530 138 34 célébré
2303 2530 21 33 à
2339 2530 34 32 la
2387 2530 165 40 chapelle

1780 2571 145 39 Sixtine,
1941 2581 44 22 au
2000 2571 156 38 Vatican,
2172 2571 33 32 le
2230 2570 196 41 quatrième
2457 2570 78 32 anni-

1780 2613 157 31 versaire
1952 2611 43 32 de
2009 2613 34 31 la
2059 2614 93 30 mort
2165 2611 45 31 de
2225 2610 63 33 Pie
2301 2611 60 31 IX.

1819 2654 48 30 La
1892 2661 116 22 messe
2023 2661 20 22 a
2057 2652 56 32 été
2127 2652 159 32 célébrée
2310 2657 64 34 par
2395 2650 32 32 le
2443 2649 92 33 cardi-

1780 2693 56 32 nal
1850 2692 40 32 Di
1906 2692 129 38 Pietro,
2052 2692 115 40 doyen
2176 2692 47 32 du
2238 2689 272 41 Sacré-Collège.

1819 2733 46 32 Le
1892 2732 188 32 souverain
2111 2732 150 37 Pontife,
2288 2731 92 32 ainsi
2402 2739 69 32 que
2500 2730 52 32 les

1779 2772 266 32 ambassadeurs
2060 2772 34 32 et
2109 2772 51 31 les
2183 2771 184 33 ministres
2382 2771 47 32 du
2445 2778 105 33 corps

1778 2811 250 45 diplomatique
2060 2811 190 32 accrédités
2281 2811 83 40 près
2387 2811 33 32 le
2444 2810 107 33 Saint-

1779 2852 113 40 Siège,
1919 2850 200 34 assistaient
2151 2851 20 32 à
2210 2851 89 32 cette
2340 2850 209 38 cérémonie,

1779 2891 87 33 ainsi
1883 2901 67 32 que
1965 2893 113 32 toutes
2093 2891 52 32 les
2156 2890 201 33 notabilités
2370 2890 43 32 de
2425 2891 125 32 Rome.

1819 3031 45 31 Le
1879 3028 154 46 premier
2047 3028 116 41 grand
2178 3028 57 32 bal
2250 3027 44 33 de
2308 3028 33 32 la
2359 3027 90 33 Cour
2472 3035 20 24 a
2507 3035 43 24 eu

1776 3070 70 32 lieu
1863 3069 196 40 dimanche,
2078 3078 44 24 au
2133 3069 169 38 Quirinal,
2321 3069 35 32 et
2373 3077 20 22 a
2409 3067 56 33 été
2479 3077 47 22 ma-

1778 3110 170 40 gnifique.

1817 3151 110 31 Leurs
1950 3149 163 40 Majestés
2131 3150 60 32 ont
2217 3149 63 32 fait
2302 3149 78 32 leur
2395 3149 119 32 entrée
2530 3148 20 33 à

1776 3197 83 25 onze
1874 3189 128 33 heures
2017 3190 34 32 et
2067 3189 60 33 ont
2152 3189 53 33 été
2225 3189 137 32 saluées
2381 3196 64 33 par
2471 3188 64 33 l'or-

1776 3229 149 39 chestre,
1949 3228 59 43 qui
2024 3237 20 24 a
2065 3229 154 32 entonné
2232 3228 34 33 la
2282 3228 133 33 fanfare
2437 3228 44 33 de
2492 3228 38 33 Sa-

1776 3269 91 33 voie.

1815 3311 48 31 La
1878 3309 98 32 reine
2000 3309 217 41 Marguerite
2237 3308 129 41 portait
2380 3317 69 24 une
2464 3307 85 33 robe

1775 3350 44 32 de
1833 3350 142 33 brocart
1989 3351 33 31 et
2035 3351 44 31 de
2099 3350 90 33 satin
2205 3348 191 43 gris-perle
2408 3359 9 28 ;
2439 3357 61 24 sur
2515 3348 35 32 la

1775 3390 79 39 tête,
1880 3390 66 32 elle
1976 3390 92 32 avait
2093 3398 51 25 un
2166 3389 149 41 superbe
2344 3387 158 33 diadème
2529 3389 20 32 à

1774 3430 87 32 trois
1878 3437 109 33 rangs
2002 3430 43 32 de
2060 3430 185 33 diamants.

1814 3470 119 32 Parmi
1949 3471 52 31 les
2022 3470 120 32 dames
2169 3470 60 40 qui
2256 3469 221 33 entouraient
2504 3469 45 32 Sa

1774 3509 156 41 Majesté,
1968 3517 45 24 on
2047 3509 216 40 remarquait
2289 3509 34 32 la
2366 3509 181 40 princesse

1774 3549 155 41 Trijiano
1944 3549 200 39 Brancacci,
2152 3554 65 28 née
2228 3548 110 39 Field,
2355 3549 34 32 et
2404 3548 34 32 la
2451 3548 76 41 prin-

1774 3599 97 22 cesse
1884 3589 115 38 Cenci,
2014 3591 65 32 née
2100 3589 163 41 Spencer,
2290 3588 84 33 dont
2402 3588 51 32 les
2478 3588 52 32 dia-

1773 3632 117 30 mants
1904 3630 231 32 merveilleux
2152 3631 59 31 ont
2224 3626 63 35 fait
2300 3628 176 33 sensation
2490 3640 7 27 ;
2515 3628 33 32 la

1773 3671 178 40 princesse
1968 3669 41 33 de
2022 3671 104 38 Tano,
2156 3670 35 32 la
2211 3669 171 33 duchesse
2412 3669 41 32 de
2478 3670 46 31 Ma-

1774 3710 90 39 rino,
1880 3710 34 32 la
1929 3709 178 48 princesse
2122 3710 43 33 de
2176 3710 184 38 Vicovaro,
2389 3709 35 32 la
2447 3709 76 41 prin-

1774 3757 97 25 cesse
1923 3749 224 41 Bolognetti,
2190 3750 33 32 la
2262 3749 178 40 marquise
2491 3749 54 32 del

1773 3789 123 39 Grillo,
1913 3791 65 31 etc.
2140 3787 31 37 À

1813 3829 98 33 Nous
1923 3828 164 39 citerons,
2105 3828 112 41 parmi
2231 3828 52 33 les
2304 3826 178 35 membres
2498 3828 47 33 du

1773 3878 103 33 corps
1891 3868 249 48 diplomatique
2156 3869 60 40 qui
2237 3868 200 33 assistaient
2464 3868 20 32 à
2511 3868 35 32 la

1773 3909 79 37 fête,
1871 3908 32 32 le
1928 3908 110 33 baron
2060 3908 43 32 de
2119 3908 158 39 Keudell,
2295 3908 250 32 ambassadeur

1773 3948 262 41 d'Allemagne;
2067 3948 33 32 le
2128 3951 115 31 comte
2270 3948 43 32 de
2337 3947 206 43 Wimpffen,

1773 3989 248 33 ambassadeur
2037 3989 203 33 d'Autriche
2252 3999 9 30 ;
2291 3990 48 32 M.
2370 3989 171 41 Depretis,

1773 4030 79 38 etc.,
1870 4030 65 32 etc.

1813 4070 46 32 Le
1873 4069 57 33 bal
1943 4077 19 25 a
1977 4070 54 32 été
2057 4070 124 32 ouvert
2210 4077 65 32 par
2294 4077 50 25 un
2370 4069 174 40 quadrille

1773 4109 86 32 dans
1873 4109 116 40 lequel
2004 4109 33 32 la
2052 4109 110 32 Reine
2173 4109 93 32 avait
2289 4116 89 33 pour
2389 4109 154 32 cavalier

1773 4149 32 32 le
1819 4149 110 32 baron
1944 4148 43 33 de
2008 4148 161 39 Kendell,
2184 4149 116 40 doyen
2316 4148 47 33 du
2379 4157 103 32 corps
2494 4148 33 32 di-

1772 4189 224 48 plomatique,
2021 4191 33 31 et
2067 4198 91 32 pour
2180 4188 159 33 vis-à-vis
2365 4188 33 33 le
2426 4189 116 32 comte

1773 4230 41 32 de
1828 4228 193 43 Wimpffen
2034 4230 34 32 et
2083 4227 83 43 lady
2179 4230 123 40 Paget.

1811 4271 31 31 A
1857 4270 92 32 deux
1963 4270 130 32 heures
2108 4270 109 32 Leurs
2235 4269 164 41 Majestés
2412 4278 38 24 se
2463 4270 63 32 reti-

1773 4310 112 32 raient
1909 4311 85 31 dans
2021 4310 97 32 leurs
2145 4310 269 40 appartements,
2432 4311 35 31 et
2491 4310 52 32 les

1772 4350 128 33 invités
1916 4357 35 25 se
1963 4348 234 34 réunissaient
2206 4357 44 24 en
2259 4357 48 24 un
2321 4349 221 40 magnifique

1772 4397 126 33 souper
1910 4389 60 43 qui
1995 4389 84 33 était
2093 4389 93 32 servi
2204 4389 86 33 dans
2304 4389 52 33 les
2376 4389 104 33 salles
2496 4389 47 34 du

1769 4429 168 41 premier.

1809 4526 85 31 MM.
1911 4525 161 33 Bontoux
2086 4525 33 32 et
2138 4524 112 33 Feder
2265 4525 119 32 seront
2412 4525 20 32 à
2458 4533 64 24 nou-

1770 4573 87 24 veau
1873 4565 161 32 conduits
2060 4564 221 40 aujourd'hui
2310 4572 44 24 au
2381 4564 99 40 siège
2497 4565 44 32 de

1769 4604 142 33 l'Union
1941 4604 182 39 Générale,
2139 4612 65 25 rue
2232 4604 195 33 d'Antin.ll
2457 4609 86 28 sera'

1769 4644 158 41 procédé,
1945 4652 44 24 en
2002 4643 77 33 leur
2093 4644 178 40 présence,
2289 4644 20 32 à
2331 4643 34 33 la
2380 4644 142 32 vérifica-

1769 4684 73 32 tion
1858 4684 63 32 des
1936 4683 107 33 livres
2057 4693 64 37 par
2147 4684 33 32 le
2210 4693 197 37 procureur
2437 4684 43 32 de
2509 4684 34 33 la

1769 4724 230 41 République,
2015 4723 32 33 le
2067 4724 90 40 juge
2184 4723 247 34 d'instruction
2447 4726 33 32 et
2509 4724 33 32 le

1769 4763 126 40 syndic
1910 4765 41 33 de
1965 4765 33 32 la
2014 4763 132 33 faillite.

1807 4898 100 32 Ainsi
1944 4906 67 33 que
2052 4906 87 24 nous
2173 4898 240 32 l'annoncions
2448 4898 89 39 hier,

1767 4938 93 32 deux
1877 4938 177 32 membres
2068 4939 46 31 du
2131 4937 131 33 conseil
2284 4937 235 33 d'administra-

1768 4978 74 32 tion
1858 4977 43 32 de
1916 4978 34 32 la
1965 4978 133 33 Société
2113 4980 60 31 ont
2194 4972 56 38 été
2278 4977 148 33 mandés
2453 4978 86 32 dans

1767 5017 35 33 la
1811 5017 149 40 journée
1975 5019 84 32 chez
2073 5020 47 31 M.
2138 5019 31 32 le
2181 5019 87 41 juge
2294 5017 244 34 d'instruction

1767 5052 125 47 Fëray.
1909 5060 89 31 Tous
2009 5060 130 38 seront,
2154 5060 20 32 à
2191 5061 78 31 tour
2282 5059 44 33 de
2340 5059 84 40 rôle,
2439 5067 79 33 appe-

1767 5098 51 32 lés
1832 5101 33 28 et
1880 5099 182 31 entendus.

1809 5210 53 33 Un
1878 5210 104 33 détail
1995 5210 70 32 fort
2085 5210 220 33 intéressant.

1806 5250 48 32 M.
1878 5251 171 38 Bontoux,
2070 5250 157 41 lorsqu'il
2252 5250 83 33 était
2361 5250 176 33 directeur

1767 5290 59 32 des
1853 5289 163 33 Chemins
2046 5289 44 33 de
2121 5290 52 32 fer
2209 5290 70 32 Sud
2307 5291 227 37 autrichiens,

1762 5329 164 43 jouissait
1941 5330 20 31 à
1975 5329 32 32 la
2020 5329 91 33 Cour
2126 5329 102 33 d'une
2237 5329 105 34 haute
2357 5331 124 32 estime
2498 5333 35 31 et

1767 5370 100 32 d'une
1884 5369 176 33 confiance
2075 5379 83 24 sans
2174 5370 141 38 bornes,
2336 5372 177 44 particuliè-

1767 5412 136 32 rement
1930 5411 126 40 auprès
2085 5411 41 32 de
2153 5411 247 40 l'impératrice
2430 5412 90 32 Elisa-

1767 5451 93 33 beth.

1806 5491 154 41 Lorsque
1995 5490 139 33 l'Union
2161 5491 171 33 Générale
2374 5491 163 33 semblait

1766 5532 164 39 prospère
1945 5530 34 33 et
2004 5530 141 40 appelée
2169 5531 20 32 à
2204 5538 47 25 un
2282 5531 122 32 avenir
2427 5531 92 32 finan-

1765 5570 73 32 cier
1864 5570 146 38 illimité,
2040 5570 12 32 1
2065 5578 184 32 empereur
2265 5570 206 33 d'Autriche
2484 5581 35 22 re-

1765 5610 67 32 tira
1846 5609 44 33 de
1904 5610 33 32 la
1963 5610 138 33 Grande
2131 5611 142 40 Banque
2288 5611 246 41 d'Angleterre

1765 5652 113 31 trente
1899 5649 155 33 millions
2069 5649 83 41 qu'il
2166 5659 25 31 y
2206 5650 93 33 avait
2327 5652 146 41 déposés
2502 5653 34 31 et

1763 5691 52 32 les
1830 5691 113 32 confia
1967 5691 76 32 àM.
2059 5688 176 34 Bontoux.
2251 5691 64 32 Ces
2329 5692 116 32 trente
2459 5691 58 33 mil-

1763 5731 91 32 lions
1870 5731 41 33 de
1926 5731 256 40 l'Empereur...
2215 5737 69 34 que
2310 5731 137 33 sont-ils
2478 5740 39 25 au-

1760 5770 177 41 jourd'hui
1950 5772 15 31 ?

1804 5889 65 31 Les
1878 5895 188 33 passagers
2076 5888 47 32 du
2132 5888 175 40 paquebot
2321 5888 211 39 VAmazone,

1762 5928 85 33 dont
1874 5935 89 25 nous
1990 5935 110 25 avons
2134 5928 161 32 annoncé
2326 5928 159 33 l'arrivée
2513 5928 21 33 à

1761 5967 188 39 Marseille,
1965 5968 61 32 ont
2041 5976 46 32 pu
2102 5967 196 41 débarquer
2313 5967 78 34 hier
2405 5967 126 40 mardi,

1762 6007 21 32 à
1794 6015 71 24 une
1878 6007 111 32 heure
2003 6007 43 32 de
2060 6007 242 40 l'après-midi.

1802 6046 276 33 Contrairement
2093 6047 20 32 à
2127 6047 155 32 l'attente
2297 6047 167 40 générale
2471 6048 63 33 des

1762 6086 260 41 Hauts-Alpins,
2039 6089 48 31 M.
2101 6086 207 39 Blancsubé,
2326 6086 33 33 le
2372 6097 162 25 nouveau

1763 6126 128 40 député
1925 6128 44 31 de
2003 6126 142 41 Saigon,
2179 6126 78 33 leur
2293 6128 237 41 compatriote,

1761 6165 119 33 n'était
1894 6175 61 33 pas
1971 6167 20 31 à
2004 6167 99 33 bord.

1802 6207 118 32 Parmi
1956 6206 51 33 les
2040 6215 189 33 passagers
2269 6215 38 24 se
2333 6208 198 33 trouvaient

1760 6246 150 33 l'amiral
1926 6246 146 40 anglais,
2092 6248 112 31 comte
2231 6247 44 32 de
2289 6246 240 41 Clauwilliam,

1760 6287 131 32 venant
1905 6286 44 32 de
1963 6287 227 40 Hong-Kong
2200 6298 9 28 ;
2239 6287 34 32 S.
2289 6287 84 33 Exc.
2392 6287 122 33 Ivitaba-

1760 6326 92 38 také,
1890 6326 247 40 grand-prêtre
2172 6326 161 40 japonais
2378 6326 151 41 (dignité

1761 6365 201 41 équivalant
1976 6365 20 32 à
2006 6365 86 33 celle
2105 6365 43 33 de
2158 6365 178 41 cardinal),
2359 6365 61 41 qui
2432 6367 99 32 vient

1761 6404 136 33 étudier
1911 6404 267 41 l'organisation
2194 6405 61 32 des
2270 6405 156 33 services
2439 6406 73 33 d'au-

1760 6445 157 33 mônerie
1937 6444 89 33 dans
2052 6444 142 34 l'armée
2222 6446 34 31 et
2282 6445 86 33 dans
2399 6445 33 32 la
2458 6455 50 24 ma-

1761 6484 87 33 rine.

1801 6526 32 32 S.
1853 6527 86 32 Exc.
1969 6524 208 33 Kitabataké
2204 6534 45 24 va
2276 6526 181 39 parcourir
2485 6535 45 24 en

1761 6566 100 31 outre
1889 6566 171 40 l'Europe,
2089 6565 119 39 l'Asie,
2239 6565 215 41 l'Amérique
2483 6567 47 33 du

1760 6605 96 32 Nord
1878 6606 33 32 et
1925 6605 210 33 l'Australie.
2153 6606 47 31 Le
2223 6606 246 40 grand-pretre
2478 6606 35 40 ja-

1759 6644 122 41 ponais
1896 6644 195 43 appartient
2100 6645 20 32 à
2132 6645 34 32 la
2181 6646 93 32 secte
2288 6646 40 32 de
2340 6639 144 40 Shinsu.'
2498 6646 31 32 Il

1759 6684 54 33 est
1826 6684 70 33 fort
1910 6685 142 32 instruit
2063 6685 34 32 et
2111 6685 98 40 parle
2232 6685 69 32 fort
2315 6685 80 34 bien
2422 6685 91 33 l'alle-

1760 6724 118 32 mand.

1799 6763 118 33 Citons
1924 6772 44 24 en
1984 6765 98 32 outre
2093 6765 263 39 Kou-You-Sen,
2369 6765 158 34 membre

1757 6803 43 33 de
1822 6803 34 33 la
1873 6803 155 41 légation
2044 6804 159 33 chinoise
2218 6804 21 32 à
2255 6806 132 33 Berlin.

1798 6951 98 32 Jeudi
1933 6951 170 43 partiront
2140 6952 43 32 de
2228 6953 176 33 Marseille
2437 6963 89 32 pour

1757 6990 223 41 Alexandrie,
1997 7002 63 32 par
2075 6992 32 33 le
2120 6993 172 40 paquebot
2320 6993 64 34 des
2396 7002 129 26 messa-

2615 1030 117 41 geries
2745 1030 165 39 YAlphèe,
2928 1030 47 33 M.
2992 1029 185 40 Dobignie,
3202 1029 122 33 consul
3340 1029 48 33 do-

2613 1072 132 32 France
2758 1070 20 33 à
2791 1070 302 38 Saint-Sébastien,
3112 1070 34 32 et
3163 1070 93 32 Mme
3281 1069 81 33 Dobi-

2614 1110 93 44 gnie.

2652 1204 44 33 Ce
2709 1205 109 32 matin
2835 1205 159 31 arrivera
3020 1205 19 30 à
3056 1204 33 32 la
3106 1212 87 31 gare
3223 1204 44 32 de
3283 1205 99 39 Lyon

2610 1244 34 33 le
2659 1252 102 33 cçrps
2774 1245 48 33 du
2835 1244 255 33 violoncelliste
3103 1246 155 39 Prosper
3273 1244 91 40 Selig-

2611 1292 118 31 mann,
2746 1285 92 32 mort
2852 1285 213 32 subitement
3087 1284 20 32 à
3129 1284 252 33 Monte-Carlo.

2611 1325 47 32 Le
2673 1324 124 33 convoi
2820 1332 37 25 se
2874 1324 130 33 rendra
3015 1331 44 25 au
3076 1324 182 32 cimetière
3278 1324 87 32 israê-

2606 1364 65 33 iite
2692 1363 47 33 de
2758 1364 242 38 Montmartre,
3025 1363 45 33 où
3093 1364 128 32 auront
3244 1363 72 33 lieu
3331 1363 51 33 les

2610 1403 182 44 obsèques.

2652 1444 152 41 Prosper
2830 1444 217 41 Seligmann,
3078 1443 83 33 bien
3190 1450 116 26 connu
3335 1444 47 32 du

2611 1483 126 33 monde
2753 1485 131 38 artiste,
2902 1485 94 32 avait
3012 1483 131 33 obtenu
3163 1492 44 24 au
3231 1485 132 37 .Conser-

2613 1524 132 33 vatoire
2767 1525 32 32 le
2818 1525 155 40 premier
2996 1524 81 41 prix
3103 1524 44 33 de
3171 1522 210 34 violoncelle

2611 1572 44 25 en
2669 1565 90 32 1836.
2778 1565 27 32 Il
2829 1565 94 32 avait
2946 1564 116 33 étudié
3089 1564 34 32 la
3148 1564 234 40 composition

2611 1612 84 25 avec
2711 1604 136 39 Ilalévy
2855 1605 34 32 et
2898 1604 93 32 avait
3006 1604 143 41 produit
3163 1604 61 33 des
3241 1612 142 25 œuvres

2611 1644 185 33 musicales
2811 1644 71 32 fort
2893 1643 231 41 distinguées.

2652 1684 203 40 Seligmann
2870 1683 84 34 était
2973 1683 67 43 âgé
3061 1683 43 33 de
3124 1684 239 43 soixante-qua-

2610 1724 54 33 tre
2676 1734 76 24 ans.

2650 1819 98 33 Deftix
2765 1820 131 39 grands
2911 1820 178 39 mariages
3102 1819 20 32 à
3137 1820 139 32 Bôziers
3288 1830 8 22 :

2650 1859 47 32 M.
2726 1859 155 32 Maurice
2908 1859 231 45 Lagarrigue,
3172 1859 98 32 riche
3301 1859 63 33 ban-

2611 1899 100 41 quier
2726 1899 43 32 de
2784 1900 90 31 cette
2888 1898 94 39 ville,
3001 1907 125 24 ancien
3150 1899 110 32 maire
3288 1899 44 33 de
3348 1900 35 32 la

2611 1939 81 32 ville
2706 1948 81 25 sous
2802 1939 176 40 l'Empire,
2995 1939 98 32 vient
3113 1938 43 33 de
3176 1939 132 32 xnarier
3324 1949 57 24 ses

2610 1980 92 32 deux
2719 1980 220 32 charmantes
2954 1978 102 39 filles,
3073 1978 103 33 Mlles
3191 1980 136 33 Marthe
3350 1981 34 32 et

2610 2021 144 32 Jeanne.

2650 2060 81 33 Mlle
2745 2061 136 32 Marthe
2896 2068 19 24 a
2928 2060 126 40 épousé
3069 2061 46 31 M.
3131 2060 33 32 le
3182 2061 110 31 baron
3315 2061 45 32 Ga-

2611 2100 89 33 briel
2713 2100 43 33 de
2770 2101 138 38 Bairès,
2924 2099 133 33 officier
3073 2100 43 32 de
3130 2100 176 33 cavalerie
3322 2100 39 33 dé-

2609 2139 259 39 missionnaire,
2904 2140 231 48 appartenant
3165 2140 20 32 à
3223 2139 34 33 la
3299 2140 85 40 plus

2611 2180 118 32 vieille
2745 2180 162 32 noblesse
2922 2181 47 30 du
2989 2187 98 37 pays.

2648 2220 84 32 Mlle
2740 2222 133 31 Jeanne
2888 2220 80 32 s'est
2982 2229 83 22 unie
3085 2219 19 32 à
3130 2220 46 31 M.
3189 2220 131 41 Joseph
3338 2220 43 33 de

2609 2261 110 32 Milhé
2731 2261 41 31 de
2789 2259 242 39 Saint-Victor,
3047 2259 84 33 dont
3144 2259 33 33 la
3203 2262 97 31 mère
3332 2263 52 31 est

2609 2309 71 24 une
2692 2301 41 32 de
2746 2302 214 31 Maintenon.

2647 2341 130 40 Depuis
2803 2341 78 32 huit
2902 2341 110 39 jours,
3045 2340 50 32 les
3129 2341 144 40 parents
3321 2341 63 33 des

2609 2380 113 41 époux
2751 2380 155 33 donnent
2928 2380 60 33 des
3013 2380 130 33 soirées
3158 2381 34 32 et
3208 2380 63 33 des
3289 2381 94 33 têtes

2609 2420 175 33 vraiment
2798 2420 206 41 princières.

2648 2543 85 33 Hier
2748 2550 20 25 a
2781 2543 56 33 été
2863 2543 145 38 célébré,
3027 2543 20 32 à
3072 2543 306 40 Saint-Augustin,

2611 2583 32 32 le
2659 2583 157 40 mariage
2833 2582 174 40 religieux
3024 2583 43 32 de
3077 2583 46 32 M.
3136 2583 246 32 Louis-Marie-

2608 2623 145 40 Eugène
2773 2622 200 40 Rodrigues
3002 2622 211 41 Ilenriquès,
3246 2624 133 37 avocat,

2608 2672 85 22 avec
2708 2662 83 32 Mlle
2804 2661 267 34 Caroline-Julie
3098 2662 194 38 Vacheron,
3309 2662 72 33 fille

2608 2704 43 31 de
2667 2704 47 31 M.
2732 2701 196 39 Vacheron,
2954 2702 109 40 agent
3084 2701 41 32 de
3156 2701 137 43 change
3322 2702 40 32 ho-

2608 2743 150 33 noraire.

2647 2785 66 30 Les
2727 2783 151 32 témoins
2894 2783 47 32 du
2955 2783 111 32 marié
3079 2783 129 32 étaient
3223 2784 83 31 MM.
3319 2784 43 32 Le-

2608 2824 111 32 comte
2734 2824 34 31 et
2784 2824 168 39 Beaupré,
2970 2824 33 31 et
3018 2830 89 25 ceux
3133 2823 43 32 de
3203 2823 33 32 la
3250 2823 131 33 mariée

2608 2863 81 32 MM.
2706 2863 112 39 Vogel
2835 2863 34 32 et
2884 2863 135 32 Paillet.

2647 2903 47 32 La
2707 2902 221 33 bénédiction
2957 2902 154 39 nuptiale
3124 2911 20 24 a
3157 2902 54 33 été
3241 2902 137 33 donnée

2608 2950 67 24 aux
2691 2950 185 24 nouveaux
2891 2942 115 40 époux
3020 2952 64 35 par
3098 2943 47 31 M.
3157 2942 111 32 l'abbé
3280 2944 74 31 Wat-

2606 2982 157 38 temaire,
2780 2981 152 41 premier
2948 2981 133 33 vicaire
3097 2982 43 32 de
3162 2982 33 31 la
3208 2982 171 41 paroisse.

2647 3024 92 31 Dans
2748 3022 211 32 l'assistance
2972 3022 71 32 très
3053 3021 224 39 nombreuse,
3288 3032 90 24 nous

2607 3072 109 24 avons
2731 3064 184 39 remarqué
2930 3063 61 31 des
3006 3061 201 33 notabilités
3235 3063 46 32 du
3296 3064 57 32 bar-

2607 3111 93 30 reau,
2718 3103 46 32 du
2778 3103 128 32 monde
2939 3102 178 41 politique,
3136 3103 171 32 financier
3337 3104 33 33 et

2607 3143 60 32 des
2682 3143 135 32 lettres.

2730 3263 247 30 NOUVELLES
3006 3265 22 26 A
3059 3262 50 27 LA
3144 3261 103 26 MAIN

2646 3326 191 40 Fragment
2852 3326 43 33 de
2921 3326 165 40 dialogue
3111 3326 155 33 entendu
3295 3326 20 33 à
3344 3326 33 33 la

2603 3366 142 32 buvette
2758 3365 47 33 du
2817 3365 111 41 palais
2950 3365 165 33 Bourbon
3129 3376 7 21 :

2695 3405 57 33 Ah
2765 3407 6 30 !
2789 3406 52 32 les
2865 3405 167 33 radicaux
3045 3407 48 31 !...
3110 3415 87 24 vous
3214 3406 73 32 êtes
3302 3407 56 31 tou-

2602 3446 98 41 jours
2714 3446 52 32 les
2780 3446 132 32 mêmes
2926 3450 47 28 !...
2993 3455 87 24 vous
3102 3455 45 24 ne
3176 3455 102 22 savez
3307 3456 69 32 que

2603 3487 165 38 détruire,
2784 3495 83 24 sans
2878 3485 128 40 jamais
3019 3485 77 32 rien
3110 3485 124 33 édifier
3246 3489 48 30 !...

2696 3527 73 38 Que
2783 3526 234 39 voulez-vous,
3034 3526 85 32 cher
3135 3526 185 40 collègue?
3344 3528 33 32 la

2602 3566 185 41 politique,
2817 3567 84 31 c'est
2928 3574 137 25 comme
3091 3566 146 32 l'amour
3268 3578 8 20 :
3308 3574 69 33 peu

2602 3607 195 32 d'hommes
2820 3607 123 31 savent
2969 3607 93 32 lacer
3087 3614 46 25 un
3150 3607 128 39 corset,
3296 3607 80 32 tous

2602 3646 124 33 savent
2739 3646 32 32 le
2786 3646 137 33 délacer
2936 3647 7 31 !

2641 3767 133 32 Devant
2789 3765 33 33 le
2837 3765 136 33 théâtre
2993 3767 46 32 du
3053 3765 255 41 Palais-Royal,
3327 3776 47 24 un

2602 3804 191 33 marchand
2816 3806 44 32 de
2874 3806 118 33 billets
3006 3806 131 32 aborde
3162 3815 48 22 un
3239 3815 115 32 prome-

2601 3854 100 25 neur.

2692 3886 190 39 Monsieur,
2906 3886 224 33 voulez-vous
3157 3894 71 25 une
3255 3887 111 39 place,

2600 3933 87 34 pour
2702 3926 104 40 vingt
2818 3926 128 39 francs,
2962 3933 70 25 une
3045 3926 195 33 excellente
3250 3926 122 33 stalle?

2693 3965 111 41 Vingt
2819 3966 116 32 francs
2950 3967 48 31 !...
3017 3973 69 25 une
3104 3965 102 33 stalle
3219 3969 47 30 !...
3283 3976 87 24 vous

2598 4013 89 25 vous
2699 4013 145 33 moquez
2861 4005 41 32 de
2915 4005 72 32 moi
3001 4009 50 30 !...

2700 4046 69 32 Pas
2792 4045 47 32 du
2872 4046 115 32 tout...
3018 4046 81 31 c'est
3124 4045 35 32 la
3185 4046 185 33 meilleure

2598 4085 98 41 place
2712 4085 43 32 de
2769 4085 33 32 la
2825 4085 89 32 salle
2942 4094 44 25 en
3013 4094 58 25 cas
3099 4085 235 35 d'incendie...
3352 4089 19 32 à

2600 4126 74 33 côté
2691 4126 41 33 de
2745 4126 33 33 la
2792 4127 161 40 porte!...

3111 4172 39 19 UN
3170 4170 113 20 DOMINO

2655 4284 240 81 LES
2965 4284 348 81 SCIES

2641 4457 81 32 Dire
2754 4466 70 33 que
2850 4459 102 32 Paris
2980 4457 99 33 vient
3109 4456 109 32 d'être
3234 4456 131 38 remué,

2597 4498 154 41 pendant
2769 4499 80 40 cinq
2877 4499 112 40 jours,
3014 4506 65 28 par
3102 4496 52 33 les
3177 4495 189 41 péripéties

2598 4537 103 34 d'une
2713 4539 111 40 partie
2844 4538 43 33 de
2901 4537 128 34 billard
3040 4540 7 30 !

2639 4587 66 32 Les
2713 4586 178 41 journaux
2906 4586 276 41 enregistraient
3194 4586 51 32 les
3261 4586 89 32 résul-

2597 4628 69 31 tats
2678 4638 8 27 ;
2707 4628 44 38 et,
2766 4626 135 41 chaque
2915 4626 84 39 soir,
3009 4636 61 22 sur
3085 4625 33 33 la
3133 4626 97 40 place
3246 4625 41 32 de
3302 4625 50 33 l'O-

2597 4667 96 40 péra,
2709 4667 32 32 la
2756 4667 103 38 foule,
2875 4668 89 32 cette
2989 4668 78 31 bête
3096 4667 20 31 à
3144 4665 97 32 mille
3262 4665 98 39 têtes,

2597 4715 40 24 ce
2661 4709 52 30 tas
2734 4707 197 41 grouillant
2960 4704 216 34 d'humanité
3197 4704 168 40 badaude,

2597 4747 226 41 contemplait
2835 4747 198 32 avidement
3048 4747 51 32 les
3115 4746 124 32 cadres
3254 4747 93 30 trans-

2596 4788 143 38 parents
2761 4788 45 32 où
2828 4788 51 31 les
2902 4787 117 41 points
3035 4786 129 33 étaient
3187 4786 177 40 marqués.

2596 4828 43 31 Et
2654 4834 45 25 on
2713 4827 112 38 criait,
2844 4835 45 24 on
2904 4826 260 41 applaudissait,
3188 4834 45 24 on
3255 4825 110 33 huait.

2596 4867 109 32 Toute
2726 4867 34 32 la
2780 4867 110 32 bêtise
2914 4866 182 41 populaire
3117 4866 84 32 était
3222 4867 143 31 secouée

2596 4906 319 41 patriotiquement.
2943 4906 64 39 Qui
3031 4905 260 41 l'emporterait»
3305 4913 60 24 sur

2596 4948 32 31 le
2642 4946 136 38 billard,
2790 4946 43 32 de
2843 4946 213 40 l'Amérique
3065 4955 46 24 ou
3118 4945 43 33 de
3170 4945 32 33 la
3209 4945 132 32 France
3350 4945 17 31 ?

2596 4987 100 31 Lutte
2708 4987 181 41 héroïque.
2906 4988 67 31 Les
3000 4987 92 31 deux
3112 4984 249 41 Républiques,

2596 5026 104 32 celles
2739 5027 105 40 qu'on
2883 5026 136 43 appelle
3053 5026 51 32 les
3144 5026 92 32 deux
3261 5033 84 33 gran-

2595 5066 60 32 des
2679 5067 249 44 Républiques,
2946 5066 163 33 luttaient
3136 5074 133 22 comme
3294 5066 45 31 Ro-

2596 5105 81 33 land
2713 5108 33 31 et
2784 5107 133 34 Olivier
2946 5107 87 31 dans
3063 5106 35 31 la
3130 5105 151 41 légende
3304 5105 60 32 des

2596 5146 123 33 siècles
2730 5148 6 31 !
2752 5147 45 32 Et
2811 5147 133 40 chaque
2974 5146 72 33 soir
3071 5145 32 33 le
3131 5146 66 31 dur
3226 5144 137 33 combat

2595 5186 269 39 recommençait
2880 5199 8 26 ;
2933 5187 35 32 et
3006 5186 60 32 des
3100 5186 96 39 paris
3235 5184 128 33 étaient

2593 5225 167 33 transmis
2772 5235 64 33 par
2863 5226 33 32 le
2924 5225 97 33 câble
3048 5225 291 40 transatlantique
3352 5236 8 27 ;

2594 5267 44 38 et,
2655 5265 89 33 dans
2757 5265 51 33 les
2824 5267 118 32 salons
2962 5265 169 41 élégants,
3157 5265 52 32 les
3231 5264 129 40 jeunes

2594 5306 145 33 femmes
2765 5315 71 24 aux
2863 5315 94 32 yeux
2973 5306 118 32 divins
3118 5297 244 39 demandaient

2594 5355 85 22 avec
2712 5346 167 40 angoisse
2900 5355 67 24 aux
2987 5346 162 32 hommes
3176 5344 59 41 qui
3261 5353 77 22 reve-

2593 5386 118 33 naient
2733 5387 46 32 du
2802 5386 110 33 cercle
2942 5395 7 21 :
2969 5399 12 17 «
3011 5387 208 31 Savez-vous
3250 5383 59 40 qui
3340 5393 20 22 a

2593 5427 122 40 gagné
2753 5434 39 25 ce
2822 5426 73 32 soir
2921 5426 44 32 de
2987 5426 139 33 Slosson
3152 5434 46 22 ou
3234 5424 41 32 de
3304 5424 38 33 Vi-

2595 5467 144 39 gnaux?
2759 5479 12 15 »

2631 5515 102 37 Voilà
2756 5516 79 40 trop
2856 5515 202 41 longtemps
3072 5523 70 32 que
3158 5513 86 32 dure
3270 5513 89 32 cette

2593 5555 263 41 insupportable
2878 5557 83 31 scie.
2981 5555 45 33 Ce
3050 5554 80 32 duel
3155 5552 145 33 ridicule
3314 5562 45 24 au

2591 5596 246 40 carambolage
2859 5595 59 41 qui
2931 5595 112 41 prend
3059 5594 51 32 les
3131 5593 226 43 proportions

2591 5635 81 33 d'un
2682 5636 207 32 événement
2898 5636 129 40 public,
3040 5634 58 41 qui
3116 5641 242 25 recommence

2590 5675 301 40 périodiquement
2902 5678 20 31 à
2935 5675 33 33 la
2981 5675 99 38 façon
3092 5674 43 32 de
3149 5674 34 31 la
3198 5673 154 41 querelle

2591 5715 168 32 ancienne
2774 5715 60 32 des
2844 5715 159 40 Capulets
3020 5715 34 31 et
3066 5714 60 32 des
3143 5713 211 40 Montaigus,

2591 5763 19 24 a
2624 5754 74 33 cela
2713 5754 161 33 d'odieux
2895 5756 85 40 qu'il
3001 5761 119 25 remue
3143 5754 33 31 le
3200 5753 83 33 fond
3313 5753 44 31 de

2590 5794 110 33 bêtise
2708 5804 69 32 que
2791 5796 76 31 tout
2878 5794 128 47 peuple
3018 5796 99 39 porte
3131 5800 45 25 en
3189 5793 50 32 lui
3254 5804 8 28 ;
3281 5793 24 31 il
3320 5792 34 32 la

2591 5835 59 33 fait
2667 5837 136 31 monter
2816 5844 43 22 en
2871 5838 123 31 écume
3007 5835 19 32 à
3039 5833 34 32 la
3085 5832 145 39 surface,
3243 5832 112 32 l'étalé

2590 5883 44 25 au
2648 5875 115 41 grand
2773 5875 81 41 jour
2863 5878 7 30 !
2884 5877 48 31 Le
2943 5874 79 33 duel
3038 5874 44 32 de
3092 5872 213 40 l'Amérique
3319 5872 33 32 et

2590 5915 41 32 de
2646 5915 34 32 la
2693 5917 132 31 France
2848 5923 61 25 sur
2922 5923 48 24 un
2982 5914 91 41 tapis
3094 5913 92 32 ceint
3208 5913 41 31 de
3274 5911 61 32 ban-

2590 5954 60 33 des
2660 5959 7 28 1
2685 5956 46 31 Le
2743 5955 247 46 championnat
3002 5962 90 33 pour
3106 5953 32 32 le
3161 5952 128 33 billard
3312 5952 43 33 de

2589 5994 34 33 la
2636 5995 133 33 France
2785 5995 34 32 et
2833 6002 43 25 ae
2889 5994 214 40 l'Amérique
3113 5995 6 28 !
3137 5993 52 33 Oh
3201 5995 6 28 !

2628 6035 73 38 Que
2715 6035 84 32 MM.
2820 6034 167 40 Vignaux
3009 6035 34 31 et
3066 6033 141 33 Slosson
3230 6033 103 31 s'amu-

2589 6076 78 31 sent
2680 6074 19 32 à
2708 6074 103 40 jouer
2826 6083 44 24 au
2890 6073 141 39 billard,
3053 6073 83 32 c'est
3159 6073 76 32 leur
3262 6071 92 33 droit

2589 6113 261 33 incontestable.
2865 6115 72 37 Que
2953 6115 51 31 les
3019 6112 259 33 combinaisons
3292 6111 60 33 des

2589 6155 261 40 carambolages
2864 6154 214 33 constituent
3092 6152 32 32 le
3141 6151 115 41 grand
3266 6151 67 33 inté-

2589 6195 52 31 rêt
2663 6194 43 32 de
2719 6194 77 33 leur
2811 6194 67 38 vie,
2895 6194 33 32 le
2946 6193 115 43 grand
3076 6191 103 33 effort
3193 6193 43 31 de
3257 6191 94 32 leurs

2589 6234 154 40 pensées,
2752 6234 207 41 produisent
2974 6234 33 31 la
3020 6233 79 40 plus
3115 6233 87 31 forte
3213 6230 139 32 tension

2589 6274 40 32 de
2644 6274 77 32 leur
2744 6273 236 41 intelligence,
3002 6280 175 34 personne
3196 6272 58 31 n'a
3275 6269 77 33 rien

2588 6313 20 32 à
2619 6321 25 33 y
2660 6313 92 40 voir;
2766 6321 176 35 personne
2956 6315 54 30 n'a
3025 6313 33 31 le
3073 6312 92 32 droit
3184 6312 44 32 de
3242 6309 52 33 les
3307 6319 45 24 en

2587 6353 144 32 blâmer.
2746 6352 91 33 Mais
2851 6352 103 41 qu'ils
2966 6352 132 33 fassent
3118 6352 234 39 interrompre

2585 6392 35 33 la
2635 6393 204 32 circulation
2855 6400 60 25 sur
2926 6393 33 32 le
2973 6391 191 34 boulevard
3178 6399 45 24 en
3239 6399 91 24 ameu-

2585 6433 77 32 tant
2688 6432 51 41 Jes
2761 6432 167 39 badauds,
2946 6439 83 26 sous
3057 6431 93 33 leurs
3180 6430 150 33 fenêtres
3341 6442 9 27 ;

2585 6471 103 43 qu'ils
2701 6471 201 40 favorisent,
2919 6471 115 41 par-là
3046 6471 124 38 même,
3181 6470 155 33 l'accrois-

2584 6513 136 33 sement
2737 6513 43 32 de
2794 6511 35 33 la
2843 6511 164 33 niaiserie
3032 6520 43 24 en
3100 6511 143 38 France,
3268 6510 84 32 c'est

2584 6554 91 39 trop.

2624 6592 143 39 Vaincu,
2797 6593 47 31 M.
2872 6593 169 41 Vignaux
3071 6599 30 30 a,
3118 6589 163 41 paraît-il,
3300 6596 35 25 re-

2583 6633 78 32 fusé
2674 6632 33 33 la
2720 6632 98 33 main
2832 6641 66 32 que
2914 6632 48 33 lui
2980 6631 131 33 tendait
3126 6631 48 31 M.
3189 6630 156 33 Slosson.

2584 6673 53 33 On
2653 6680 44 25 ne
2709 6672 44 33 l'a
2772 6680 63 32 pas
2859 6672 126 33 trouvé
3014 6670 337 39 chevaleresque!...

2583 6712 150 33 Parbleu
2745 6716 6 28 !
2769 6712 43 33 Et
2825 6719 45 25 on
2884 6712 44 32 l'a
2942 6712 81 32 hué.
3040 6704 228 39 Miséricorde
3279 6712 7 28 !
3302 6710 50 31 La

2583 6751 93 33 foule
2689 6754 53 31 est
2757 6751 237 41 impitoyable.

2624 6791 141 33 Comme
2780 6791 133 33 Olivier
2928 6791 53 32 fut
3004 6791 79 40 plus
3111 6789 239 41 magnanime,

2583 6831 79 41 plus
2676 6833 174 32 vraiment
2859 6830 125 41 grand,
2995 6839 84 24 avec
3089 6829 146 39 Roland,
3248 6837 43 25 en
3301 6829 48 33 lui

2583 6872 128 33 offrant
2721 6873 35 32 la
2767 6870 96 34 main
2874 6870 43 32 de
2926 6879 39 24 sa
2974 6879 96 24 sœur
3079 6878 90 33 pour
3182 6869 169 32 terminer

2583 6912 34 33 la
2633 6912 84 33 lutte
2726 6915 7 30 !

2626 6953 83 38 Quel
2725 6951 262 34 enthousiasme
3002 6951 85 32 dans
3117 6950 32 32 le
3175 6948 118 43 public
3321 6948 28 33 si

2583 6993 89 32 cette
2685 6992 113 41 partie
2812 6992 175 33 acharnée
3002 6990 93 34 avait
3111 6990 73 43 pris
3215 6990 48 33 fin
3294 6989 57 34 hé-

3441 1029 221 40 roïquement
3676 1037 136 25 comme
3834 1030 32 32 le
3882 1030 122 39 poème
4020 1030 41 33 de
4091 1031 118 34 Victor

3441 1070 116 39 Ilugo.

3439 1147 60 26 Plus
3514 1147 31 26 de
3560 1154 84 26 queue
3660 1154 31 18 en
3707 1147 69 26 leurs
3793 1147 93 34 mains,
3904 1147 32 27 de
3951 1148 116 26 cheveux
4081 1157 45 18 sur
4141 1150 69 25 leurs

4113 1185 4 34 |
4133 1185 74 34 têtes,

3438 1219 32 25 Ils
3485 1219 99 26 luttent
3600 1219 176 32 maintenant,
3793 1219 102 33 sourds,
3911 1219 98 33 effarés,
4025 1219 102 35 béants,

3439 1254 67 25 Avec
3523 1254 45 25 des
3583 1253 72 34 pieds
3672 1254 31 25 de
3717 1253 103 34 chaise,-
3831 1254 66 26 ainsi
3912 1264 51 24 que
3978 1256 45 26 des
4036 1256 103 34 géants.

3438 1291 67 24 Pour
3520 1291 25 25 la
3557 1290 151 37 cinquième
3723 1290 57 33 fois,
3798 1290 67 26 voici
3881 1298 50 25 que
3943 1291 24 26 la
3981 1291 58 26 nuit
4054 1293 99 26 tombe.

3438 1325 31 25 Et
3483 1328 59 22 tout
3555 1325 15 25 à
3586 1333 77 25 coup,
3672 1324 130 34 Vignaux,
3811 1325 69 33 aigle
3894 1333 48 18 aux
3957 1335 67 25 yeux
4035 1328 32 25 de
4077 1329 132 33 colombe,

3437 1361 109 26 S'arrête
3560 1363 27 24 et
3601 1362 57 25 dit:
3676 1369 15 18 «
3705 1362 117 33 Slosson,
3839 1369 66 18 nous
3927 1363 60 24 n'en
4002 1363 111 26 finirons
4121 1363 89 33 point.'

3438 1404 14 17 »
3468 1397 69 25 Tant
3552 1404 50 24 que
3617 1404 66 18 nous
3704 1397 142 33 garderons
3869 1406 34 17 un
3927 1398 66 25 bout
4017 1398 32 25 de
4074 1407 84 25 queue
4173 1408 37 18 au

3839 1435 6 19 '•
4107 1434 5 35 I
4127 1434 81 35 poing

3468 1468 71 25 Nous
3554 1468 128 26 lutterons
3697 1468 64 25 ainsi
3777 1476 50 25 que
3844 1468 66 26 lions
3927 1472 26 22 et
3969 1468 149 34 panthères.

3436 1512 17 18 s>
3467 1505 39 25 Ne
3513 1504 150 27 vaudrait-il
3672 1512 47 26 pas
3728 1505 87 25 mieux
3826 1513 52 25 que
3886 1513 65 18 vous
3958 1506 144 26 devinssiez
4110 1506 78 26 frères
4198 1506 12 27 î

3438 1547 14 18 »
3465 1539 46 32 J'ai
3529 1548 41 17 ma
3585 1548 79 27 sœur,
3679 1539 161 35 Madeleine,,
3853 1548 32 17 au
3902 1548 47 17 nez
3966 1540 76 26 taché
4058 1543 31 24 de
4104 1550 57 18 son.

3438 1584 14 18 »
3470 1576 146 34 Epouse-la.

3684 1612 106 25 Pardieu
3804 1612 5 35 !
3827 1612 27 34 je
3868 1620 67 18 veux
3950 1612 71 35 bien,
4037 1612 39 26 dit
4090 1613 116 33 Slosson,

3438 1656 14 17 »
3471 1649 28 25 Et
3517 1648 172 32 maintenant,
3702 1650 111 31 buvons,
3827 1656 40 18 car
3875 1650 27 32 je
3911 1649 52 25 suis
3972 1649 59 25 hors
4039 1649 139 26 d'haleine.
4191 1656 17 20 »

3439 1683 69 26 C'est
3523 1683 65 26 ainsi
3604 1691 52 25 que
3670 1684 106 25 Slosson
3793 1682 97 34 épousa
3904 1683 154 26 Madeleine.

3480 1744 43 33 Et
3537 1754 89 22 nous
3643 1746 148 39 serions,
3807 1754 99 30 nous,
3930 1746 222 33 débarrassés
4167 1747 43 32 dd

3439 1787 89 31 celte
3544 1786 72 32 scie
3631 1786 437 41 carambolo-patriotique.

3481 1920 91 32 Mais
3586 1920 51 32 les
3652 1920 90 32 scies
3762 1923 78 30 sont
3869 1920 195 32 éternelles.
4094 1920 43 32 Et
4161 1920 46 33 M.

3441 1959 167 41 Vignaux
3624 1961 96 32 vient
3741 1959 106 33 d'être
3862 1961 178 41 provoqué
4070 1969 63 32 par
4161 1969 46 24 un

3441 2008 159 25 nouveau
3617 2001 197 45 champion.
3836 2002 28 31 A
3895 2001 132 32 bientôt
4055 2002 54 31 cet
4121 2001 70 32 inté-

3442 2041 137 32 ressant
3592 2041 150 38 tournoi,
3769 2042 44 31 où
3836 2042 188 32 l'honneur
4052 2039 154 34 national

3441 2089 38 22 so
3494 2081 124 32 trouve
3635 2089 125 24 encore
3777 2081 183 33 intéressé.
3978 2082 48 31 La
4041 2081 97 40 place
4166 2081 41 32 de

3441 2121 137 40 l'Opéra
3618 2122 96 31 étant
3759 2121 195 33 désormais
3990 2121 217 32 insuffisante

3441 2169 89 32 pour
3556 2161 158 32 contenir
3744 2161 47 37 lç-
3811 2161 118 40 public
3970 2161 164 37 anxieux,
4166 2169 41 24 ne

3441 2200 217 40 pourrait-on
3673 2202 126 32 mettre
3815 2200 31 33 le
3862 2200 110 41 palais
3996 2200 41 33 de
4063 2199 126 34 l'lndus-

3439 2241 67 32 trie
3524 2241 21 32 à
3565 2241 34 32 la
3612 2241 207 39 disposition
3839 2241 60 32 des
3915 2241 243 38 combattants,
4176 2242 31 31 et

3441 2289 176 25 annoncer
3652 2282 133 40 chaque
3815 2281 98 41 point
3940 2281 47 32 du
4024 2281 183 40 champion

3441 2321 150 39 français
3605 2328 65 34 par
3686 2330 46 22 un
3745 2330 87 32 coup
3849 2322 41 31 de
3906 2329 111 24 canon
4045 2321 67 32 tiré
4148 2321 59 31 des

3439 2362 188 38 Invalides,
3644 2370 135 22 comme
3794 2370 45 22 on
3852 2361 196 40 annonçait,
4062 2369 44 24 en
4116 2360 73 33 d'au-

3439 2402 72 31 tres
3526 2402 124 40 temps,
3666 2402 51 31 les
3733 2401 165 32 victoires
3915 2402 15 31 ?

3481 2443 51 32 On
3546 2443 141 32 raconte
3697 2443 93 31 aussi
3802 2443 106 39 qu'un
3918 2441 67 33 défi
3997 2441 97 32 vient
4101 2441 106 32 d'être

3439 2481 99 32 lancé
3550 2490 63 32 par
3625 2490 48 24 un
3690 2481 136 32 célèbre
3837 2481 126 40 joueur
3980 2481 41 32 de
4043 2481 106 32 biribi
4166 2481 41 32 de

3439 2523 234 31 Montmartre
3689 2522 20 32 à
3722 2523 78 31 tous
3815 2522 51 32 les
3882 2523 175 30 amateurs
4082 2520 43 32 de
4148 2520 45 32 l'u-

3439 2562 130 32 nivers.
3598 2563 136 31 Encore
3761 2570 47 24 un
3836 2561 257 45 championnat.
4120 2561 84 32 Puis

3439 2610 86 24 nous
3552 2602 207 32 assisterons
3774 2610 69 24 aux
3857 2602 267 41 passionnantes
4155 2601 48 32 ri.-

3437 2642 125 33 valités
3588 2642 61 32 des
3674 2642 145 40 joueurs
3843 2642 41 31 de
3901 2642 80 38 loto,
3999 2641 43 32 de
4055 2641 131 41 pigeon-

3438 2682 87 37 voie,
3541 2682 43 32 de
3598 2682 117 40 toupie
3738 2681 224 39 hollandaise,
3989 2681 43 32 de
4061 2682 142 38 tonton,

3438 2721 43 32 de
3494 2722 190 40 bilboquet,
3700 2722 65 32 etc.

3476 2761 315 41 Résignons-nous.

3477 2802 84 41 Déjà
3586 2811 89 24 nous
3702 2810 107 24 avons
3833 2802 72 41 pris
3934 2803 100 33 notre
4058 2802 89 41 parti
4165 2800 41 33 de

3437 2842 81 32 bien
3533 2842 150 33 d'autres
3712 2842 89 32 scies
3829 2843 71 40 qui,
3918 2851 89 32 pour
4036 2841 72 33 être
4124 2841 79 41 plus

3438 2882 197 39 anciennes,
3653 2883 78 31 n'en
3761 2883 78 31 sont
3859 2891 61 32 pas
3947 2882 113 33 moins
4087 2882 98 40 insup-

3436 2922 187 40 portables.
3637 2924 96 31 Nous
3754 2922 51 32 les
3833 2922 182 32 subissons
4038 2922 103 32 d'une
4159 2922 31 31 fa-

3437 2970 65 31 çon
3526 2962 188 40 régulière,
3735 2962 111 33 tantôt
3872 2970 85 24 avec
3984 2970 47 24 un
4061 2961 123 32 enthou-

3437 3002 128 32 siasme
3580 3002 41 32 de
3635 3002 67 33 bon
3717 3002 97 40 goût,
3830 3002 113 33 tantôt
3964 3009 85 25 avec
4063 3009 70 25 une
4148 3009 38 33 pa-

3436 3043 115 32 tience
3565 3044 143 31 muette.

3476 3083 46 31 La
3533 3083 78 40 plus
3628 3083 142 32 terrible
3785 3084 43 31 de
3843 3084 93 31 toute
3956 3083 168 32 n'est-elle
4137 3090 61 33 pas

3435 3122 52 32 les
3502 3123 253 40 changements
3771 3123 41 32 de
3827 3123 201 32 ministères
4038 3123 15 31 ?
4069 3123 133 39 Songez

3436 3162 98 39 donc,
3553 3164 84 31 trois
3660 3163 64 32 fois
3748 3172 63 32 par
3836 3172 45 22 an
3904 3171 45 24 on
3971 3163 174 40 remplace
4156 3163 46 31 M.

3435 3202 125 33 Goblet
3587 3211 63 33 par
3678 3206 45 30 M.
3750 3204 154 32 Timbale
3920 3211 44 24 ou
3984 3204 46 31 M.
4048 3201 156 33 Timbale

3435 3250 63 33 par
3513 3244 46 31 M.
3574 3243 135 33 Goblet.
3726 3243 81 33 Cela
3830 3252 44 25 ne
3902 3244 137 39 change
4070 3243 89 35 rien,
4180 3241 24 32 il

3435 3283 52 31 est
3503 3283 85 38 vrai,
3607 3285 34 31 et
3653 3291 87 25 nous
3756 3283 105 32 laisse
3881 3283 120 32 froids.
4019 3282 87 33 Mais
4123 3282 59 32 cha-

3435 3331 65 32 que
3516 3322 65 33 fois
3596 3324 78 32 tous
3690 3324 51 32 les
3754 3324 188 40 journaux,
3959 3325 78 31 tous
4062 3331 64 24 nos
4141 3330 38 32 pa-

3435 3364 106 37 rents,
3559 3365 79 30 tous
3667 3372 64 24 nos
3748 3364 98 37 amis,
3865 3365 78 30 tous
3964 3372 64 22 nos
4057 3361 142 38 voisins,

3435 3411 44 22 au
3513 3405 206 35 restaurant,
3749 3412 43 24 en
3817 3403 139 33 chemin
3991 3404 41 31 de
4062 3403 63 38 fer,
4157 3410 45 24 en

3435 3443 174 39 omnibus,
3641 3445 282 31 recommencent
3938 3444 33 31 la
3996 3443 113 32 même
4135 3442 50 32 dis-

3435 3484 138 31 cussion
3601 3493 61 24 sur
3689 3484 33 32 la
3748 3484 155 32 manière
3924 3483 215 41 d'appliquer
4157 3491 43 24 en

3435 3523 132 32 France
3607 3524 30 31 le
3673 3524 136 39 régime
3848 3523 226 40 républicain.
4102 3523 96 31 Avec

3432 3570 69 25 une
3516 3563 138 40 gravité
3670 3563 319 41 prudhommesque
4002 3565 33 31 et
4050 3563 148 37 sereine,

3435 3602 44 32 ils
3507 3605 156 40 répètent
3691 3604 292 32 invariablement
4002 3604 51 32 les
4069 3602 131 33 mêmes

3432 3645 206 38 arguments
3679 3653 67 32 que
3787 3644 52 32 les
3869 3644 91 38 faits,
3989 3643 86 33 trois
4110 3643 89 32 mois

3432 3684 111 40 après,
3561 3684 167 32 viennent
3743 3684 293 32 invariablement
4058 3683 117 32 démen-

3432 3722 58 33 tir.
3515 3725 43 31 Et
3585 3731 89 25 nous
3697 3733 44 22 ne
3756 3732 152 24 sommes
3924 3732 61 32 pas
4002 3731 125 24 encore
4142 3730 38 24 en-

3431 3764 104 39 ragés
3550 3772 44 25 ou
3611 3769 41 27 ah
3657 3772 38 24 ar
3696 3765 43 32 ch
3742 3764 9 31 i
3755 3772 17 24 s
3776 3765 60 31 tes-
3841 3772 47 33 gu
3893 3764 9 31 i
3906 3763 46 33 110
3957 3764 96 32 tineu
4056 3772 18 22 r
4075 3771 18 24 s
4101 3764 17 31 ?

3470 3806 28 30 n
3513 3804 72 32 faut
3613 3813 129 24 avouer
3777 3813 69 31 que
3875 3803 118 33 l'oubli
4023 3811 171 24 recouvre

3432 3843 69 32 vite
3516 3843 50 33 les
3582 3844 178 32 ministres
3774 3843 241 40 dégringolés.
4033 3843 65 37 Qui
4129 3842 66 32 sait

3430 3883 77 32 leur
3522 3892 81 24 nom
3619 3883 86 32 trois
3715 3883 100 40 jours
3830 3883 100 41 après
3946 3883 33 32 la
4000 3882 130 33 chute?
4146 3883 52 31 Ne

3429 3924 145 32 serait-il
3589 3932 61 31 pas
3666 3924 79 32 bien
3762 3924 161 32 amusant
3943 3922 41 33 de
4006 3922 190 33 demander

3429 3964 145 32 soudain
3591 3972 20 22 a
3624 3965 113 31 toutes
3761 3964 51 31 les
3839 3971 191 33 personnes
4056 3961 141 33 réunies

3429 4011 43 24 en
3488 4012 46 24 un
3546 4004 97 32 salon
3659 4004 43 31 de
3731 4012 159 22 nommer
3921 4004 74 31 tous
4024 4003 51 31 les
4089 4010 80 24 mem-

3428 4043 81 32 bres
3524 4044 45 31 du
3585 4044 118 32 Grand
3723 4044 181 32 Ministère
3926 4043 119 32 défunt
4061 4044 11 28 ?
4100 4042 72 32 Com-

3428 4083 81 32 bien
3523 4084 50 32 les
3588 4084 209 45 pourraient
3813 4084 204 31 retrouver?

3467 4124 52 32 En
3535 4124 120 38 vérité,
3674 4124 41 31 de
3731 4124 79 32 tous
3826 4124 50 31 les
3889 4123 178 32 ministres
4084 4122 58 41 qui
4157 4130 37 24 se

3428 4165 78 32 sont
3520 4163 144 33 succédé
3678 4163 123 40 depuis
3816 4163 60 32 dix
3893 4170 74 30 ans,
3985 4170 48 25 un
4050 4163 74 32 seul
4141 4163 51 31 est

3428 4204 184 39 immortel,
3657 4202 363 33 incontestablement.
4050 4202 28 32 Il
4107 4202 67 40 s'ap-

3426 4244 90 40 pelle
3531 4244 32 32 le
3579 4244 143 40 général
3745 4244 119 32 Farre.
3881 4244 43 31 Et
3951 4243 170 40 pourquoi
4156 4251 38 24 sa

3426 4286 201 31 renommée
3664 4283 247 41 apparaît-elle,
3954 4281 60 32 dès
4056 4283 118 38 aujour-

3426 4323 106 39 d'hui,
3565 4323 266 41 impérissable?
3867 4324 96 30 Pour
3992 4330 69 24 une
4089 4322 104 32 chose

3425 4363 81 32 bien
3521 4364 124 41 simple
3657 4374 7 20 :
3680 4364 21 31 il
3715 4363 210 41 a'Supprimé
3935 4362 52 32 les
3996 4362 195 32 tambours!

3425 4404 28 31 Il
3469 4406 52 31 est
3536 4404 198 32 l'Erostrate
3750 4404 46 31 du
3813 4403 118 31 siècle!
3948 4402 28 32 Il
3990 4403 84 40 peut
4081 4402 91 32 crier
4185 4411 6 21 :

3423 4446 141 30 Eurêka
3572 4448 13 26 !
3599 4444 25 31 il
3637 4452 20 24 a
3670 4444 124 31 trouvé
3804 4450 47 25 un
3867 4450 129 32 moyen
4007 4450 87 32 pour
4108 4441 69 33 l'im-

3423 4483 184 39 mortalité,
3625 4483 32 32 le
3673 4483 86 38 vrai,
3777 4483 32 32 le
3824 4482 85 38 seul,
3932 4483 32 31 le
3979 4489 128 33 moyen
4123 4482 20 31 à
4159 4482 32 32 la

3423 4524 146 40 Mangin
3583 4525 33 31 et
3631 4524 20 32 à
3677 4522 214 33 l'Alcibiade.
3913 4522 44 32 Et
3981 4522 86 31 dans
4096 4521 96 32 mille

3423 4572 72 30 ans,
3513 4564 91 32 alors
3618 4572 66 32 que
3709 4571 175 32 personne
3909 4570 44 25 ne
3983 4561 107 33 citera
4114 4561 79 40 plus

3422 4604 52 31 les
3496 4612 100 24 noms
3612 4604 41 31 de
3670 4604 81 31 MM.
3774 4603 123 37 Devès,
3926 4600 138 41 Ilaynal
4094 4604 34 30 et

3423 4652 44 24 en
3488 4644 137 40 parlera
3640 4651 126 24 encore
3794 4651 84 24 avec
3905 4642 226 32 étonnement
4146 4641 43 32 de

3422 4684 165 31 l'homme
3601 4684 60 40 qui
3689 4691 20 22 a
3730 4682 180 41 supprimé
3932 4681 50 32 les
4015 4681 176 32 tambours

3422 4723 86 32 dans
3523 4724 142 31 l'armée
3680 4723 181 38 française,
3880 4730 135 22 comme
4035 4729 46 22 on
4095 4721 97 44 parle

3422 4763 222 40 aujourd'hui
3660 4763 41 31 de
3718 4762 89 32 celui
3829 4761 59 41 qui
3917 4761 100 33 brûla
4041 4759 91 43 jadis
4160 4761 31 32 le

3420 4802 129 40 temple
3565 4802 182 40 d'Ephèse.

3461 4945 66 32 Des
3542 4945 89 32 scies
3646 4946 12 31 ?
3676 4945 85 32 Mais
3778 4944 24 32 il
3817 4951 44 25 en
3875 4944 97 40 pleut
4002 4943 93 32 toute
4109 4942 65 33 l'an-

3420 4985 76 32 née.
3511 4987 109 31 Tenez
3633 4996 6 19 :
3669 4984 50 33 les
3735 4991 139 26 œuvres
3889 4984 43 31 de
3953 4983 236 32 bienfaisance

3419 5034 128 22 envers
3561 5026 200 39 l'étranger,
3776 5024 33 32 la
3819 5023 133 33 charité
3965 5030 63 33 par
4042 5022 128 40 l'expor-

3422 5065 117 39 tation,
3570 5063 350 37 l'aumône-réclame,
3938 5062 34 33 la
3997 5062 85 40 pitié
4108 5056 60 38 dan-

3418 5106 110 38 sante,
3544 5104 250 43 l'apitoiement
3821 5112 60 24 sur
3896 5102 61 32 des
3985 5101 197 33 infortunes

3419 5145 195 38 lointaines,
3633 5153 43 24 au
3690 5145 79 41 plus
3784 5143 115 50 grand
3924 5144 172 37 avantage
4126 5141 61 33 des

3423 5186 229 37 imprésarios
3665 5185 43 32 de
3724 5185 33 31 la
3772 5184 80 37 fete,
3872 5184 35 31 et
3921 5191 45 24 au
3991 5183 72 32 réel
4076 5181 89 33 détri-

3418 5226 96 31 ment
3528 5225 41 32 de
3585 5225 100 32 notre
3698 5232 100 35 pays.

3457 5265 150 32 Inondés
3637 5265 41 31 de
3706 5264 168 40 Hongrie,
3917 5262 145 33 inondés
4090 5262 74 32 d'Es-

3417 5314 125 32 pagne,
3561 5304 178 32 incendiés
3769 5304 40 32 de
3827 5304 135 32 Vienne
3990 5303 34 31 et
4050 5303 131 31 autres.

3416 5347 87 31 Tout
3517 5346 150 39 l'argent
3680 5343 154 33 ramassé
3857 5350 102 38 passe
3973 5341 197 33 invariable

3416 5386 98 31 ment
3528 5392 70 25 aux
3612 5383 85 33 frais
3712 5382 286 41 d'organisation.
4012 5381 90 33 Mais
4115 5389 67 32 peu

3418 5426 157 40 importe.

3457 5466 200 40 L'Espagne
3672 5464 129 32 a-t-elle
3824 5464 115 31 donné
3969 5470 47 24 un
4045 5461 137 32 combat

3416 5506 41 31 de
3471 5506 170 32 taureaux
3653 5516 8 27 ;
3679 5502 365 41 l'Autriche-liongrie
4054 5502 129 32 a-t-elle

3415 5545 100 32 offert
3529 5552 70 25 une
3612 5544 151 32 tombola
3777 5551 89 33 pour
3881 5543 51 32 les
3944 5542 177 33 centaines
4136 5542 44 32 de

3413 5585 110 32 morts
3537 5584 43 32 de
3594 5584 204 40 Perregaux
3809 5584 15 31 ?
3850 5584 44 31 Et
3907 5582 113 33 là-bas
4035 5583 33 30 le
4093 5590 89 32 pays

3413 5626 52 32 est
3482 5624 142 40 ravagé,
3639 5624 32 32 le
3686 5623 115 40 grand
3827 5623 149 39 barrage
3992 5616 185 38 fécondant

3412 5665 33 33 la
3459 5665 116 41 plaine
3592 5666 50 31 est
3669 5662 141 39 détruit,
3827 5662 125 33 douars
3969 5662 35 32 et
4031 5662 146 39 gourbis

3411 5707 34 30 et
3457 5705 154 32 maisons
3621 5705 79 31 sont
3709 5704 174 40 emportés
3892 5711 63 32 par
3965 5696 98 38 l'eau.
4075 5701 81 32 Bast
4169 5704 6 30 !

3411 5745 84 32 c'est
3508 5753 41 24 en
3560 5744 156 40 Algérie.
3732 5743 85 39 Quel
3843 5741 168 39 bénéfice,
4041 5741 135 40 quelles

3411 5784 228 38 décorations,
3677 5784 99 41 quels
3810 5783 190 37 honneurs,
4037 5780 135 40 quelles

3411 5825 241 40 prérogatives
3679 5823 206 43 pourraient
3920 5820 143 33 revenir
4106 5829 70 25 aux

3411 5872 89 32 gens
3524 5865 181 39 généreux
3732 5863 59 41 qui
3834 5871 35 24 se
3898 5861 201 33 mettraient
4128 5869 44 24 en

3411 5906 104 31 avant
3524 5908 15 28 ?

3450 5944 89 32 Mais
3554 5944 33 33 la
3600 5944 79 41 plus
3693 5944 120 31 tenace
3828 5943 35 32 et
3876 5943 34 31 la
3924 5942 78 40 plus
4015 5941 158 33 horrible

3410 5983 60 33 des
3485 5985 89 33 scies
3589 5983 283 33 indestructibles
3887 5985 51 31 est
3952 5981 170 41 peut-être
4136 5981 35 32 la

3411 6038 13 17 «
3442 6026 158 43 question
3618 6025 43 31 de
3674 6024 137 41 l'Opéra
3829 6034 26 20 ».

3450 6066 113 32 L'Etat
3579 6073 139 24 nomme
3738 6061 304 43 périodiquement
4056 6070 47 24 un
4126 6060 33 33 di-

3410 6106 136 32 recteur
3574 6106 19 31 à
3618 6106 53 32 cet
3696 6103 262 33 établissement
3985 6100 181 32 financier.

3409 6145 152 37 Celui-ci,
3581 6145 58 32 dès
3650 6144 84 40 qu'il
3752 6144 98 31 entre
3874 6151 45 22 en
3939 6141 163 38 fonction,
4119 6142 56 31 n'a

3409 6185 128 39 qu'une
3549 6184 87 39 idée,
3653 6184 72 32 très
3741 6181 300 43 compréhensible
4055 6191 6 19 :
4078 6189 72 22 mon-

3409 6228 52 28 ter
3475 6226 33 32 le
3522 6224 117 32 moins
3653 6223 157 40 d'opéras
3833 6223 34 31 et
3889 6229 139 33 gagner
4044 6220 31 32 le
4090 6221 84 48 plus

3409 6261 159 44 d'argent
3582 6262 83 43 qu'il
3679 6270 141 34 pourra.
3842 6262 48 33 La
3901 6261 172 40 musique,
4090 6260 84 32 bien

3409 6304 163 38 entendu,
3588 6305 52 31 est
3653 6304 34 32 le
3704 6301 158 33 moindre
3874 6301 56 40 ,de
3958 6308 56 25 ses
4042 6299 126 33 soucis.

3407 6345 46 32 Le
3468 6344 119 43 public
3611 6345 34 31 et
3663 6344 51 31 les
3738 6341 167 40 critiques
3924 6340 41 32 de
3993 6340 34 32 la
4042 6347 130 32 presse,

3407 6384 58 45 qui
3494 6383 213 33 attendaient
3730 6383 73 32 tout
3831 6380 47 32 du
3905 6387 159 25 nouveau
4081 6379 74 32 fonc-

3407 6424 185 38 tionnaire,
3611 6431 87 24 avec
3720 6431 69 24 une
3810 6419 168 33 crédulité
4003 6426 67 33 que
4096 6419 78 32 rien

3409 6472 43 24 ne
3468 6464 209 39 décourage,
3703 6471 37 24 se
3759 6463 148 31 mettent
3928 6459 94 32 alors
4044 6458 19 32 à
4091 6458 63 33 hur-

3406 6504 52 32 ler
3478 6503 155 33 derrière
3647 6502 48 33 lui
3711 6509 135 26 comme
3865 6501 51 32 les
3941 6498 122 32 chiens
4083 6498 20 32 à
4128 6497 35 33 la

3407 6543 93 39 lune,
3510 6552 84 24 avec
3607 6543 118 32 autant
3735 6542 41 32 de
3788 6542 130 35 succès,
3933 6539 47 32 du
3990 6540 102 35 reste,
4106 6546 69 33 que

3409 6593 56 24 ces
3480 6582 167 33 animaux
3663 6582 126 40 auprès
3801 6581 41 32 de
3856 6580 117 32 l'astre
3989 6580 183 31 nocturne.

3407 6625 64 32 Car
3481 6624 43 32 ils
3536 6632 44 22 ne
3594 6622 33 32 le
3640 6621 73 33 font
3726 6628 63 33 pas
3798 6621 79 46 plus
3893 6619 133 32 tomber
4043 6626 67 32 que
4122 6617 52 32 les

3407 6664 122 33 chiens
3543 6671 45 24 ne
3604 6663 72 32 font
3691 6660 98 33 choir
3802 6654 35 39 la
3861 6659 91 32 lune.
3978 6659 48 32 Ils
4050 6657 103 33 n'arri-

3409 6705 83 31 vent
3506 6703 79 41 qu'à
3599 6702 141 32 raviver
3761 6702 89 31 cette
3868 6699 92 48 plaie
3983 6698 104 40 qu'on
4115 6705 39 33 ap-

3407 6744 89 40 pelle
3511 6744 33 32 la
3560 6744 156 37 question
3730 6744 39 28 de
3784 6741 148 38 l'Opéra.

3449 6784 47 32 Le
3511 6782 139 33 remède
3665 6781 106 33 serait
3797 6778 165 43 pourtant
3977 6778 79 32 bien
4087 6776 61 33 sim-

3407 6823 56 41 ple
3478 6834 6 20 :
3509 6823 198 40 supprimer
3731 6821 149 38 l'Opéra.
3896 6819 87 31 Tout
3999 6817 32 32 le
4044 6816 128 33 monde

3406 6873 25 31 y
3448 6862 187 43 gagnerait
3646 6873 7 19 :
3672 6862 50 31 les
3737 6856 231 39 indifférents,
3984 6856 105 41 qu'on
4107 6856 51 32 n'é-

3407 6902 176 33 nerverait
3598 6902 79 44 plus
3689 6913 9 28 ;
3715 6901 31 32 le
3761 6900 129 41 public,
3902 6898 84 32 dont
3998 6905 45 24 on
4054 6904 100 25 sauve-

3407 6941 178 44 garderait
3600 6941 32 32 le
3647 6940 86 41 goût
3749 6944 34 28 et
3797 6938 248 40 l'intelligence
4058 6947 9 27 ;
4084 6935 87 38 l'art,

3407 6992 43 25 en
3463 6984 33 33 la
3510 6990 174 33 personne
3692 6980 59 32 des
3763 6978 201 38 musiciens,
3978 6976 59 43 qui
4055 6976 120 34 débar-

4265 1043 116 32 rassés
4415 1043 46 33 du
4492 1044 93 34 désir
4613 1045 43 32 de
4684 1054 138 34 gagner
4852 1045 182 40 beaucoup

4265 1081 169 41 d'argent,
4463 1084 167 46 feraient.
4639 1088 94 31 enfin
4762 1087 44 34 de
4834 1084 97 34 vraie
4957 1094 52 24 mu-

4265 1122 110 40 sique.
4388 1124 47 31 Le
4638 1127 73 32 seul
4720 1135 25 32 y
4754 1126 169 41 perdrait.
4931 1124 103 39 Mais,

4265 1169 83 25 avec
4363 1163 51 32 les
4428 1166 170 40 capacités
4626 1167 208 33 financières
4850 1174 69 33 que
4932 1173 72 25 mon-

4265 1202 91 32 trent
4385 1205 262 40 généralement
4675 1214 59 25 ces
4757 1206 85 40 élus,
4873 1206 25 33 il
4929 1213 84 33 pour-

4265 1243 66 32 rait
4342 1243 120 34 fonder
4472 1246 239 32 unenouvelle
4722 1246 116 33 Union
4848 1245 185 38 Générale,

4264 1281 78 39 plus
4355 1285 165 40 prospère
4534 1294 69 32 que
4615 1286 84 32 celle
4710 1286 41 32 de
4762 1289 47 31 M.
4819 1285 216 43 l'ingénieur

4263 1323 174 34 Bontoux.

4304 1361 77 41 Oui,
4396 1363 78 33 l'art
4487 1374 25 32 y
4535 1369 187 39 gagnerait
4737 1378 9 30 ;
4763 1376 58 25 car
4832 1368 39 41 je
4885 1376 44 25 ne
4944 1367 97 34 .sais*

4265 1402 76 33 rien
4370 1403 43 33 de
4441 1406 452 44 plusfmonstrueusement
4922 1407 94 34 révol-

4264 1442 74 32 tant
4354 1452 69 32 que
4439 1454 57 24 ces
4508 1455 246 34 personnages
4768 1448 104 33 ornés
4884 1448 41 32 de
4939 1447 77 33 vête-

4265 1485 115 31 ments
4572 1487 59 40 qui
4658 1488 72 32 s'en
4747 1488 178 38 viennent,
4944 1495 93 27 avec,

4265 1522 60 32 des
4339 1526 119 38 gestes
4474 1526 320 34 hîùrarrablement
4809 1530 224 40 grotesques,

4264 1565 122 39 mugir
4401 1565 93 33 leurs
4507 1566 208 43 sentiments
4737 1570 35 31 et
4800 1567 123 33 hurler
4954 1566 81 34 leur

4265 1603 145 34 histoire
4427 1605 126 33 devant
4570 1615 67 25 une
4651 1604 93 35 foule
4760 1617 44 22 en
4819 1607 143 34 toilette.

4304 1643 203 43 L'intrigue,
4539 1646 185 39 d'ailleurs,
4750 1650 53 31 est
4831 1649 28 32 si
4878 1649 154 40 'stupide

4264 1693 67 32 que
4344 1693 174 32 personne
4546 1695 45 24 ne
4618 1690 34 28 la
4678 1689 189 39 comprend
4892 1688 143 41 jamais»

4265 1724 47 31 La
4325 1733 102 33 prose
4441 1726 111 33 rimée
4566 1728 59 39 qui
4639 1728 34 32 la
4685 1728 142 33 raconte
4839 1728 117 33 donne
4972 1728 63 33 des

4448 1766 201 41 d'épilepsie
4676 1775 70 25 aux
4761 1769 119 39 poètes
4897 1769 34 31 et
4961 1776 80 31 aux,

4265 1811 107 35 pross
4400 1813 81 32 -ars;
4494 1814 83 25 sans
4591 1808 157 40 compter
4756 1817 70 33 que
4833 1807 52 33 les
4898 1809 142 32 acteurs

4265 1845 85 38 sent
4377 1846 25 32 it
4435 1846 28 32 si
4489 1846 81 32 bien
4602 1856 136 24 comme
4760 1850 53 31 est
4826 1848 159 32 anormal
5002 1846 34 35 et

4265 1884 187 41 burlesque
4465 1894 39 22 ce
4520 1887 86 31 récit
4622 1896 41 24 en
4683 1887 175 45 musique,
4874 1889 104 41 qu'ils
4991 1898 44 24 ne

4265 1926 174 37 prennent
4454 1926 112 32 même
4580 1936 63 32 pas
4671 1928 31 33 lu
4731 1928 104 43 peine
4852 1929 41 32 de
4909 1929 128 33 mimer

4264 1963 52 33 les
4331 1964 102 33 rôles.
4459 1965 48 33 Us
4524 1968 210 38 s'avancent,
4748 1969 119 32 lèvent
4892 1969 33 32 le
4954 1969 83 33 bras

4265 2003 104 39 droit,
4387 2004 32 32 le
4435 2007 80 31 bras
4544 2008 148 40 gauche,
4709 2009 76 32 font
4812 2009 87 32 trois
4924 2017 64 32 pas
5014 2009 21 32 à

4265 2043 123 39 droite,
4406 2046 86 32 trois
4504 2054 61 33 pas
4580 2048 20 31 à
4617 2048 148 40 gauche,
4781 2049 45 31 du
4852 2048 83 32 bien
4961 2049 56 32 ten-

4265 2083 83 33 dent
4363 2085 50 32 les
4424 2086 92 33 deux
4532 2087 113 33 mains
4661 2096 80 24 vers
4749 2088 33 32 la
4793 2088 92 32 foule
4897 2096 138 25 comme

4265 2124 71 32 s'ils
4345 2125 51 32 lui
4410 2126 235 39 présentaient
4658 2137 48 24 un
4722 2128 119 33 enfant
4857 2137 155 26 nouveau-

4265 2165 54 32 né.
4337 2165 89 33 C'est
4446 2166 87 33 tout.

4304 2205 189 40 Exprimer
4507 2207 60 32 des
4589 2209 207 34 sentiments
4811 2217 44 25 en
4870 2210 164 32 roulades

4265 2252 56 24 me
4350 2245 131 35 semble
4513 2246 175 34 d'ailleurs
4714 2257 70 25 une
4806 2250 78 33 idée
4899 2250 43 32 de
4957 2257 59 26 sau-

4265 2293 120 32 vages.
4402 2285 118 34 Certes
4537 2295 38 25 ce
4590 2296 112 32 genre
4726 2289 43 33 de
4795 2289 171 41 spectacle
4980 2290 56 32 est

4264 2324 78 37 plus
4352 2327 156 33 enfantin
4524 2335 67 33 que
4602 2328 51 33 les
4663 2329 174 40 mystères
4845 2329 46 33 du
4902 2337 130 33 moyen

4265 2367 66 38 âge
4343 2378 7 27 ;
4380 2367 44 37 et,
4441 2367 30 31 si
4487 2367 70 33 l'on
4572 2369 154 39 reprend
4740 2378 64 32 par
4819 2369 128 33 hasard
4961 2379 70 25 une

4265 2405 41 32 de
4324 2413 57 25 ces
4402 2414 141 25 œuvres
4565 2407 86 33 dans
4665 2409 83 41 cinq
4763 2411 97 31 cents
4876 2419 74 30 ans,
4970 2419 65 32 par

4265 2446 163 32 curiosité
4443 2446 207 43 historique,
4667 2450 34 31 la
4723 2450 86 32 salle
4833 2459 38 24 se
4896 2450 139 33 roulera

4265 2492 43 25 en
4332 2485 60 32 des
4421 2489 99 31 accès
4548 2489 43 32 de
4619 2489 116 41 gaieté
4750 2489 93 40 folle,
4865 2491 77 31 tant
4956 2491 80 32 sont

4265 2524 304 37 irrésistiblement
4584 2530 178 40 comiques
4778 2538 57 25 ces
4850 2530 163 41 représen-

4265 2565 137 33 tations.
4424 2569 98 31 Nous
4551 2576 44 25 ne
4624 2577 87 25 nous
4741 2577 44 25 en
4813 2577 216 33 apercevons

4263 2614 72 33 pas,
4364 2609 222 32 accoutumés
4612 2609 21 32 à
4655 2617 57 24 ces
4741 2610 125 32 choses
4899 2609 117 43 grotes-

4263 2654 86 33 ques
4363 2657 8 28 ;
4389 2648 33 31 et
4436 2649 165 39 pourtant
4617 2657 46 24 un
4680 2649 106 41 opéra
4808 2650 221 40 quelconque

4263 2687 135 32 devrait
4423 2688 162 32 soulever
4600 2698 44 25 en
4674 2699 87 22 nous
4786 2689 79 43 plus
4880 2691 44 32 de
4938 2689 90 33 rires

4263 2733 66 32 que
4339 2728 208 38 Divorçons!
4559 2732 45 28 oh
4618 2728 184 41 n'importe
4818 2730 115 41 quelle
4941 2730 94 33 farce

4263 2766 263 41 extravagante.

4302 2806 113 38 Alors,
4429 2816 69 32 que
4513 2810 248 32 voulez-vous?
4781 2810 175 33 dira-t-on.
4982 2811 48 32 De

4260 2845 34 31 la
4310 2846 159 41 musique
4485 2849 94 32 toute
4596 2849 133 41 simple,
4747 2850 44 33 où
4806 2850 33 32 la
4856 2850 81 33 voix
4967 2850 41 33 hu-

4261 2887 115 33 maine
4384 2896 44 22 ne
4436 2896 78 24 sera
4525 2889 106 40 qu'un
4639 2889 223 33 instrument.
4872 2889 151 39 Oubien,

4260 2926 28 31 si
4304 2935 87 24 vous
4401 2935 87 25 vous
4502 2928 155 33 obstinez
4667 2929 20 32 à
4697 2930 126 31 mettre
4837 2929 43 32 de
4891 2929 34 33 la
4939 2929 77 33 litté-

4260 2967 117 32 rature
4391 2975 43 24 en
4449 2968 172 40 musique,
4637 2968 35 41 je
4688 2969 170 37 demande
4869 2970 104 40 qu'on
4987 2979 43 25 en

4260 3006 90 32 fasse
4365 3007 122 32 autant
4500 3015 89 33 pour
4604 3008 33 32 la
4651 3009 174 40 peinture.

4299 3046 89 32 Mais
4402 3056 69 32 que
4487 3047 159 33 ferait-on
4663 3048 41 32 de
4719 3050 159 41 l'Opéra?
4904 3051 30 31 A
4946 3050 83 41 quoi

4259 3086 220 40 pourrait-on
4507 3089 182 41 employer
4716 3097 39 25 cc
4769 3090 176 33 médiocre
4961 3098 48 26 mo-

4259 3128 146 31 nument
4415 3129 13 30 ?

4299 3168 30 30 A
4343 3168 79 39 quoi
4435 3170 14 28 ?
4466 3169 109 35 Qu'on
4590 3169 32 32 le
4635 3169 90 32 livre
4739 3170 21 32 à
4768 3170 84 32 MM.
4865 3170 165 40 Vignaux

4258 3207 35 31 et
4309 3207 139 32 Slosson
4462 3215 90 33 pour
4563 3216 25 32 y
4598 3209 135 32 donner
4741 3209 96 32 leurs
4847 3210 161 40 représen-

4263 3246 136 40 tations,
4416 3248 33 31 et
4465 3248 104 40 qu'on
4593 3248 116 32 écrive
4724 3257 61 22 sur
4800 3248 32 33 le
4859 3249 139 33 fronton
5017 3261 9 20 :

4260 3299 13 14 «
4291 3287 187 33 Académie
4493 3288 175 32 nationale
4683 3289 43 31 de
4741 3288 138 33 billard.
4902 3301 11 17 »
4931 3291 77 32 L'en-

4259 3326 133 39 seigne,
4411 3335 43 24 au
4470 3326 125 40 moins,
4613 3338 44 24 ne
4674 3328 150 34 mentira
4835 3330 90 39 plus.

4296 3461 117 32 Parmi
4428 3461 52 32 les
4500 3462 100 38 scies,
4618 3461 113 33 citons
4747 3470 89 32 pour
4852 3462 172 32 mémoire

4256 3501 334 32 lesmanifestations
4599 3501 188 41 politiques
4799 3509 60 25 sur
4869 3502 158 32 latombe

4256 3540 60 33 des
4331 3541 158 40 citoyens
4504 3542 187 40 trépassés,
4710 3539 51 34 les
4782 3541 138 33 enfants
4946 3550 59 32 pro-

4254 3580 112 41 diges,
4376 3580 51 32 les
4441 3580 249 34 déclamations
4707 3581 60 33 des
4780 3581 177 40 journaux
4975 3591 34 24 re-

4253 3621 138 39 ligieux
4408 3628 59 24 sur
4482 3621 32 31 le
4530 3621 169 40 prétendu
4729 3621 102 32 dîner
4847 3621 20 32 à
4883 3621 123 33 charcu-

4257 3660 84 33 terie
4368 3660 41 32 de
4426 3660 289 33 Sainte-Beuve...
4729 3661 34 32 et
4779 3669 67 33 que
4871 3660 151 34 d'autres

4254 3707 126 25 encore
4394 3704 6 28 !
4448 3706 6 12 :
4806 3699 5 33 •
4850 3699 45 33 i.,,,

4648 3745 56 20 GUY
4726 3745 35 20 DE
4778 3744 195 21 MAUPASSANT

4604 3848 78 33 LES

4259 3920 220 67 DEUX
4514 3918 509 70 GENDARMES

4323 4095 72 24 Deux
4410 4095 168 33 gendarmes,
4597 4102 34 18 un
4645 4095 102 26 beau...
4766 4095 84 32 lundi,

4322 4134 185 26 Cheminaient
4524 4142 33 18 au
4572 4142 57 25 pas,
4645 4135 46 25 dès
4708 4135 118 26 l'aurore,

4322 4174 30 26 ils
4367 4174 99 26 étaient
4480 4174 132 27 soucieux.
4631 4174 65 26 L'un
4713 4174 39 26 dit
4767 4182 7 19 :

4320 4224 15 17 «
4355 4215 81 24 As-tu
4452 4214 27 25 lu
4500 4215 24 24 le
4537 4214 115 33 journal,
4670 4214 139 26 Pandore?

4322 4264 13 17 »
4356 4254 26 25 Si
4396 4254 52 25 l'on
4466 4263 31 15 en
4513 4256 65 25 croit
4593 4263 43 17 ces
4650 4254 126 33 gazetiers

4320 4304 14 15 »
4350 4294 72 26 Nous
4436 4294 107 25 aurions
4560 4296 65 25 beau
4644 4296 69 33 sujet
4728 4294 137 26 d'alarmes
4878 4294 6 28 !
4903 4304 14 15 »

4320 4349 35 11 —r
4370 4335 100 26 Laissez
4487 4336 38 25 les
4539 4343 70 18 roses
4624 4343 48 17 aux
4689 4335 102 33 rosiers,

4319 4376 100 25 Laissez
4435 4376 70 25 leurs
4519 4375 135 34 chapeaux
4669 4383 48 18 aux
4733 4376 156 33 gendarmes
4898 4376 6 26 !

4320 4447 14 17 «
4355 4437 79 25 Notre
4449 4437 129 33 chapeau,
4596 4436 41 25 cré
4651 4444 63 18 nom
4731 4437 32 25 de
4780 4444 61 18 nom
4856 4436 8 26 !

4318 4486 14 17 »
4355 4476 119 26 Pourrait
4487 4478 118 25 sombrer
4622 4476 65 26 dans
4702 4478 24 24 la
4742 4478 107 33 bagarre
4859 4475 7 27 !

4319 4526 13 17 »
4356 4518 57 25 Une
4428 4517 71 26 lubie
4513 4518 15 25 à
4544 4517 167 34 Campenon,

4318 4566 13 17 »
4354 4557 116 27 Envieux
4485 4559 45 24 des
4546 4557 106 26 lauriers
4668 4559 32 24 de
4716 4558 72 26 Farre
4801 4559 7 26 !

4318 4606 14 17 »
4354 4598 70 25 Tous
4439 4605 43 18 ces
4498 4597 132 27 ministres
4645 4598 146 26 tracassiers

4318 4646 14 17 »
4356 4637 164 26 Finiront-ils
4534 4645 45 26 pas
4594 4637 69 26 leurs
4678 4645 135 19 vacarmes
4821 4637 12 26 ?
4846 4645 17 18 »

4370 4677 99 25 Laissez
4485 4678 37 24 les
4538 4685 69 17 roses
4620 4685 50 18 aux
4689 4677 102 33 rosiers,

4318 4717 99 25 Laissez
4431 4717 69 25 leurs
4515 4719 135 32 chapeaux
4665 4726 50 18 aux
4729 4717 175 34 gendarmo»!

4318 4788 15 18 «
4352 4780 76 26 Cette
4442 4787 60 26 rage
4518 4780 32 26 de
4565 4780 123 26 réformer
4761 4774 34 34 ~'
4799 4805 9 12 t
4812 4774 37 43 ....
4872 4782 26 31 .j
4930 4774 5 43 ,

4318 4830 13 15 »
4352 4820 47 26 N'a
4419 4828 46 25 pas
4480 4820 32 26 de
4526 4827 71 19 cesse
4611 4824 26 22 et
4651 4828 45 25 pas
4711 4820 32 26 de
4759 4821 94 25 bornes
4865 4827 8 25 ;

4318 4870 13 15 »
4354 4860 48 25 Car
4417 4860 130 33 pourquoi
4565 4869 28 26 ça
4609 4869 26 17 se
4650 4860 158 33 gendarmer

4318 4910 13 15 »
4354 4902 97 24 Contre
4467 4907 46 18 nos
4530 4900 133 33 chapeaux
4677 4902 15 24 à
4708 4900 67 25 deux
4789 4909 91 17 cornes
4891 4898 13 30 ?

4318 4950 13 15 »
4354 4941 30 25 lis
4398 4939 152 34 effrayaient
4565 4941 37 25 les
4616 4941 187 33 braconniers,.

4318 4989 13 18 »
4352 4983 69 24 Pour
4435 4981 24 25 le
4474 4989 57 17 sexe
4547 4980 31 26 ils
4592 4981 106 26 avaient
4714 4981 44 25 des
4773 4981 118 26 charmes
4902 4981 6 25 !
4925 4989 14 17 »

4364 5021 102 25 Laissez
4481 5021 37 25 les
4533 5028 70 18 roses
4617 5028 50 18 aux
4681 5020 100 34 rosiers,

4315 5061 103 26 Laissez
4433 5061 67 26 leurs
4517 5061 133 33 chapeaux
4665 5068 50 19 aux
4728 5061 155 33 gendarmes
4893 5061 8 27 !

4316 5133 14 17 «
4344 5124 65 25 Sans
4422 5126 103 31 respect
4539 5124 34 25 du
4590 5122 113 34 prestige
4717 5124 105 32 ancien,

4313 5172 14 18 »
4350 5165 41 24 On
4408 5164 53 25 suit
4475 5172 52 17 une
4544 5164 78 25 mode
4637 5163 137 33 fantasque
4791 5172 7 18 :

4311 5213 14 17 »
4346 5204 43 25 On
4406 5206 39 22 est
4459 5206 61 24 tout
4534 5204 56 27 fcru
4605 5204 35 25 du
4657 5204 118 25 Prussien

4311 5254 14 17 »
4348 5244 31 26 Et
4394 5243 53 26 l'on
4462 5251 27 18 se
4506 5246 79 30 toque
4600 5243 32 26 de
4646 5251 47 19 son
4709 5251 96 25 casque
4818 5243 6 27 !

4311 5293 14 17 »
4345 5284 71 25 Nous
4429 5291 97 18 aurons
4539 5284 46 25 des
4600 5283 50 26 airs
4665 5284 32 25 de
4713 5283 133 34 pompiers

4311 5334 13 17 »
4346 5324 129 26 Paradant
4489 5331 44 18 sur
4547 5324 25 24 la
4589 5324 73 33 place
4677 5323 112 26 d'armes
4800 5324 7 25 !
4826 5333 14 17 »

4363 5365 99 26 Laissez
4480 5365 38 25 les
4533 5372 69 19 roses
4616 5372 48 18 aux
4680 5363 102 33 rosiers,

4310 5405 102 26 Laissez
4426 5405 71 25 leurs
4512 5405 132 33 chapeaux
4659 5413 50 18 aux
4722 5406 156 32 gendarmes
4891 5406 6 27 !

4309 5466 98 26 Tandis
4421 5466 78 33 qu'ils
4513 5466 168 34 s'afiligaient
4696 5466 78 33 ainsi,

4310 5506 67 27 Léon
4393 5507 89 32 quitta
4494 5506 26 25 le
4534 5506 145 26 ministère.

4309 5549 66 25 Bons
4389 5548 165 33 gendarmes,
4572 5546 91 34 n'ayez
4678 5548 71 25 souci
4765 5556 6 17 :

4307 5589 34 24 Le
4357 5587 86 26 Grand
4459 5587 133 26 Ministère
4607 5589 38 24 est
4661 5596 46 25 par
4722 5589 65 25 terre
4798 5588 8 25 !

4307 5628 30 26 Et
4351 5635 77 25 vous,
4446 5627 87 34 Billot,
4551 5627 21 26 si
4586 5635 66 19 vous
4669 5627 72 27 lisiez

4304 5667 48 26 Ces
4368 5667 126 33 quelques
4509 5675 56 18 vers
4581 5667 123 26 mouillés
4720 5668 32 25 de
4767 5668 103 33 larmes,

4306 5726 31 8 ...
4350 5707 102 26 Laissez
4466 5707 37 26 les
4518 5715 69 18 roses
4602 5715 50 18 aux
4667 5707 100 34 rosiers,

4305 5747 102 27 Laissez
4422 5747 69 26 leurs
4506 5748 135 32 chapeaux
4655 5756 48 18 aux
4719 5748 156 33 gendarmes
4885 5748 6 25 !

4714 5817 74 21 PAUL
4806 5818 120 21 FERRIER

4232 5911 69 66 LE
4322 5910 207 65 MASTIC
4541 5911 72 64 ET
4628 5911 70 64 LE
4714 5910 285 67 CHAUSSON

4271 6060 43 28 Le
4342 6059 65 30 soir
4435 6059 40 30 de
4500 6059 30 28 la
4559 6060 159 39 première
4743 6061 259 38 représentation

4231 6099 40 30 de
4286 6099 183 38 Namouna,
4482 6098 50 31 s'il
4541 6107 83 21 vous
4638 6099 104 31 arrive
4757 6099 40 31 de
4813 6105 190 27 rencontrer

4230 6139 78 30 dans
4324 6144 51 25 cet
4391 6138 135 31 escalier
4548 6156 40 11 r—
4604 6138 214 32 inaccessible
4846 6150 61 21 aux
4926 6151 57 30 pro-

4230 6180 90 30 fanes
4396 6178 56 39 qui
4468 6178 145 38 conduit,
4635 6178 40 31 de
4690 6178 128 32 l'entrc'e
4833 6180 53 31 des
4900 6182 81 30 artis-

4230 6223 46 26 tes
4300 6219 40 31 de
4378 6217 133 40 l'Opéra
4540 6229 63 20 aux
4632 6219 184 31 différentes
4846 6221 92 39 logés
4959 6223 41 28 de

4230 6257 125 31 ceux-ci
4368 6268 9 28 ;
4393 6256 50 32 s'il
4455 6267 84 21 vous
4556 6257 113 39 arrive,
4689 6259 104 40 dis-j'e,
4811 6259 39 30 de
4865 6269 117 21 rencon-

4228 6302 66 26 trer
4310 6308 61 19 une
4389 6296 115 31 fillette
4520 6298 43 30 du
4579 6308 92 30 corps
4685 6299 41 30 de
4737 6298 103 34 ballet
4856 6309 39 20 en
4911 6301 83 31 train

4228 6338 202 30 d'escalader
4455 6337 47 30 les
4532 6339 146 28 marches
4708 6343 112 37 quatre
4834 6340 19 30 à
4867 6345 126 35 quatre,

4230 6383 31 25 et
4276 6379 26 28 si
4316 6387 81 20 vous
4414 6381 107 26 tentez
4534 6378 41 30 de
4591 6378 144 30 l'arrêter
4750 6387 83 32 pour
4859 6389 116 21 murmu-

4228 6428 52 20 rer
4294 6419 19 27 à
4328 6426 58 21 son
4404 6417 113 30 oreille
4547 6426 64 20 une
4629 6417 219 40 plaisanterie,
4865 6428 43 21 un
4929 6430 46 21 ma-

4228 6457 112 40 drigal,
4358 6467 98 31 soyez
4473 6458 120 28 certain
4622 6467 63 31 que
4714 6467 81 22 vous
4817 6468 39 21 en
4873 6459 106 32 obtien-

4228 6498 76 30 drez
4322 6502 85 25 cette
4423 6497 139 39 réponse
4580 6497 26 39 :.

4319 6536 207 31 Laissez-moi
4541 6536 85 31 donc
4637 6539 8 30 !
4661 6537 33 39 je
4710 6537 65 31 suis
4805 6548 39 20 en
4873 6541 120 31 retard.

4227 6576 58 35 J'ai
4299 6586 117 21 encore
4431 6586 77 20 mon
4528 6576 112 31 mastic
4658 6582 33 25 et
4706 6587 77 21 mon
4809 6578 159 32 chausson
4982 6582 18 30 à

4227 6617 91 31 faire.

4269 6657 206 37 Autrement,
4489 6665 83 31 pour
4587 6665 80 21 ceux
4683 6666 20 20 «
4726 6658 56 39 qui
4796 6667 40 20 ne
4853 6664 74 26 sont
4942 6671 56 30 pas

4228 6697 41 30 de
4298 6696 30 30 la
4357 6696 156 41 boutique
4534 6707 26 27 »,
4589 6700 32 25 et
4650 6697 79 30 dans
4760 6697 113 41 l'argot
4887 6699 41 31 de
4945 6711 52 21 ces

4228 6736 209 31 demoiselles
4455 6745 7 20 :

4329 6776 27 28 Il
4367 6785 51 20 me
4430 6780 85 26 reste
4532 6784 117 21 encora
4665 6777 18 28 à
4697 6776 190 40 m'habiller,
4906 6781 17 28 à
4939 6790 50 20 me

4228 6816 152 31 chausser
4394 6821 31 25 et
4440 6816 17 28 à
4470 6824 47 20 me
4525 6816 94 39 faire
4633 6826 51 21 ma
4701 6816 71 33 tête.

4271 6935 43 31 Le
4328 6946 58 30 gaz
4400 6946 17 20 a
4430 6935 57 31 des
4502 6937 142 39 caprices
4659 6937 18 30 à
4693 6937 54 30 nul
4763 6940 90 27 autre
4869 6939 128 38 pareils.

4231 6974 141 32 L'ourlet
4387 6977 40 28 de
4442 6977 53 30 feu
4512 6976 54 39 qui
4589 6978 115 37 sépare
4719 6976 31 32 le
4765 6977 110 38 public
4906 6978 38 31 de
4967 6979 32 31 la

260 318 354 44 JULES
672 320 97 40 SI
783 320 79 41 HUE
879 320 56 41 o
947 320 77 44 isr

459 376 177 26 Directeur
657 376 170 31 Politique

487 496 311 28 ABONNEMENTS
836 508 6 5 •

261 541 92 26 PARIS
369 548 8 18 :
392 541 84 26 Trois
491 543 70 26 mois
872 544 43 25 18
930 544 35 26 fr.
980 544 46 27 50

260 580 236 28 DÉPARTEMENTS
509 592 7 15 :
533 583 84 26 Trois
631 585 81 25 mois.
731 599 111 12 .....
875 586 41 22 16
933 585 35 27 fr.

529 677 239 32 RÉDACTION

345 724 34 25 0,
405 724 202 24 boulevard
634 726 63 22 des
725 725 171 26 Italiens,
926 726 21 22 0
979 713 58 48 f~î
1054 713 4 48 ;
1094 739 7 22 j

450 765 33 18 DE
503 767 69 17 DEUX
591 765 103 19 HEURES
713 768 17 15 A
748 768 96 17 MKIUIT
978 751 8 33 1
1004 759 31 24 2£
1052 751 2 43 !
1083 751 18 43 J

979 783 17 44 \
1059 800 17 22 V

263 833 57 25 (ts
340 833 224 21 MANUSCRITS
587 836 41 19 NE
650 835 133 19 SERONT
809 836 59 19 PAS
891 836 137 22 RENDUS
1068 833 2 26 ,

346 850 4 31 ,
400 860 27 14 .1
457 868 26 5 ...
498 868 8 5 .
520 868 6 7 .
901 868 7 6 .
1009 862 27 19 \
1054 850 47 31 i/t,

231 992 6 9 -
250 989 27 17 :•)
300 981 81 40 pgn'
397 986 48 20 r,,
515 987 7 18 :
568 981 4 40 ••
602 981 2 40 ;
645 981 9 21 Ï

128 1024 32 21 —•'
248 1024 4 21 -
318 1026 9 12 <
333 1026 18 18 &
380 1033 8 12 S
403 1024 4 21 '
423 1024 5 21 >
477 1024 2 21 '

155 1041 69 31 Les
237 1048 193 26 nouveau®
442 1043 149 30 abonnes
621 1043 185 31 recevront
830 1050 65 24 sur

111 1104 81 31 leur
219 1104 181 38 demande,
418 1103 74 32 tout
506 1111 39 24 ce
560 1104 59 38 qui
633 1113 22 22 a
667 1111 97 31 paru
780 1107 40 28 de
831 1113 44 22 no-

122 1167 57 31 tre
208 1167 181 37 feuilleton
411 1166 485 37 POT-BOFILLE

109 1237 72 31 par
202 1228 123 34 EMILE
351 1230 109 33 ZOLA.

154 1270 58 12 *A-»-
220 1269 5 15 '
229 1269 2 15 ■
237 1269 2 15 ■
265 1277 6 4 -
276 1269 6 15 .
361 1272 7 11 C
389 1272 34 9 *>■'
435 1269 2 15 '
441 1269 14 15 r—'
493 1269 24 15 >r,
528 1278 14 5 -.
549 1269 1 15 ,
562 1269 2 15 '

296 1284 30 13 A.,.'
343 1289 6 8 »
358 1284 1 13 .
493 1292 8 5 -,
612 1284 5 13 j

4193 317 94 45 Ei
4342 322 151 40 IDE
4559 321 317 43 CTON

4350 379 365 31 Administrateur-Délégué

4304 477 149 28 PAUL
4500 474 273 37 DELÉAG.E
4809 488 27 21 i.

4222 521 229 24 Secrétaire
4487 523 40 22 de
4560 524 37 21 la
4631 524 76 24 Hsi
4716 524 63 25 ait
4788 529 63 21 lon

4423 617 221 26 ANNONCES

4219 651 79 22 MM.
4324 652 58 21 Ch.
4409 652 201 30 Lagiange,
4635 656 80 22 Cerf
4741 657 34 24 et
4788 656 31 24 'G
4822 656 8 17 1
4832 659 13 13 *

4343 684 20 24 6,
4531 690 33 17 LA
4578 691 111 21 BOURSE,
4707 689 33 21 6,'

4271 712 33 22 Et
4323 712 18 22 à
4358 713 242 25 l'Administration
4619 717 37 22 du,
4678 717 116 24 Journal

4345 793 371 28 ADMINISTRATION
4735 793 2 31 .

4227 828 35 26 &,
4291 828 200 24 boulevard
4519 831 63 21 dos
4611 831 172 27 Italiens,
4809 834 24 22 O
