5305 7386
280 305 163 34 ballerine
461 308 47 27 est
534 314 85 32 pour
644 304 132 31 celle-ci
802 305 106 30 tantôt
932 313 61 20 une
1011 313 33 20 ca-

280 357 93 22 resse
390 351 33 27 et
436 346 105 31 tantôt
555 356 44 21 un
613 345 144 32 soufflet.
775 345 81 30 Sous
873 353 34 20 sa
919 343 139 32 lumière

281 387 142 38 intense,
438 386 50 31 les
503 386 105 39 lignes
622 385 83 30 fines
724 389 32 27 et
770 385 157 30 délicates
956 384 91 31 s'atté-

283 431 104 26 nuent
410 431 34 26 et
467 426 165 31 s'effacent
654 425 130 41 jusqu'à
798 424 260 40 l'insignifiance,

282 468 109 31 tandis
404 477 66 31 que
487 467 47 31 les
555 465 92 32 traits
676 467 168 40 grossiers,
873 467 185 37 accentués,

283 508 67 32 mal
366 509 156 39 équarris,
540 508 216 38 s'estompent
778 509 33 27 et
826 506 236 31 s'adoucissent

286 547 129 43 jusqu'à
425 548 34 31 la
474 548 151 40 poésie...

330 588 43 30 La
387 598 110 30 rampe
514 592 50 27 est
578 588 61 31 fée.
658 587 71 31 Elle
743 588 109 30 fausse
879 587 46 31 les
943 589 73 27 tons
1032 591 30 26 et

286 630 195 30 transforme
494 627 321 41 les.physionomies.
840 627 69 31 Elle
932 627 130 31 enfume

285 670 52 30 les
363 670 96 30 teints
483 667 47 32 les
554 666 73 41 plus
665 666 107 40 clairs,
803 673 32 25 et
862 667 110 30 donne
1002 678 61 20 aux

291 718 104 32 peaux
409 709 51 34 les
475 709 72 39 plus
559 710 120 30 brunes
697 712 33 26 et
743 707 48 31 les
803 707 73 40 plus
893 706 169 41 granulées

288 751 31 30 le
335 749 69 41 poli
422 755 31 25 et
475 748 107 32 l'éclat
598 750 43 28 du
659 749 142 31 marbre.
816 748 50 31 De
881 758 58 30 par
952 757 34 20 sa
1003 758 41 20 ma-

286 790 66 40 gie,
361 800 64 21 une
439 790 122 39 grande
578 789 130 30 bouche
720 789 133 30 devient
867 789 37 28 de
917 787 22 31 F
939 791 107 38 expres-

286 829 87 39 sion,
391 835 31 25 et
432 840 45 20 un
489 829 102 39 grand
605 839 73 28 nez,
691 828 45 30 du.
751 829 202 32 caractère...

330 869 94 39 Mais,
443 872 18 30 à
475 869 105 38 Circé,
598 868 94 32 Circé
709 874 34 25 et
756 869 106 30 demie
879 879 9 21 :

328 909 44 31 La
398 911 159 30 danseuse
581 908 148 32 s'attable
751 909 119 31 devant
886 919 34 21 sa
934 909 129 39 glace...

332 950 151 38 D'abord,
502 950 64 30 elle
580 959 35 20 se
632 959 94 30 passe
743 959 56 20 sur
819 950 31 30 la
870 950 115 40 figure,
1015 950 50 30 les

287 992 86 37 bras,
390 990 33 31 le
439 999 73 30 cou,
529 990 47 30 les
592 989 132 40 épaules
739 993 32 25 et
785 990 31 28 la
830 990 154 39 poitrine,
1002 991 48 39 jus-

286 1031 99 72 3u'au
400 1031 135 31 dessous
547 1030 58 30 des
619 1030 99 38 seins,
731 1038 64 20 une
804 1031 126 28 couche
939 1031 126 39 épaisse

312 1082 19 20 e
345 1070 96 32 blanc
456 1070 124 40 liquide
596 1070 56 40 qui
680 1070 105 30 forme
809 1070 110 30 vernis
948 1081 40 19 en
1020 1072 31 30 sé-

287 1113 110 30 chant.
413 1110 69 31 Elle
497 1110 120 39 graisse
645 1114 85 26 cette
755 1110 162 39 première
941 1113 123 33 couche

287 1152 78 31 d'un
378 1161 149 30 soupçon
542 1150 40 31 de
611 1149 198 32 cold-cream
828 1154 32 27 et
873 1150 33 30 la
919 1152 145 37 parfume

288 1192 77 31 d'un
391 1195 89 27 zeste
506 1189 40 31 de
559 1191 128 41 poudre
707 1191 41 30 de
763 1191 58 30 riz.
840 1189 144 39 Ensuite,
1002 1192 63 28 elle

287 1232 146 32 s'allume
463 1231 48 31 les
534 1232 94 39 joues
658 1231 39 30 de
725 1231 188 38 vermillon,
984 1232 81 31 dont

288 1273 50 31 les
352 1273 119 31 teintes
484 1276 80 26 vont
580 1280 34 20 se
632 1272 146 37 fondant,
795 1280 57 30 par
874 1280 66 20 une
954 1272 110 30 habile

285 1312 180 39 gradation,
483 1312 57 30 des
555 1315 197 38 pommettes
769 1312 17 28 à
802 1311 30 31 la
848 1311 214 32 commissure

286 1352 59 31 des
358 1352 145 31 lèvres...

328 1391 159 32 Celles-ci
515 1396 74 27 sont
619 1391 128 31 avivées
774 1391 40 31 de
843 1390 120 32 carmin
980 1401 8 28 ;
1015 1391 48 31 les

286 1434 106 34 dents,
410 1433 137 31 lustrées
561 1434 19 28 à
589 1431 118 31 l'émail
718 1442 8 28 ;
743 1431 47 31 les
803 1441 98 31 yeux,
914 1430 148 41 allongés

283 1482 41 24 au
343 1472 126 33 khôl...

327 1513 194 39 D'aucunes,
537 1524 79 21 avec
632 1522 43 20 un
690 1522 65 31 peu
772 1513 39 28 de
841 1513 111 37 bistre,
981 1513 65 40 figu-

283 1559 74 27 rent
371 1564 40 21 au
429 1553 135 31 dessous
579 1563 37 20 ce
632 1563 64 30 que
716 1553 146 37 Nadaud,
888 1553 78 30 dans
994 1563 65 21 une

282 1593 200 40 complainte
498 1592 209 40 immortelle,
724 1592 130 41 appelle

361 1661 38 25 Ce
412 1659 96 27 cercle
521 1659 65 28 bleu
596 1659 80 27 tracé
691 1668 53 26 par
759 1659 25 25 le
795 1659 158 26 bonheur...

322 1721 48 31 Ce
384 1730 20 21 «
419 1721 115 40 disque
550 1721 110 30 d'azur
674 1730 20 20 »
717 1720 81 40 doit,
828 1720 78 30 dans
934 1719 126 41 l'esprit

280 1762 41 30 de
339 1770 53 21 ces
419 1761 224 39 demoiselles,
676 1760 79 31 faire
776 1760 122 30 mentir
924 1759 32 31 le
985 1770 57 30 pro-

279 1801 102 32 verbe
397 1812 8 21 :
424 1801 30 32 A
475 1801 59 30 bon
557 1801 54 31 vin
625 1801 97 40 point
743 1800 194 40 d'enseigne.

320 1936 85 39 Puis,
419 1936 50 31 les
487 1936 135 31 sourcils
645 1941 32 26 et
690 1935 48 32 les
756 1935 57 31 cils
836 1941 77 26 sont
934 1936 120 31 noircis

279 1987 40 20 au
334 1987 120 31 crayon
465 1987 8 28 ;
489 1977 32 30 la
535 1980 87 38 patte
646 1975 97 39 d'oie,
763 1976 25 30 si
806 1976 65 31 elle
887 1976 117 39 existe,
1023 1987 32 20 se

275 2017 170 31 dissimule
462 2026 74 21 sous
552 2026 44 21 un
611 2017 113 30 réseau
750 2016 41 30 de
823 2016 113 31 veines
966 2017 71 38 poin-

274 2056 111 32 tillées
400 2068 40 20 au
468 2057 137 40 pinceau
615 2066 9 30 ;
653 2056 161 41 quelques
846 2057 157 30 mouches
1019 2067 35 20 se

273 2102 120 37 posent
407 2099 38 38 çà
463 2101 32 26 et
506 2098 70 32 1à...

315 2137 90 32 C'est
418 2137 191 32 l'ensemble
625 2137 41 31 de
692 2147 52 19 ces
759 2140 133 28 travaux
907 2138 39 30 de
971 2137 67 32 badi-

274 2189 85 30 geon
381 2178 57 41 qui
465 2178 163 31 constitue
657 2177 33 31 le
718 2177 125 33 mastic.
872 2178 52 31 Un
941 2177 113 32 mastic

273 2217 252 32 consciencieux
544 2218 93 39 exige
653 2218 76 39 près
757 2217 98 31 d'une
881 2219 104 28 heure
1012 2218 43 31 de

273 2258 111 41 peine.
404 2257 137 39 Léchez,
614 2256 181 41 n'empâtez
810 2268 58 30 pas
881 2261 7 28 !

313 2300 44 30 La
371 2300 86 30 mère
470 2298 94 30 d'une
576 2300 161 28 danseuse
750 2301 100 35 entre,
862 2308 40 20 en
920 2300 115 39 sanglo-

270 2343 80 34 tant,
367 2339 78 32 dans
461 2337 32 31 la
507 2339 76 40 loge
599 2339 40 31 de
654 2348 34 20 sa
718 2337 78 39 fille,
829 2348 39 20 au
900 2344 148 27 moment

272 2380 44 30 où
332 2382 86 28 cette
437 2379 150 31 dernière
608 2378 123 32 achève
750 2381 85 28 cette
859 2378 187 32 laborieuse

270 2420 146 39 besogne
435 2428 9 21 :

374 2460 57 31 Oh
441 2461 7 28 !
478 2470 77 20 mon
583 2459 85 31 Dieu
680 2460 7 32 !
719 2470 76 19 mon
833 2460 120 38 enfant,
991 2464 58 27 ton

267 2509 123 32 pauvre
406 2502 78 38 père
501 2505 48 25 est
563 2504 86 26 mort
663 2503 7 30 !

313 2541 40 30 La
379 2541 67 30 fille
477 2545 176 34 tamponnq
681 2550 50 20 ses
761 2550 87 31 yeux
878 2550 78 21 avec
983 2550 59 21 son

269 2581 175 32 mouchoir
457 2590 9 20 :

364 2620 71 32 Oh!
450 2630 137 28 maman,
605 2621 165 41 pourquoi
790 2631 52 20 me
860 2621 67 31 dire
945 2621 70 31 cela
1030 2623 19 28 à

267 2661 133 40 présent
410 2660 17 31 ?
438 2661 109 30 Est-ce
563 2670 64 32 que
654 2662 33 38 je
716 2661 73 40 puis
815 2661 131 40 pleurer
1000 2662 47 38 Ça

268 2700 204 39 dérangerait
483 2711 76 21 mon
575 2701 115 31 mastic
704 2704 7 30 !

307 2841 81 28 Sous
411 2841 33 30 le
470 2841 98 39 règne
598 2841 43 30 du
670 2841 137 30 docteur
833 2841 123 38 Véron,
972 2841 22 30 il
1024 2852 21 27 y

268 2880 85 30 avait
369 2889 118 21 encore
503 2882 18 28 à
535 2880 136 40 l'Opéra
698 2881 58 30 des
783 2880 262 40 pantalonneurs

268 2929 39 20 en
326 2920 236 40 titre,-chargés
580 2921 39 31 de
640 2921 113 31 tendre
770 2930 54 20 sur
839 2920 50 31 les
905 2920 120 32 danseu-

266 2969 63 28 ses,
346 2960 19 31 à
379 2960 31 31 la
424 2960 89 31 force
537 2961 44 30 du
609 2961 148 40 poignet,
785 2960 260 41 l'incxprcssiblc

265 2999 40 31 de
337 3000 94 31 tricot
458 3000 122 46 auquel
609 3000 138 31 l'ancien
781 3001 175 28 bonnetier
985 3002 59 30 des

263 3040 142 30 théâtres
489 3040 229 31 l'inestimable
748 3041 47 30 M.
827 3040 129 31 Maillot
1025 3052 19 21 a

262 3080 129 31 attaché
406 3083 17 27 à
437 3080 111 40 jamais
565 3091 60 20 son
641 3091 89 21 nom.

304 3120 227 39 Aujourd'hui,
544 3132 52 20 ces
611 3122 211 30 demoiselles
835 3131 33 19 se
881 3122 163 32 culottent

261 3164 111 27 toutes
387 3161 119 40 seules,
523 3172 43 20 ou
595 3162 43 30 du
653 3162 119 38 moins,
788 3161 35 31 le
837 3162 73 30 soin
937 3162 40 30 de
994 3163 47 30 les

262 3200 91 32 aider
366 3201 78 31 dans
472 3207 86 26 cette
589 3202 171 38 opération
791 3207 51 25 est
865 3202 161 31 exclusive-

261 3244 91 27 ment
366 3242 129 30 réservé
516 3252 61 20 aux
605 3241 211 31 habilleuses.

304 3281 41 30 Le
361 3282 110 39 public
485 3281 167 41 s'imagine
663 3282 183 28 volontiers
855 3292 63 30 que
927 3283 111 39 celles,

261 3322 102 39 parmi
379 3321 47 30 les
442 3321 185 35 ballerines,
646 3331 63 32 que
724 3322 33 28 la
785 3326 115 26 nature
915 3324 123 39 ingrate

260 3372 19 19 a
294 3360 130 41 négligé
441 3361 40 31 de
496 3363 93 30 doter
605 3363 39 28 de
672 3361 170 32 mollets...
861 3363 176 37 suffisants,

261 3402 67 30 s'en
340 3402 187 40 fabriquent
541 3403 40 30 de
598 3402 167 39 postiches
780 3411 40 20 au
831 3412 119 30 moyen
963 3404 77 31 d'un

261 3445 96 27 coton
372 3448 201 26 savamment
581 3442 164 32 combiné.
758 3441 28 31 Il
803 3441 71 33 n'en
887 3448 48 25 est
946 3444 66 30 rien
1025 3454 7 20 :

261 3482 30 30 le
307 3487 211 26 mouvement
547 3483 58 28 des
627 3482 184 31 entrechats
842 3487 32 26 et
902 3483 58 30 des
992 3485 31 39 pi-

260 3526 145 26 rouettes
422 3522 259 31 bouleverserait
697 3533 35 19 ce
757 3522 221 40 supplément,
998 3535 38 19 en

259 3563 107 28 même
383 3567 105 34 temps
503 3573 65 31 que
586 3566 84 26 cette
687 3562 174 39 surcharge
892 3562 129 32 alourdi-

257 3602 61 30 rait
345 3601 30 31 la
387 3604 122 38 jambe,
523 3601 33 32 la
568 3602 148 40 gênerait
735 3602 216 30 cruellement
974 3615 64 20 aux

259 3641 234 39 articulations,
524 3648 44 33 et,
585 3644 170 28 humectée
777 3652 63 30 peu
854 3644 18 28 à
901 3653 64 30 peu
980 3656 43 27 par-

257 3683 32 30 la
317 3683 239 40 transpiration,
581 3681 165 31 arriverait
771 3684 18 27 à
804 3692 40 20 en
873 3684 164 40 paralyser

259 3722 208 32 absolument
478 3722 31 32 le
526 3723 67 39 jeu.

300 3761 182 39 D'ailleurs,
501 3768 189 26 tenez-vous
709 3762 28 31 le
757 3772 80 28 pour
854 3763 46 31 dit
912 3774 8 20 :
939 3765 26 28 si
981 3776 54 19 ces

257 3802 210 31 demoiselles
497 3802 210 39 possédaient
723 3802 31 31 le
764 3813 141 31 ..moyen
931 3804 40 30 de
1000 3816 34 19 se

255 3852 20 20 «
299 3842 190 39 capitonner
509 3853 20 19 »
555 3852 72 21 sans
653 3842 246 39 inconvénient,
932 3846 84 28 made-

255 3881 151 31 moiselle
424 3882 59 30 L...
502 3892 40 20 ne
559 3892 35 20 se
609 3882 98 30 serait
720 3892 56 31 pas
794 3883 142 39 exposée
951 3885 15 28 à
981 3895 37 19 en-

257 3922 113 31 tendre
385 3932 37 20 ce
436 3924 56 39 qui
506 3922 47 30 lui
572 3933 17 19 a
606 3924 51 28 été
686 3924 150 38 répondu
849 3924 31 28 le
909 3924 67 30 soir
991 3915 40 39 cTe

255 3961 32 32 la
315 3963 174 39 répétition
519 3961 154 40 générale
703 3963 41 30 du
763 3961 113 31 Tribut
907 3963 37 30 de
966 3965 45 30 Za-

256 4012 103 21 mora.

298 4043 48 31 Ce
361 4043 65 31 soir
442 4042 41 38 là,
510 4043 64 31 elle
589 4042 106 31 s'était
711 4042 111 38 assise,
840 4054 43 20 un
901 4044 130 39 instant,

257 4094 53 19 sur
327 4082 46 31 les
387 4093 131 31 genoux
535 4083 39 30 de
587 4083 45 31 M.
648 4083 80 38 X...,
742 4083 78 30 dans
835 4083 31 30 la
879 4084 154 37 coulisse,

257 4133 40 21 en
320 4123 167 30 attendant
511 4133 64 31 que
602 4123 32 28 le
659 4123 261 31 divertissement
947 4135 64 20 com-

255 4165 138 35 mençât.

348 4204 28 30 A
393 4204 116 40 charge
527 4205 40 30 de
582 4205 159 30 revanche
751 4205 6 30 !
785 4204 113 31 fit-elle
931 4214 38 20 en
997 4217 34 19 se

255 4244 122 32 levant.

351 4284 67 32 Ah!
446 4284 81 31 mais
553 4287 87 27 non!
672 4285 124 39 riposta
811 4285 113 30 l'autre
940 4286 73 30 vive-

256 4328 100 28 ment,
373 4324 37 34 Je
424 4324 59 31 n'ai
498 4335 56 26 pas
570 4324 94 31 envie
681 4325 100 30 d'être
797 4325 137 35 empalé.

296 4460 65 28 Son
376 4460 126 30 maillot
515 4460 100 31 tendu
632 4469 72 20 sans
722 4469 41 20 un
794 4461 56 39 pli,
937 4467 92 26 avant

256 4499 148 31 d'enfiler
418 4502 84 27 cette
523 4505 86 25 sorte
639 4500 40 30 de
706 4500 252 41 jupon-caleçon
989 4502 40 31 de

255 4540 211 37 mousseline,
484 4540 143 30 bouffant
656 4550 61 21 aux
744 4541 156 38 hanches,
927 4543 102 31 fermé

254 4580 168 30 au-dessus
435 4579 43 31 du
493 4590 119 30 genou,
630 4580 56 39 qui
703 4580 145 39 rappelle
863 4580 32 31 le
921 4586 90 34 panta-

255 4619 56 31 lon
326 4619 41 30 de
383 4630 60 20 nos
458 4630 139 21 zouaves
619 4625 33 25 et
671 4620 57 39 qui
758 4622 124 38 répond
911 4631 38 20 au
971 4623 58 39 joli

254 4659 84 39 petit
352 4670 76 20 nom
444 4661 213 31 harmonieux
669 4661 41 30 de
725 4663 72 27 tutu
814 4671 41 20 ou
870 4671 109 31 cousu,

254 4700 32 31 la
300 4698 159 32 danseuse
476 4701 136 31 chausse
627 4710 51 20 ses
696 4701 184 30 cothurnes.

296 4739 81 31 D'où
405 4740 32 30 le
465 4740 136 31 vocable
620 4749 9 21 :
652 4740 96 41 faire
769 4750 59 20 son
855 4742 170 40 chausson,

254 4788 84 31 pour
358 4780 151 40 désigner
524 4785 89 26 toute
644 4783 85 27 cette
752 4782 105 38 partie'
881 4782 130 39 prélimi-

254 4820 90 31 naire
358 4820 40 30 de
413 4820 32 30 la
459 4819 136 32 toilette.

296 4860 64 31 Ces
377 4860 203 37 chaussures,
596 4871 43 20 ou
654 4861 188 35 chaussons,
860 4867 74 26 sont
945 4863 83 32 divi-

1113 301 73 30 sées
1201 309 41 20 en
1258 299 77 32 trois
1345 300 98 30 séries
1460 307 8 22 :
1485 299 47 31 les
1540 304 96 37 puce,
1646 299 48 30 les
1703 296 122 39 blancs,
1838 298 48 31 les

1115 340 105 33 chair.
1238 340 104 40 Après
1357 340 94 31 s'être
1468 340 84 30 servi
1567 340 79 30 trois
1662 340 64 30 fois
1750 340 40 28 de
1806 339 66 30 l'an-

1115 380 126 39 cienne,
1257 381 31 30 le
1298 380 86 39 sujet
1454 380 81 40 petit
1552 390 43 21 ou
1606 380 100 39 grand
1773 389 18 20 a
1804 379 85 30 droit

1115 423 18 28 à
1147 431 65 20 une
1225 422 87 39 paire
1328 431 104 20 neuve
1448 422 40 30 de
1505 422 187 30 chaussons.
1708 419 52 31 On
1776 420 111 38 répète

1116 465 33 26 et
1163 462 65 30 l'on
1246 463 110 28 étudie
1374 471 40 20 en
1429 463 177 28 chaussons
1618 464 81 37 puce
1719 469 41 20 ou
1779 459 109 31 blancs

1115 507 96 35 ayant
1239 502 72 40 déjà
1336 503 94 30 servi.
1444 502 86 30 Pour
1557 502 32 28 le
1615 510 97 20 menu
1728 500 96 30 fretin
1846 500 43 30 du

1119 552 93 30 corps
1225 542 40 30 de
1283 542 110 39 ballet,
1411 542 46 31 les
1472 546 78 35 puce
1565 552 41 20 ne
1630 546 74 25 sont
1733 549 138 20 renouve-

1116 583 70 30 lées
1225 582 148 40 qu'après
1408 582 70 32 huit
1512 581 275 40 représentations
1801 589 9 31 ;
1840 581 48 28 les

1117 624 111 30 blancs
1245 628 33 25 et
1293 624 47 30 les
1356 622 92 31 chair
1462 625 92 38 après
1571 622 58 31 six.

1160 664 40 30 La
1225 663 194 40 prodigalité
1434 663 83 31 n'est
1531 673 58 28 pas
1612 666 235 34 extravagante.

1160 704 211 39 Cependant,
1404 713 59 20 nos
1504 703 130 30 fillettes
1645 726 8 14 ,
1682 702 207 40 ingénieuses

1120 754 125 21 comme
1261 744 47 31 les
1350 744 116 40 ephyrs
1482 744 39 30 de
1545 748 92 25 notre
1652 744 106 28 armée
1775 742 99 30 d'Afri-

1120 795 74 30 que,
1213 784 182 32 trouvaient
1421 794 119 31 moyen
1565 784 40 30 de
1630 787 115 26 mettre
1760 783 41 27 de
1818 782 73 30 côté

1121 816 158 48 quelques
1297 824 104 40 paires
1417 826 39 30 de
1473 824 188 38 chaussons,
1680 822 136 40 qu'elles
1845 831 31 20 re-

1119 865 176 31 vendaient
1309 875 83 30 pour
1411 875 44 19 un
1467 875 65 30 peu
1548 863 144 39 d'argent
1716 862 39 31 de
1770 862 118 39 poche.

1161 905 292 32 L'administration
1469 905 154 30 s'alarma.

1160 946 54 30 On
1232 946 59 30 tint
1306 946 135 35 conseil,
1457 950 32 26 et
1505 945 20 30 il
1541 946 48 28 fut
1604 944 115 30 décidé
1734 953 64 30 que
1821 943 53 30 cha-

1120 996 84 20 cune
1219 986 39 30 de
1273 996 52 20 ces
1343 986 207 30 demoiselles
1565 985 99 30 aurait
1680 993 59 20 son
1761 986 130 34 compte

1121 1025 40 31 de
1176 1028 190 30 chaussures
1382 1032 113 25 ouvert
1505 1036 38 20 au
1558 1025 143 39 magasin
1716 1033 7 26 ;
1741 1032 63 32 que
1821 1018 53 33 cha-

1122 1077 64 30 que
1199 1067 89 39 paire
1304 1068 39 28 de
1359 1077 53 19 ces
1427 1067 201 37 chaussures,
1645 1064 109 40 quelle
1768 1072 63 31 que
1844 1063 48 30 fût

1121 1117 34 19 sa
1172 1107 145 39 couleur,
1332 1107 156 39 porterait
1500 1116 43 20 un
1558 1107 137 30 numéro
1711 1103 128 32 d'ordre
1874 1104 17 27 à

1122 1147 188 39 l'intérieur,
1325 1152 32 25 et
1387 1147 78 40 qu'il
1493 1149 74 26 n'en
1584 1146 96 30 serait
1708 1143 124 32 délivré
1852 1142 39 31 de

1121 1196 124 20 neuves
1259 1198 63 30 que
1338 1192 112 26 contre
1467 1186 28 31 la
1524 1187 115 30 remise
1665 1186 57 28 des
1747 1182 144 38 vieilles;

1122 1237 64 30 que
1205 1233 52 24 cet
1271 1228 155 39 échange,
1453 1227 98 35 enfin,
1580 1226 94 30 serait
1701 1225 171 39 soigneuse-

1121 1272 91 25 ment
1226 1269 156 39 consigné
1398 1278 53 20 sur
1465 1278 43 19 un
1520 1267 136 39 registre
1682 1264 131 40 spécial,
1840 1273 53 19 sur

1121 1306 109 40 lequel
1256 1312 92 26 toute
1363 1309 157 30 danseuse
1539 1306 183 41 apposerait
1736 1315 59 20 son
1818 1313 76 20 nom

1121 1345 40 32 èn
1176 1349 113 37 regard
1304 1349 41 28 du
1362 1350 135 27 numéro
1509 1349 56 28 des
1581 1348 176 30 chaussons
1766 1354 113 35 rappor-

1117 1389 51 30 tés
1186 1391 32 25 et
1232 1390 201 37 emportés...

1160 1429 66 28 Son
1243 1437 87 26 nom,
1402 1439 43 21 ou
1460 1440 35 20 sa
1512 1428 90 31 croix
1613 1428 48 39 !,,,

1625 1501 24 20 P.
1662 1504 34 19 DE
1715 1504 143 21 TRAILLES

1121 1617 37 61 A
1206 1617 292 67 THAYERS
1539 1620 74 64 LA
1662 1625 231 65 PRESSE

1157 1794 28 32 11
1214 1795 93 32 reste
1336 1796 118 41 avéré,
1473 1800 123 40 depuis
1630 1804 261 39 quarante-huit

1117 1834 141 39 heures,
1278 1844 66 32 que
1362 1835 33 32 la
1409 1840 159 33 révision
1592 1841 85 32 était
1693 1852 48 21 un
1768 1852 74 32 cap,
1861 1846 30 31 et

1116 1883 69 32 que
1213 1876 46 32 M.
1291 1873 41 34 de
1358 1877 193 43 Freycinet
1578 1881 44 31 l'a
1650 1883 129 33 doublé
1808 1892 83 25 avec

1117 1923 46 26 un
1208 1915 136 34 certain
1391 1918 162 34 bonheur
1591 1923 32 30 et
1661 1922 151 40 quelque
1846 1925 31 31 ai-

1115 1962 116 24 sance.

1154 1994 162 37 Certains
1329 2000 113 32 même
1469 2003 169 39 poussent
1652 2003 34 32 la
1702 2006 169 39 comparai-

1113 2042 66 25 son
1202 2035 143 44 jusqu'à
1361 2040 86 32 citer
1463 2041 50 32 les
1530 2042 124 33 chutes
1671 2042 47 33 du
1739 2043 152 41 Niagara

1113 2075 35 32 et
1179 2078 163 33 estiment
1367 2088 67 32 que
1461 2081 34 31 le
1519 2081 84 33 chef
1628 2082 47 33 du
1704 2083 144 33 Cabinet
1873 2094 18 24 a

1088 2118 1 48 ,
1245 2127 63 24 sur
1343 2119 32 32 la
1403 2120 105 32 corde
1534 2121 107 39 raide,
1674 2126 143 39 portant
1858 2126 33 32 la

1114 2154 175 37 Chambre
1304 2166 60 25 sur
1381 2167 54 25 ses
1452 2160 142 40 épaules
1607 2173 8 25 ;
1643 2164 40 32 de
1700 2164 34 32 là
1748 2165 19 31 à
1798 2165 74 40 ajou-

1115 2197 52 31 ter
1181 2205 67 32 que
1264 2199 33 32 la
1311 2199 175 32 Chambre
1514 2203 57 31 n'a
1591 2211 63 32 pas
1682 2204 117 40 bougé
1828 2213 63 32 par

1113 2237 136 33 crainte
1263 2238 46 32 du
1323 2238 102 41 péril,
1454 2239 24 32 il
1494 2242 59 40 n'y
1570 2251 20 21 a
1604 2251 63 32 pas
1682 2244 72 32 loin
1768 2256 7 26 ;
1800 2252 91 25 nous

1110 2283 45 25 ne
1186 2285 130 24 savons
1343 2280 115 32 même
1486 2290 64 32 pas
1565 2283 28 31 si
1611 2283 191 41 quelqu'un
1833 2287 58 31 n'a

1109 2323 63 31 pas
1187 2319 141 32 insinué
1344 2328 69 32 que
1429 2320 33 33 la
1478 2322 165 40 majorité
1668 2323 93 32 avait
1778 2323 111 35 fermé

1109 2355 52 33 les
1175 2366 109 32 yeux.

1149 2398 90 37 Quoi
1254 2400 84 40 qu'il
1362 2407 44 26 en
1421 2401 78 39 soit,
1518 2401 33 32 la
1578 2404 139 33 bataille
1744 2406 53 31 est
1830 2414 39 31 ga-

1109 2439 106 38 gnée,
1232 2446 177 33 personne
1431 2441 60 39 n'y
1520 2444 184 39 contredit,
1721 2445 33 32 là
1779 2446 53 31 est
1856 2446 32 32 le

1107 2478 102 39 point
1238 2479 189 40 essentiel;
1457 2483 43 31 de
1522 2484 150 40 quelque
1701 2492 81 25 nom
1819 2494 69 31 que

1107 2517 165 46 s'appelle
1287 2520 33 31 le
1336 2519 126 41 destin,
1481 2531 45 24 on
1540 2531 45 24 ne
1600 2525 83 39 peut
1700 2525 77 31 nier
1801 2525 84 40 qu'il

1106 2559 87 31 n'ait
1207 2559 59 40 agi
1281 2569 86 22 avec
1389 2562 255 34 bienveillance
1674 2565 34 32 et
1730 2565 136 32 considé-

1108 2598 115 31 ration
1237 2608 90 32 pour
1341 2601 51 31 les
1408 2602 146 34 intérêts
1570 2611 44 25 en
1636 2606 181 39 présence.

1147 2639 92 38 Bref,
1258 2642 76 31 tout
1349 2640 33 33 le
1397 2642 128 33 monde
1537 2644 53 31 est
1605 2643 159 39 satisfait,
1779 2654 44 24 ou
1837 2647 47 32 du

1106 2686 117 25 moins
1238 2680 76 33 tout
1328 2681 33 32 le
1376 2682 130 32 monde
1526 2683 32 32 le
1587 2683 61 39 dit,
1678 2685 106 32 chose
1814 2687 70 31 fort

1108 2719 222 40 appréciable
1343 2733 11 26 ;
1382 2721 51 33 les
1462 2722 80 33 bras
1572 2725 80 31 sont
1669 2725 162 40 fatigués,
1851 2727 33 32 et

1104 2757 52 33 les
1185 2759 177 33 boucliers
1377 2764 80 31 sont
1474 2764 133 32 tombés
1622 2764 19 32 à
1654 2766 106 31 terre.

1144 2799 48 31 Le
1208 2802 132 37 Rappel
1355 2802 180 33 lui-même
1551 2804 61 32 fait
1630 2805 96 33 trêve
1739 2805 33 33 et
1794 2805 89 33 offre

1103 2844 39 26 sa
1156 2841 200 33 neutralité.
1375 2843 126 33 Mais...
1517 2851 59 25 car
1591 2844 24 32 il
1628 2854 25 31 y
1669 2854 19 24 a
1706 2854 44 24 un
1765 2850 91 28 mais
1871 2857 8 21 :

1141 2911 90 30 Pour
1244 2913 128 30 obtenir
1382 2915 85 28 cette
1479 2916 262 37 neutralité,—la
1752 2920 110 28 neutra-

1103 2947 58 30 lité
1178 2949 38 27 de
1235 2949 168 30 l'extrême
1419 2952 128 34 gauche
1612 2959 63 28 que
1695 2960 83 22 nous
1794 2954 71 30 affir-

1102 2989 93 22 mons
1220 2983 47 30 lui
1284 2985 69 31 être
1368 2983 252 39 indispensable,
1636 2988 46 28 M.
1695 2989 38 28 de
1749 2989 111 35 Freycl-

1102 3020 56 27 net
1173 3020 52 27 n'a
1239 3027 59 27 pas
1320 3027 64 21 une
1400 3021 96 30 tâche
1511 3022 73 30 bien
1604 3024 142 37 difficile,
1761 3032 58 22 car
1848 3027 22 27 il

1102 3054 81 28 n'est
1198 3061 59 28 pas
1273 3063 38 22 en
1326 3056 71 30 face
1414 3058 206 35 d'exigences
1630 3059 74 30 bien
1715 3061 155 34 grandes.

1101 3089 51 30 On
1168 3097 38 21 ne
1222 3091 46 28 lui
1285 3092 157 30 demande
1459 3099 58 30 pas
1528 3094 38 28 de
1573 3096 233 34 portefeuilles,
1813 3105 59 27 pas

1102 3125 39 28 de
1156 3125 119 35 places.
1293 3126 50 31 On
1355 3128 46 30 lui
1417 3130 167 34 demande,
1602 3137 63 21 non
1681 3138 58 27 pas
1754 3128 111 34 de'cou

1098 3162 48 28 rir
1162 3162 96 34 après
1274 3164 86 28 cette
1389 3176 11 11 «
1419 3165 184 34 popularité
1618 3165 116 31 factice
1754 3178 9 13 »
1798 3170 76 33 qu'il

1100 3203 20 21 a
1134 3197 112 28 raison
1264 3198 38 28 de
1331 3198 189 38 dédaigner,
1539 3202 83 27 mais
1649 3203 40 27 de
1720 3209 33 22 se
1776 3203 102 31 livrer

1101 3239 80 24 avec
1198 3240 43 22 un
1257 3241 61 27 peu
1333 3235 73 34 plus
1417 3236 39 27 de
1473 3237 164 30 confiance
1654 3237 19 28 à
1688 3246 35 21 ce
1739 3242 138 27 courant

1097 3268 39 28 de
1153 3268 155 34 l'opinion
1323 3269 154 38 publique
1493 3273 54 34 qui
1563 3274 313 37 n'entraînejamais

1098 3311 60 27 que
1188 3305 46 27 les
1265 3305 193 31 téméraires
1482 3308 51 34 qui
1552 3308 176 37 s'épuisent
1746 3311 19 28 à
1781 3311 31 30 le
1827 3319 32 21 re-

1098 3340 162 30 monter...

1136 3412 89 31 Tout
1241 3412 83 39 cela,
1343 3413 34 31 et
1393 3422 38 24 ce
1447 3415 59 44 qui
1525 3417 79 37 suit,
1623 3418 52 31 est
1690 3425 67 32 peu
1774 3418 97 39 clair,

1095 3458 70 33 peu
1180 3448 167 44 explicite
1362 3465 7 26 ;
1387 3455 89 32 mais
1492 3456 96 32 enfin
1610 3456 21 32 il
1646 3465 25 31 y
1695 3465 20 24 a
1729 3465 123 34 suspen-

1095 3491 78 32 sion
1189 3490 219 41 d'hostilités,
1427 3495 33 31 la
1480 3496 97 32 seule
1592 3496 105 33 chose
1728 3497 125 34 intéres-

1094 3533 99 31 sante
1206 3540 70 32 que
1291 3542 87 24 nous
1395 3542 111 33 ayons
1521 3536 19 31 à
1557 3536 148 33 relever.

1134 3625 70 8 -—
1254 3611 43 31 Lt
1311 3609 139 34 l'Union
1465 3612 244 41 républicaine,
1727 3614 27 32 si
1772 3614 99 43 âpre,

1094 3647 27 32 si
1144 3650 124 32 acerhe
1299 3659 90 32 pour
1416 3653 77 31 tout
1519 3653 32 32 le
1579 3654 139 35 monde,
1749 3654 123 43 depuis

1094 3689 151 41 quelque
1260 3691 124 40 temps,
1404 3692 59 39 qui
1480 3691 78 33 hier
1574 3702 126 25 encore
1716 3703 38 24 se
1762 3697 107 32 serait

1094 3729 136 33 arrêtée
1238 3738 44 24 au
1294 3731 86 32 bord
1390 3731 43 33 de
1447 3739 39 24 sa
1493 3733 99 31 route
1606 3733 167 40 solitaire,
1783 3744 87 32 pour

1094 3769 175 32 vociférer
1291 3771 120 32 contre
1441 3771 32 32 le
1500 3772 154 40 premier
1682 3776 135 32 moulin
1852 3777 20 32 à

1094 3810 96 37 vent,
1219 3809 11 31 l
1233 3809 123 33 'Union,
1387 3810 249 40 républicaine,
1708 3815 44 31 eh
1763 3816 104 33 bien!

1090 3847 139 34 l'Union
1244 3850 240 37 républicaine
1499 3853 79 31 n'en
1605 3855 84 31 veut
1706 3855 79 39 plus
1800 3865 70 24 aux

1091 3888 156 40 députés,
1266 3891 64 31 elle
1344 3891 33 32 le
1398 3892 146 38 déclare,
1563 3894 165 39 souligne
1753 3904 40 24 sa
1808 3895 39 33 dé-

1091 3927 181 34 claration.
1342 3932 54 31 Au
1415 3932 124 32 travail
1552 3935 6 27 !
1583 3933 183 33 crie-t-elle
1780 3935 90 33 dans

1091 3977 63 22 son
1198 3969 125 40 désert,
1364 3972 90 31 cette
1489 3972 118 33 feuille
1643 3981 167 33 rageuse,
1835 3979 33 30 et

1090 4010 139 31 montre
1250 4018 67 25 une
1341 4012 130 39 perche
1567 4012 78 32 hier
1676 4015 115 33 c'était
1820 4025 47 24 un

1094 4049 112 41 trique
1218 4051 48 32 !...

1127 4121 47 30 La
1202 4123 144 28 revision
1376 4124 52 28 est
1459 4123 222 39 abandonnée,
1708 4133 85 22 nous
1824 4136 39 20 ne

1089 4162 150 28 pouvons
1266 4159 73 35 plus
1362 4159 72 30 rien
1463 4167 21 27 y
1514 4160 91 37 faire,
1623 4168 142 27 passons
1792 4170 56 22 con-

1089 4193 202 35 damnation,
1315 4194 32 28 et
1375 4201 69 22 aux
1473 4196 111 28 autres
1609 4196 170 31 réformes.
1795 4199 69 28 Oue

1089 4227 33 30 la
1147 4228 158 30 Chambre
1329 4237 33 21 se
1390 4231 156 37 rattrape,
1578 4233 112 33 qu'elle
1721 4235 143 34 marche,

1089 4264 115 35 qu'elle
1218 4267 91 25 court
1324 4266 73 35 (?...)
1415 4266 27 28 si
1465 4266 60 28 elle
1550 4267 28 28 le
1605 4270 87 33 peut.
1726 4269 85 31 C'est
1835 4271 31 28 le

1089 4299 70 30 seul
1187 4306 117 30 moyen
1332 4302 39 28 de
1401 4309 39 21 ne
1455 4309 58 28 pas
1534 4304 157 28 entendre
1708 4311 120 24 sonner
1845 4306 20 30 à

1089 4342 52 22 ses
1170 4336 126 28 oreilles
1313 4343 124 22 comme
1454 4338 58 27 des
1537 4338 72 37 glas
1635 4339 151 30 funèbres
1815 4343 48 27 les

1088 4370 84 30 trois
1188 4374 11 21 '«
1232 4371 69 30 rien
1330 4372 81 37 rien,
1428 4372 67 30 rien
1517 4385 8 12 »
1545 4375 38 28 de
1609 4374 51 30 feu
1693 4376 150 30 Desmous-

1087 4413 105 24 seaux
1207 4408 38 28 de
1261 4408 107 28 Givré.

1128 4469 26 33 0
1170 4468 142 34 Charles
1329 4469 161 43 Floquet!
1507 4472 112 41 préfet
1649 4474 58 39 qui
1741 4474 122 40 planez

1085 4508 30 32 si
1147 4509 85 32 haut
1259 4519 60 24 sur
1345 4511 53 32 les
1426 4511 123 33 chutes
1564 4512 60 32 des
1641 4513 217 40 ministères,

1085 4558 89 24 vous
1188 4559 69 34 que
1271 4550 137 33 l'Union
1426 4552 234 37 républicaine
1676 4553 98 33 renie
1798 4554 19 32 à
1828 4554 35 32 la

1084 4589 196 41 quatrième
1292 4590 148 34 colonne
1454 4592 33 32 et
1504 4592 148 41 repêche
1682 4593 20 32 à
1729 4593 34 32 la
1791 4594 53 32 cin-

1085 4629 148 40 quième,
1266 4631 106 32 est-ce
1398 4639 87 25 vous
1515 4632 58 40 qui
1606 4645 11 15 «
1649 4633 175 32 autorisez
1847 4648 11 15 »

1083 4670 144 39 pareille
1254 4670 189 33 infraction
1473 4672 265 39 grammaticale
1752 4670 5 41 !
1793 4675 44 32 Ou-

1084 4717 80 25 vrez
1193 4709 19 32 à
1248 4719 57 24 ces
1345 4710 149 40 gens-là,
1522 4711 35 40 je
1584 4721 91 24 vous
1704 4715 151 40 supplie,

1082 4749 52 32 les
1148 4749 133 32 trésors
1296 4752 41 31 de
1350 4760 63 22 vos
1429 4752 259 41 bibliothèques
1701 4762 156 25 commit-
1890 4749 1 44 ■

1083 4789 115 32 nales!
1218 4791 34 31 et
1269 4791 120 32 veillez
1404 4801 61 22 sur
1479 4801 65 24 eux
1561 4795 7 30 !

1123 4886 104 9 -——
1243 4872 48 31 La
1306 4872 208 39 République
1528 4874 189 38 française,
1753 4876 102 38 après

1943 298 98 33 avoir
2056 298 155 33 enfermé
2224 298 35 32 le
2275 298 148 45 résistât
2452 298 41 32 de
2507 298 35 33 la
2562 298 150 41 journée

1942 338 268 43 parlementaire
2226 338 86 33 dans
2322 338 163 33 l'axiome
2497 339 139 33 suivant
2648 350 8 21 :

1981 409 47 27 La
2037 407 180 28 résolution
2231 409 43 26 du
2288 405 34 30 26
2333 406 132 34 janvier
2478 407 135 28 émanée
2628 409 39 28 de
2680 409 32 30 la

1943 443 152 31 minorité
2111 443 122 30 d'entre
2248 443 47 28 les
2322 442 220 35 républicains
2557 444 50 30 est
2623 443 69 31 écar-

1943 480 52 30 tée
2010 478 308 37 dédaigneusement
2331 484 60 28 par
2407 480 31 27 le
2452 478 139 30 cabinet.

1984 541 145 34 Conclut
2139 552 7 20 :

1982 611 46 27 La
2042 608 161 30 Chambre
2217 615 20 24 a
2254 607 105 30 donné
2388 607 110 30 raison
2515 617 43 21 au
2574 609 138 30 cabinet.

1945 646 90 28 Nous
2050 644 63 30 l'en
2141 645 128 28 louons.
2300 643 84 30 Mais
2402 650 39 22 en
2465 644 104 31 même
2597 646 115 37 temps,

1944 687 84 22 nous
2053 681 177 34 craignons
2251 686 61 28 que
2328 685 35 22 ce
2379 680 86 34 vote,
2481 681 178 34 rapproché
2676 683 37 27 de

1944 717 33 28 la
1994 716 145 30 fameuse
2153 715 191 35 résolution,
2360 722 41 22 ne
2418 717 142 33 rappelle
2575 723 40 22 au
2633 724 79 28 pays

1944 754 47 27 les
2007 752 86 27 deux
2119 750 162 30 décisions
2309 751 273 30 contradictoires
2609 754 43 27 du
2680 754 43 28 26-

1942 788 131 37 janvier
2089 788 34 28 et
2141 787 161 35 peut'ôtre
2329 787 91 28 aussi
2454 787 46 28 les
2531 788 105 30 trente
2666 795 31 22 or-

1945 824 73 27 dres
2033 823 43 28 du
2086 823 78 35 jour
2178 829 59 30 par
2264 822 141 35 lesquels
2421 829 43 22 ou
2484 829 19 22 a
2526 823 187 31 vainement

1945 859 128 35 essayé,
2081 859 31 28 le
2125 860 18 26 9
2157 857 185 35 novembre,
2354 859 39 27 de
2404 859 69 27 dire
2487 865 35 22 ce
2536 860 93 34 qu'on
2641 866 54 28 pen-

1946 895 64 28 sait
2024 895 56 28 des
2095 893 131 31 affaires
2237 894 38 28 de
2287 893 144 30 Tunisie.
2444 894 89 30 Cette
2544 894 168 37 Chambre,

1946 930 211 35 décidément,
2173 937 41 21 ne
2229 930 117 28 trouve
2360 935 58 30 pas
2441 928 183 31 facilement
2641 931 59 28 l'ex-

1945 965 148 37 pression
2122 965 38 30 de
2177 972 37 22 sa
2241 964 128 37 pensée,
2389 966 133 35 excepté
2555 966 158 35 peut-être

1945 1002 185 34 lorsqu'elle
2145 1002 100 34 prend
2262 1000 41 28 M.
2327 1000 159 30 Gatineau
2497 1009 84 27 pour
2595 1009 59 22 son
2669 1003 30 30 in-

1943 1035 152 39 terprète.

1987 1106 102 32 Peste
2100 1106 6 31 !
2125 1113 66 32 que
2209 1104 92 33 voilà
2315 1104 61 33 des
2502 1104 5 40 '

1988 1146 117 38 Aussi,
2504 1142 37 45 j'a
2617 1142 63 45 FL

1945 1185 109 41 jours,
2073 1186 34 31 et
2122 1185 41 32 de
2179 1178 33 39 la
2228 1194 12 9 v
2241 1168 5 58 -
2327 1196 14 20 r
2343 1189 17 12 J
2363 1195 22 19 '-
2499 1168 136 45 dépend
2662 1173 60 34 des

1946 1226 87 31 tirne
2047 1233 69 27 que
2131 1225 21 19 v
2216 1237 6 5 -
2237 1224 19 26 e
2259 1217 61 25 ens
2323 1211 39 32 êô
2375 1217 20 26 a
2414 1217 193 37 exprimer.
2639 1214 18 31 J
2670 1224 34 24 es-

1948 1266 70 32 tain
2139 1259 32 20 ±A
2185 1245 172 38 Chambre
2373 1253 56 30 sut
2458 1252 178 41 exprimer
2650 1263 54 25 cer-

1949 1315 12 12 ,
2006 1293 154 34 ..-jours
2173 1293 39 27 sa
2231 1290 309 43 pensée,puisque,
2557 1302 90 32 pour
2667 1293 43 34 l'a-

1962 1331 73 25 voir
2059 1328 184 39 entendue,
2269 1330 45 31 M.
2346 1330 182 34 Gambetta
2549 1335 98 32 court
2673 1335 50 32 les

1956 1365 154 40 grandes
2126 1369 118 32 routes
2259 1369 19 31 à
2293 1369 135 34 l'heure
2443 1372 159 33 actuelle.

2124 1448 76 33 Une
2231 1450 69 31 très
2328 1452 71 31 fine
2425 1452 149 33 boutade
2603 1453 43 32 de
2673 1453 47 34 M.

1954 1486 124 40 Henry
2091 1489 111 31 Maret
2217 1498 65 24 sur
2288 1491 33 32 la
2329 1491 161 33 moralité
2500 1493 43 32 de
2555 1493 32 32 la
2598 1494 122 33 séance

1954 1525 41 32 de
2010 1525 281 44 l'interpellation
2307 1530 131 33 Granet
2456 1543 7 20 :

1989 1602 61 31 Les
2066 1609 60 25 uns
2144 1605 139 30 disaient
2301 1615 6 20 :
2333 1617 8 13 «
2361 1607 33 30 Si
2411 1613 81 24 nous
2509 1610 117 28 votons
2642 1617 80 30 pour

1952 1638 30 28 le
1996 1638 182 38 ministère,
2199 1648 84 22 nous
2300 1648 103 24 avons
2418 1643 73 31 l'air
2510 1645 38 28 de
2562 1644 83 30 faire
2660 1648 61 28 bon

1954 1675 133 28 marché
2107 1677 38 27 de
2159 1676 32 30 la
2220 1677 124 37 dignité
2365 1680 38 27 de
2432 1680 33 28 la
2491 1680 169 39 Chambre,
2689 1683 32 30 et

1952 1717 81 21 nous
2049 1711 255 30 déconsidérons
2334 1714 28 28 le
2391 1714 125 37 régime
2543 1717 158 34 parlemen-

1955 1746 90 28 taire.
2065 1759 9 13 »

1989 1782 60 28 Les
2061 1785 110 27 autres
2187 1783 217 37 répliquaient
2421 1793 6 19 :
2460 1798 11 13 »
2491 1787 89 30 Nous
2608 1789 33 28 la
2670 1791 33 28 dé-

1952 1817 210 31 considérons
2178 1819 72 31 bien
2268 1821 185 35 davantage
2465 1824 25 27 si
2506 1830 83 25 nous
2602 1825 117 31 votons

1951 1854 124 34 contre,
2106 1861 57 22 car
2191 1863 41 21 on
2268 1856 149 31 s'écriera
2446 1858 79 28 dans
2556 1859 30 30 le
2614 1866 80 30 pays
2712 1854 5 41 :

1954 1900 9 13 »
1985 1890 92 28 Cette
2093 1890 158 31 Chambre
2276 1899 39 21 ne
2346 1894 74 33 peut
2451 1896 172 34 supporter
2652 1903 50 30 per-

1949 1928 112 31 sonne,
2081 1937 9 13 •
2109 1933 76 21 sans
2200 1928 145 34 compter
2360 1935 60 28 que
2438 1935 80 24 nous
2535 1930 122 31 faisons
2673 1933 45 28 les

1949 1961 132 28 affaires
2096 1962 39 28 de
2151 1962 181 31 Gambetta.
2353 1974 8 13 »

2039 1996 73 33 Oui,
2131 1997 209 35 répondaient
2361 2000 46 28 les
2424 2002 176 33 premiers:
2631 2004 83 30 mais

1949 2033 46 27 les
2010 2033 162 37 principes
2184 2035 13 27 ?

2037 2068 61 30 Les
2132 2069 162 37 principes
2328 2078 39 25 n,e
2393 2073 72 30 sont
2499 2073 91 35 point
2620 2082 78 27 enga-

1948 2104 69 35 gés.

2037 2139 47 31 Si!
2104 2140 39 30 ils
2158 2141 32 28 le
2205 2143 85 27 sont.

2034 2176 44 28 Le
2092 2179 259 32 gouvernement
2366 2179 202 35 prétcndque
2583 2189 81 21 nous
2676 2190 39 21 ne

1948 2217 119 22 savons
2083 2218 58 28 pas
2157 2219 35 21 ce
2209 2220 60 27 que
2285 2220 81 21 nous
2381 2222 104 22 avons
2502 2217 84 28 voté.

2037 2248 25 27 11
2079 2254 19 21 a
2112 2248 112 30 raison
2238 2258 6 21 ;
2261 2249 83 28 mais
2356 2257 37 21 ce
2406 2250 83 30 n'est
2511 2258 59 28 pas
2587 2252 18 28 à
2620 2254 45 28 lui
2678 2254 37 30 de

1946 2282 28 27 le
1988 2282 78 28 dire.

1977 2317 51 28 On
2043 2320 109 28 aurait
2167 2320 154 28 continué
2336 2321 84 30 ainsi
2437 2323 142 34 pendant
2597 2324 116 34 quinze

1942 2352 103 37 jours,
2057 2355 93 33 qu'on
2166 2356 141 28 n'aurait
2315 2362 59 30 pas
2389 2357 50 28 été
2456 2359 72 33 plus
2543 2360 132 30 avancé.

1982 2389 41 27 M.
2055 2389 123 31 Granet
2202 2398 19 21 a
2254 2391 47 30 dit
2323 2392 227 32 d'excellentes
2575 2395 133 38 choses,

1945 2425 41 28 M.
2006 2425 37 27 de
2060 2425 171 37 Kreycinet
2261 2428 99 34 aussi,
2381 2428 44 28 M.
2441 2430 150 35 Lockroy
2608 2433 99 37 aussi,

1943 2461 32 27 et
2003 2460 118 35 j'avais
2146 2469 43 21 un
2219 2463 107 28 voisin
2360 2464 53 34 qui
2450 2464 47 30 les
2525 2467 163 34 applaudis-

1943 2496 65 30 sait
2027 2496 92 38 tous,
2140 2498 171 35 quoiqu'ils
2334 2498 125 31 fassent
2474 2502 74 28 d'un
2563 2503 71 28 avis
2655 2504 43 30 dif-

1943 2531 113 30 férent.

1977 2567 44 30 M.
2039 2568 122 30 Granet
2177 2569 99 30 disait
2293 2577 7 19 :

2031 2603 116 30 Portez
2158 2606 94 28 notre
2268 2606 105 37 projet
2389 2607 38 28 de
2443 2608 146 31 revision
2603 2617 43 22 au
2659 2611 34 30 Sé-

1941 2639 66 28 nat.

2021 2675 158 33 Qu'est-ce
2189 2683 60 27 que
2261 2683 81 21 vous
2354 2678 112 30 voulez
2478 2686 61 28 que
2556 2680 26 35 je
2593 2683 92 33 porte
2698 2685 11 26 ?

1939 2711 172 34 répondait
2127 2712 44 28 M.
2197 2713 39 28 de
2264 2712 184 37 Freycinet.
2473 2715 102 30 Votre
2603 2717 105 37 projet

1941 2746 138 28 n'existe
2093 2754 70 27 pas.

2027 2783 161 30 Portez-le
2216 2784 73 30 tout
2326 2784 38 30 de
2393 2785 115 38 même,
2537 2789 171 35 répliquait

1938 2816 162 38 Lockroy.

1974 2854 39 27 Et
2028 2854 63 28 l'on
2108 2861 19 21 a
2143 2854 54 30 fini
2213 2861 58 30 par
2300 2855 93 31 voter
2409 2858 94 33 qu'on
2519 2854 188 39 jiermettait

1937 2895 40 21 au
1995 2891 259 33 gouvernement
2269 2891 39 28 de
2336 2898 40 21 ne
2406 2893 91 34 point
2525 2894 31 30 le
2584 2897 111 33 porter

1936 2930 126 28 pourvu
2080 2926 74 34 qu'il
2185 2926 57 30 eût
2269 2926 183 32 l'intention
2469 2929 38 30 de
2536 2931 30 27 le
2595 2933 112 33 porter

1936 2960 72 28 tout
2023 2960 38 28 de
2078 2961 112 30 même.

1975 3022 43 32 Et
2041 3024 45 32 M.
2118 3024 124 41 Henry
2276 3026 111 33 Maret
2422 3027 80 32 s'est
2536 3027 145 35 abstenu
2696 3034 7 28 !

1935 3063 164 33 Combien
2130 3064 61 32 ont
2219 3065 91 31 suivi
2354 3074 63 24 son
2453 3069 158 40 exemple
2647 3072 58 40 qui

1935 3102 174 33 n'avaient
2124 3112 60 32 pas
2199 3112 64 25 son
2281 3106 107 40 esprit
2404 3109 6 30 !

2060 3200 17 11 -
2093 3184 46 32 M.
2158 3184 142 32 Camille
2329 3187 158 33 Pelietan
2517 3197 84 24 aura
2616 3190 90 35 donc

1935 3222 86 32 beau
2039 3223 92 32 crier
2146 3223 19 32 à
2178 3224 34 32 la
2228 3224 172 34 Chambre
2415 3239 8 20 :

1968 3299 86 30 C'est
2070 3306 37 22 sa
2124 3300 158 35 première
2296 3301 90 30 faute
2401 3304 175 35 capitale...
2590 3313 64 24 une
2665 3309 39 27 de

1931 3341 53 21 ces
2000 3334 106 30 fautes
2131 3337 93 34 qu'on
2257 3343 60 24 ne.
2326 3339 146 35 rattrape
2502 3348 78 30 pas;
2610 3344 33 30 et
2673 3345 31 30 la

1931 3370 169 38 Chambre,
2119 3371 91 31 hélas
2223 3373 7 28 !
2248 3373 65 28 s'en
2328 3380 187 28 apercevra.

1969 3442 209 41 N'empêche
2194 3445 126 40 qu'une
2354 3454 124 33 grosse
2502 3448 165 37 difficulté
2683 3461 19 25 a

1930 3482 52 32 été
2013 3483 146 38 écartée,
2186 3484 159 34 enterrée
2374 3487 136 40 même;
2549 3489 22 32 il
2600 3491 103 40 s'agit

1930 3523 216 32 maintenant
2167 3523 43 33 de
2224 3524 158 41 changer
2398 3526 96 41 d'air,
2512 3530 34 32 et
2562 3530 137 34 demain

1930 3561 24 33 il
1969 3562 60 40 n'y
2044 3563 155 39 paraîtra
2215 3565 90 40 plus.

2415 3615 76 21 PAUL
2517 3613 129 24 DELÉAGE

1958 3726 63 57 LA
2059 3726 233 59 CHAMBRE
2330 3729 90 58 DUS
2461 3722 216 67 DÉPUTÉS

1970 3878 96 32 Deux
2078 3879 139 33 heures.
2235 3881 46 32 M.
2296 3882 130 40 Lepère
2456 3883 237 44 vice-préside,

1928 3917 73 32 tout
2013 3917 65 33 fier
2093 3919 143 33 d'étaler
2250 3930 43 24 au
2309 3922 145 33 fauteuil
2471 3933 63 24 son
2550 3925 86 41 gilet
2653 3935 43 26 en

1924 3965 98 24 cœur
2037 3959 34 31 et
2087 3958 32 33 le
2134 3959 157 41 plastron
2317 3961 151 33 éclatant
2497 3965 41 32 de
2565 3974 37 24 sa
2617 3967 58 33 che-

1924 4005 87 24 mise
2041 3998 80 32 bien
2152 4002 170 39 empesée.
2347 4003 64 32 Sur
2440 4002 51 34 les
2517 4005 118 40 bancs,
2650 4007 44 33 ils

1924 4038 78 31 sont
2017 4039 148 32 environ
2183 4049 67 24 une
2265 4042 185 39 quinzaine
2478 4044 43 33 de
2550 4046 143 41 députés

1924 4077 58 40 qui
2002 4080 142 32 causent
2160 4080 60 33 des
2233 4081 125 41 petites
2374 4083 138 34 affaires
2543 4085 41 33 de
2601 4088 92 32 leurs

1923 4119 330 34 arrondissements.
2265 4121 52 32 On
2335 4131 35 22 se
2387 4123 142 34 croirait
2544 4124 86 34 dans
2646 4136 47 25 un

1923 4157 112 32 cercle
2050 4157 43 33 de
2108 4160 178 39 province.

1962 4198 46 32 M.
2033 4196 41 33 de
2088 4200 318 41 Baudry-d'Asson,
2430 4212 87 32 pour
2544 4206 149 34 divertir

1924 4245 45 24 un
1998 4245 66 33 peu
2093 4247 57 24 ses
2178 4241 190 40 collègues,
2381 4244 151 34 s'amuse
2558 4246 20 32 à
2600 4247 89 33 faire

1924 4285 65 24 une
2004 4279 229 33 rectification
2250 4290 39 24 au
2307 4284 260 39 procès-verbal
2593 4287 43 32 de
2659 4287 34 33 la

1920 4318 124 31 séance
2069 4319 243 34 d'avant-hier.
2329 4323 28 31 Il
2386 4323 201 43 développe,
2607 4328 64 32 mal-

1920 4358 64 38 gré
2001 4357 51 32 les
2067 4358 120 33 efforts
2203 4361 46 32 du
2263 4362 181 40 président
2460 4365 33 31 et
2511 4369 48 28 les
2576 4368 94 32 excla-

1919 4398 151 32 mations
2087 4398 41 33 de
2146 4398 163 43 l'élégant
2323 4404 47 31 M.
2382 4403 305 44 IlippolyteMaze,

1919 4444 69 25 une
2002 4439 235 41 interruption
2252 4442 84 31 dont
2352 4443 25 32 il
2393 4444 80 32 s'est
2490 4446 110 32 rendu
2610 4456 60 24 cou-

1917 4476 102 40 pable
2048 4478 33 32 la
2112 4480 117 33 veille.
2245 4483 46 31 M.
2307 4482 41 32 de
2379 4483 188 41 Freycinet
2596 4489 93 31 avait

1918 4517 136 33 déclaré
2069 4519 83 40 qu'il
2169 4528 44 24 ne
2228 4522 143 39 pouvait
2381 4532 202 32 gouverner
2597 4528 73 39 qu'a-

1918 4565 63 22 vec
1996 4557 33 32 la
2042 4559 162 40 majorité
2220 4563 41 31 de
2277 4561 33 32 la
2341 4563 161 41 majorité
2537 4567 132 40 républi-

1917 4597 110 38 caine,
2043 4600 200 33 autrement
2256 4600 50 33 dit
2321 4611 79 24 sans
2433 4604 124 43 l'appui
2588 4607 43 32 de
2654 4607 35 32 la

1917 4636 111 33 droite
2043 4646 9 24 :
2068 4639 47 32 M.
2133 4639 44 33 de
2191 4642 306 40 Baudry-d'Asson
2517 4646 80 39 jure
2627 4656 61 24 sur

1916 4685 39 22 sa
1968 4677 89 33 belle
2070 4680 107 32 barbe
2203 4681 98 33 noire
2323 4693 69 31 que
2407 4685 90 32 cette
2526 4685 161 43 majorité

1916 4724 44 25 ne
1975 4719 80 32 s'est
2068 4727 64 32 pas
2145 4722 206 32 rencontrée
2363 4723 87 33 dans
2463 4724 33 32 la
2510 4727 123 32 séance
2643 4728 44 32 de

1916 4757 97 32 lundi
2028 4759 45 38 et,
2089 4768 90 32 pour
2194 4761 33 32 le
2239 4770 167 32 prouver,
2422 4763 25 33 il
2463 4766 67 33 cite
2554 4766 32 33 le
2601 4767 70 33 chif-

1916 4796 50 33 fre
1989 4796 59 33 des
2066 4801 138 32 votants
2218 4802 59 40 qui
2307 4804 60 32 ont
2392 4805 80 32 voté
2492 4806 129 33 l'ordre
2640 4807 46 33 du

1910 4837 83 40 jour
2022 4838 41 32 de
2087 4840 189 34 confiance.
2290 4843 48 32 M.
2355 4844 132 41 Lepère
2512 4854 110 25 sonne
2653 4848 34 32 et

1913 4885 112 25 sonne
2047 4887 138 32 encore,
2202 4881 87 33 mais
2308 4884 46 31 M.
2372 4884 41 32 de
2431 4885 254 38 Baudry-d'As-

2767 311 64 24 son
2844 304 97 40 parle
2955 305 172 43 toujours.
3144 308 31 32 Il
3190 318 45 25 ne
3250 311 115 32 craint
3384 311 89 40 rien,
3490 313 53 33 cet

2767 343 170 40 héroïque
2954 346 142 40 Breton,
3113 357 63 32 pas
3190 350 116 33 môme
3321 360 69 33 que
3404 351 32 34 le
3451 361 67 24 mar-

2767 383 80 32 teau
2872 383 43 33 de
2944 385 35 32 la
3004 386 171 35 clochette
3203 390 50 33 lui
3275 391 118 33 tombe
3423 402 60 24 sur
3510 393 33 33 la

2767 423 69 33 tête
2859 425 35 31 et
2923 425 129 35 vienne
3077 428 92 39 jeter
3198 429 32 33 le
3260 428 168 37 désordre
3456 431 86 35 dans

2769 471 39 24 sa
2819 464 188 34 chevelure
3022 467 293 37 admirablement
3331 471 118 34 huilée
3465 475 6 30 !

2809 506 112 40 Après
2936 506 54 33 cet
3005 506 156 35 incident
3178 510 174 41 comique,
3361 513 31 32 le
3407 515 115 38 procès-

2769 543 120 33 verbal
2904 548 53 30 est
2972 546 135 43 adopté.
3123 550 46 31 M.
3184 550 132 46 Lepère
3331 553 53 32 est
3398 554 76 32 tout
3489 562 54 30 es-,

2770 583 133 33 soufflé.
2929 586 31 31 Il
2985 586 86 43 jette
3100 596 61 24 sur
3175 589 52 33 les
3241 592 107 32 bancs
3364 592 98 34 vides
3478 593 61 35 des

2770 624 146 41 regards
2933 626 164 34 attristés.
3117 643 12 13 «
3146 630 52 32 On
3215 630 87 34 n'est
3312 640 64 33 pas
3390 641 41 24 en
3443 643 73 24 nom-

2769 663 63 33 bre
2843 666 6 30 !
2872 676 9 15 »
2902 669 247 32 murmure-t-il
3164 677 85 25 avec
3270 680 47 22 un
3348 673 131 41 soupir.
3496 674 45 32 Et

2770 704 22 31 il
2823 704 76 41 prie
2928 707 222 43 «.messieurs
3169 722 11 15 »
3213 710 51 32 les
3298 711 171 35 huissiers
3497 715 43 32 de

2769 744 138 33 vouloir
2921 745 79 33 bien
3018 748 86 32 aller
3118 750 249 34 raccolerdans
3383 754 50 33 tes
3442 754 97 33 coins

2769 784 61 32 des
2845 785 151 33 couloirs
3009 787 52 33 les
3077 788 143 43 députés
3234 798 201 37 paresseux,
3448 795 34 31 et
3495 803 43 24 au

2769 824 120 33 besoin
2907 826 43 32 de
2965 827 124 33 mettre
3099 836 44 24 en
3154 831 159 40 pratique
3330 830 31 34 le
3374 837 143 34 œmpeJ'

2769 865 148 33 ihtrare.
3459 865 5 33 .
3483 868 60 24 «««•*

2809 905 106 32 Entre
2930 907 122 40 temps.
3073 905 5 43 î
3086 905 5 43 '
3112 905 5 43 '
3126 905 4 43 '

2770 944 100 33 lettre
2885 945 43 32 de
2946 947 26 17 M
3052 974 7 5 .
3078 964 25 8 -
3120 947 63 41 pce
3200 938 41 35 ds
3256 945 61 28 son
3333 941 120 32 carton
3470 944 67 30 une

2770 985 34 31 M
2826 984 22 19 r
2949 996 47 14 -•*-
3013 978 131 40 TiPàra,
3171 981 76 40 puis
3278 989 66 25 une
3372 980 99 34 attiré
3502 977 41 37 dé

2810 1042 15 7 ..
2836 1013 133 44 vvoblet,
2985 1015 69 41 Les,
3063 1015 92 38 deux
3171 1015 182 43 npuvèâux
3365 1018 178 35 nlinistres

2778 1054 155 37 donnent
2946 1058 133 34 chacun
3104 1059 74 33 leur
3194 1052 189 41 démission
3397 1061 43 32 de
3452 1061 73 35 vice-

2778 1095 178 41 président
2985 1101 41 31 6n
3050 1100 197 41 exprimant
3270 1100 76 34 leur
3376 1101 167 40 profonde

2779 1139 324 33 reconnaissance...
3136 1140 77 33 leur
3254 1141 146 41 parfaite
3435 1141 89 40 grati-

2778 1176 119 32 tude...
2915 1179 64 32 etc.
2996 1180 45 31 M.
3061 1181 43 31 de
3118 1181 118 41 Mahy,
3254 1181 158 32 ministre
3428 1189 41 24 ae
3487 1181 41 33 l'a-

2778 1217 203 40 griculture,
3009 1228 37 24 se
3074 1220 115 33 démet
3214 1221 196 41 également
3429 1221 43 32 de
3488 1230 54 26 ses

2779 1264 139 32 grasses
2933 1258 172 35 fonctions
3124 1260 41 33 de
3190 1263 175 39 questeur»
3385 1263 46 31 Le
3462 1263 80 39 père

2778 1297 128 33 Martin
2921 1299 143 33 Nadaud
3093 1309 35 25 se
3152 1299 102 35 frotte
3269 1299 50 35 les
3333 1300 123 34 inâins.
3475 1300 64 34 Ces

2778 1335 163 35 héritiers
2957 1341 78 31 sont
3051 1348 79 26 sans
3143 1341 136 41 pudeur
3289 1341 47 33 !...

2817 1377 53 32 On
2887 1378 115 33 arrive
3014 1380 19 33 à
3048 1374 124 39 l'ordre
3183 1381 44 32 du
3240 1381 91 41 jour.
3348 1383 92 31 Pour
3446 1390 67 24 com-

2778 1424 151 32 mencer,
2949 1420 61 32 des
3025 1420 131 41 projets
3181 1421 158 37 d'intérêt
3352 1421 99 34 local.
3470 1421 66 33 Pas

2778 1456 228 41 d'opposition
3013 1461 8 13 s
3022 1463 7 19 >
3053 1461 162 48 Adoptés.
3247 1461 27 32 Il
3305 1461 102 41 s'agit
3435 1461 83 34 d'em-

2777 1499 135 38 prunts,
2928 1499 78 33 rien
3030 1509 67 33 que
3124 1494 226 48 d'emprunts.
3374 1504 72 31 Bon
3480 1511 38 32 pu-

2778 1537 78 39 blic,
2874 1547 109 24 ouvre
2996 1541 60 31 ton
3071 1543 196 32 escarcelle.

2804 1587 5 50 _
2817 1587 97 33 Voici
2943 1589 149 43 quelque
3117 1589 104 35 chose
3235 1589 44 34 de
3293 1589 78 45 plus
3385 1591 150 34 sérieux.

2778 1626 87 33 C'est
2893 1637 69 24 une
2989 1630 215 41 proposition
3228 1631 143 33 tendant
3385 1632 19 31 à
3428 1632 87 32 modi-

2777 1667 64 32 fier
2855 1667 34 33 la
2907 1667 47 34 loi
2969 1669 43 32 de
3030 1672 74 30 1874
3119 1680 61 24 sur
3195 1671 246 41 l'hypothèque
3467 1681 46 25 ma-

2778 1706 125 34 ritime.
2929 1709 31 32 11
2982 1719 24 31 y
3032 1720 20 22 a
3080 1713 45 31 uii
3149 1713 243 33 amendement
3420 1713 41 32 de
3489 1714 45 32 M.

2777 1747 146 34 Gandin-,
2942 1749 46 32 Le
3004 1752 80 39 père
3099 1752 124 32 défend
3240 1760 61 25 son
3311 1753 126 38 enfant,
3449 1761 87 37 pour

2777 1786 112 43 lequel
2904 1785 24 37 il
2943 1791 152 39 éprouve
3109 1791 34 33 la
3156 1792 178 33 tendresse
3357 1792 45 33 du
3429 1792 105 34 hibou

2777 1824 40 34 de
2843 1827 32 32 la
2889 1830 102 33 fable.-
3006 1831 48 32 La
3067 1830 170 35 Chambre
3263 1832 124 33 trouve
3404 1832 28 32 le
3448 1841 66 22 mar-

2776 1870 71 30 mot
2875 1870 43 32 de
2944 1878 61 24 son
3038 1871 85 41 goût
3146 1883 6 19 :
3180 1872 65 33 elle
3272 1872 154 41 l'adopte,
3443 1873 93 32 Pour

2774 1907 76 38 plus
2867 1906 41 34 de
2921 1909 132 39 détails!,
3066 1912 171 32 consultez
3248 1911 21 33 l'
3274 1912 141 38 Officiel.
3429 1913 105 33 Outre

2773 1943 32 37 le
2819 1948 96 33 texte
2930 1949 41 33 de
2987 1949 32 33 la
3045 1952 228 40 proposition,
3295 1959 83 26 vous
3399 1962 24 31 y
3452 1954 81 32 lirez

2774 1987 73 33 tout
2862 1997 43 24 au
2921 1989 84 43 long
3021 1991 31 32 le
3066 1991 157 33 discours
3249 1993 79 33 d'un
3356 1993 178 33 monsieur

2774 2026 67 34 fort
2868 2036 118 33 grave,
3015 2029 67 34 fort
3106 2034 207 45 compétent,
3343 2033 191 41 répondant

2776 2075 41 25 au
2832 2074 83 30 nom
2937 2069 43 33 de
3005 2072 162 32 Bisseùil.
3182 2073 86 32 C'est
3286 2082 43 22 un
3359 2082 170 28 nouveau,

2772 2115 46 25 un
2830 2112 85 38 bleu,
2927 2119 136 25 comme
3078 2111 112 33 disent
3221 2113 48 32 les
3299 2113 231 46 troupiers.il

2772 2150 52 31 est
2835 2148 40 33 de
2891 2150 32 33 la
2937 2150 180 40 Charente,
3135 2153 47 32 M.
3198 2152 161 34 Bisseuil.
3378 2153 28 33 Il
3431 2163 19 22 a
3478 2154 54 33 été

2771 2190 111 32 avoué
2896 2190 21 32 à
2933 2191 144 39 Saintes,
3091 2192 40 32 de
3156 2191 91 34 sorte
3269 2193 102 41 qu'en
3399 2194 61 31 fait
3489 2194 43 32 de

2771 2229 228 40 conclusions,
3015 2232 24 31 il
3069 2241 43 24 ne
3138 2233 139 32 connaît
3292 2242 66 33 que
3376 2233 50 32 les
3449 2242 60 25 con-

2771 2267 150 35 clusions
2954 2284 9 15 «
2991 2274 208 39 grosseyées
3223 2287 26 19 ».
3280 2274 139 41 Ajoutez
3449 2274 83 41 qu'il

2770 2309 94 38 parle
2893 2311 102 33 d'une
3020 2313 80 32 voix
3124 2313 28 32 si
3171 2313 103 33 faible
3289 2314 81 41 qu'il
3386 2323 44 22 ne
3445 2323 64 22 sem-

2769 2346 56 34 ble
2849 2350 189 34 s'adresser
3052 2353 78 40 qu'à
3144 2353 34 33 la
3193 2354 113 32 bonne
3332 2354 124 32 femme
3487 2363 43 22 en

2770 2388 184 41 bas-relief,
3025 2392 33 32 la
3072 2393 211 33 Renommée
3308 2402 80 24 sans
3412 2394 115 38 doute,

2820 2430 71 40 qui,
2909 2431 107 34 collée
3039 2441 59 24 sur
3125 2433 32 32 le
3180 2433 139 33 marbre
3346 2441 112 34 rouge
3488 2434 41 32 de

2767 2469 32 32 la
2817 2470 150 40 tribune,
2981 2471 83 43 joue
3077 2472 40 33 de
3135 2473 31 32 la
3182 2470 183 45 trompette
3379 2476 85 31 dans
3481 2474 50 33 les

2766 2510 138 33 oreilles
2931 2512 60 32 des
3017 2513 423 34 secrétaires-rédacteurs
3461 2515 52 40 pla-

2766 2549 57 32 cés
2844 2551 19 31 à
2878 2561 37 24 sa
2927 2554 128 39 portée.

2805 2591 45 31 M.
2868 2591 148 34 Bisseuil
3025 2593 221 41 s'époumone
3263 2604 7 21 :
3288 2593 83 34 c'est
3380 2603 43 24 en
3436 2594 92 34 vain.

2765 2631 54 31 On
2836 2631 115 33 refuse
2967 2633 41 32 de
3019 2633 47 33 lui
3084 2634 116 40 prêter
3213 2635 33 31 la
3257 2648 11 15 «
3283 2634 246 34 bienveillante

2765 2672 167 32 attention
2950 2685 9 15 »
2980 2674 81 40 qu'il
3089 2674 159 34 réclame»
3280 2674 41 34 Et
3337 2675 194 41 cependant

2765 2708 215 37 l'assemblée
3004 2714 52 31 est
3070 2714 200 41 tranquille,
3299 2715 66 32 elle
3394 2724 43 25 ne
3467 2715 61 33 fait

2764 2757 61 33 pas
2842 2751 41 33 de
2897 2752 107 33 bruit.
3020 2750 76 37 Elle
3109 2756 126 31 entend
3250 2754 172 39 l'orateur,
3439 2756 89 33 mais

2765 2790 65 33 elle
2846 2799 43 25 ne
2902 2789 143 38 l'écoute
3058 2802 72 33 pas.
3148 2794 142 33 Celui-ci
3317 2796 211 33 l'entretient

2763 2832 165 38 pourtant
2955 2833 60 33 des
3046 2835 170 39 mystères
3233 2835 41 32 de
3291 2835 32 32 la
3338 2835 190 41 procédure

2764 2871 41 32 de
2822 2884 9 15 «
2849 2871 126 34 l'ordre
2989 2887 22 26 »,
3027 2874 60 32 des
3104 2877 91 30 actes
3211 2875 143 32 d'avoué
3371 2875 19 32 à
3404 2875 120 39 avoué,

2764 2911 60 33 des
2839 2913 138 33 affaires
2993 2914 204 38 ordinaires,
3215 2915 60 31 des
3285 2913 141 34 affaires
3436 2924 67 22 som-

2763 2952 141 39 maires,
2919 2953 45 32 du
2976 2954 351 41 juge-commissaire,
3341 2954 46 33 du
3398 2956 111 31 défaut-

2758 2991 102 41 joint,
2878 2994 64 31 etc.
2956 2994 129 33 Nourri
3102 2995 87 31 dans
3209 2995 34 31 la
3262 2995 161 35 basoche,
3441 2995 24 33 il
3482 3004 44 25 en

2761 3033 141 32 connaît
2915 3034 52 31 les
2980 3034 139 31 détours
3136 3037 33 28 et
3184 3035 50 30 les
3249 3035 143 30 ficelles.

2799 3080 47 33 M.
2862 3081 151 39 Durand,
3032 3084 122 32 auteur
3180 3083 43 33 de
3255 3084 33 32 la
3311 3083 214 47 proposition

2761 3122 32 31 et
2810 3123 214 39 rapporteur,
3044 3123 125 34 défend
3196 3124 52 32 les
3280 3124 185 32 tribunaux
3483 3125 41 31 de

2759 3169 196 25 commerce
2967 3164 119 32 contre
3103 3164 48 31 les
3168 3164 234 33 insinuations
3419 3165 43 32 de
3477 3165 46 32 M.

2759 3201 158 40 Bisseuil,
2929 3202 59 41 qui
3001 3204 157 32 voudrait
3174 3204 80 32 bien
3318 3213 208 31 voyez-vous

2759 3241 33 33 le
2818 3242 131 45 perfide
2961 3241 5 46 !
2983 3243 224 34 —attribuer
3236 3253 69 22 aux
3337 3243 187 34 tribunaux

2759 3281 102 33 civils
2876 3282 33 32 la
2930 3283 249 32 connaissance
3196 3283 60 32 des
3275 3298 11 14 «
3295 3281 5 34 '
3313 3283 119 32 ordres
3451 3296 9 14 »
3480 3292 43 24 en

2758 3321 145 33 matière
2924 3322 256 44 d'hypothèque
3193 3324 185 38 maritime,
3454 3324 52 32 his-

2758 3360 89 33 toire
2863 3361 40 33 de
2927 3363 170 33 favoriser
3116 3363 51 34 les
3196 3365 138 37 avoués,
3365 3373 54 22 ses
3444 3373 59 24 con-

2759 3402 123 38 frères,
2898 3411 44 24 au
2956 3403 178 43 préjudice
3150 3404 59 33 des
3224 3405 135 40 agréés,
3385 3412 58 24 ces
3464 3412 39 25 en-

2759 3442 190 34 nemis-nés
2969 3443 61 33 des
3059 3443 220 34 basochiens.
3306 3445 47 32 M.
3372 3444 149 39 Durand,

2759 3490 84 24 avec
2864 3483 61 32 des
2941 3484 154 32 sourires
3110 3484 223 40 vainqueurs,
3353 3493 113 37 venge
3482 3484 41 33 de

2757 3522 117 32 toutes
2888 3522 51 33 les
2962 3523 156 40 attaques
3138 3537 9 14 «
3168 3524 32 32 le
3215 3523 125 33 monde
3357 3533 143 24 commer-

2756 3561 64 33 cial
2833 3562 167 33 moderne
3020 3575 25 20 ».
3060 3565 46 32 M.
3125 3565 143 32 Durand
3282 3563 181 43 l'emporte
3477 3565 45 38 et,

2756 3609 84 25 avec
2850 3602 59 39 lui,
2926 3602 33 32 le
2968 3604 128 32 monde
3112 3605 221 32 commercial
3345 3604 177 33 moderne.

2754 3643 46 31 M.
2831 3643 150 32 Bisseuil
3017 3644 100 33 mord
3154 3644 33 32 la
3222 3644 219 39 poussière...
3476 3644 46 32 du

2754 3681 113 41 greffe
2883 3683 79 33 d'où
2978 3683 24 33 il
3031 3685 52 31 est
3110 3684 84 33 issu.
3226 3686 168 31 Honneur
3409 3685 20 31 à
3451 3684 53 33 Bis-

2754 3722 90 34 seuil
2858 3723 230 34 malheureux
3100 3722 5 37 !
3130 3725 66 32 Les
3216 3725 215 33 trente-neuf
3443 3724 64 32 arti-

2753 3764 72 31 cles
2837 3762 43 33 de
2893 3762 34 33 la
2935 3763 222 41 proposition
3171 3765 78 32 sont
3267 3765 107 32 votés.

2792 3811 183 32 Entr'acte.
2994 3813 136 32 M.Paul
3144 3814 84 32 Bert
3248 3814 118 32 monte
3380 3813 21 32 à
3416 3813 32 32 la
3464 3811 44 33 tri-

2753 3849 93 33 bune
2857 3859 92 32 pour
2961 3860 24 32 y
3001 3852 145 40 déposer
3162 3861 54 22 ses
3231 3853 139 32 fameux
3379 3852 141 41 projets.

2752 3889 47 32 Us
2813 3891 79 32 sont
2907 3899 44 24 au
2968 3892 145 32 nombre
3129 3892 41 32 de
3189 3892 84 32 trois
3287 3902 7 19 :
3313 3892 33 32 le
3361 3892 155 40 premier

2752 3938 20 22 a
2785 3938 86 32 pour
2891 3931 94 40 objet
3012 3931 181 33 l'exercice
3215 3932 117 41 public
3358 3933 46 32 du
3428 3932 93 33 culte

2752 3970 197 41 catholique
2962 3980 41 22 en
3020 3973 131 31 France
3164 3984 6 25 ;
3188 3972 33 33 le
3235 3972 139 38 second,
3392 3972 34 32 la
3441 3980 60 33 sup-

2750 4010 159 40 pression
2931 4011 61 32 des
3014 4012 144 32 facultés
3190 4012 41 32 de
3262 4012 176 40 théologie
3467 4020 35 25 ca-

2748 4050 194 41 tholiques:
2975 4051 32 32 le
3037 4051 190 40 troisième,
3252 4052 265 40 l'organisation

2750 4090 43 31 de
2807 4090 292 47 l'enseignement
3122 4091 178 41 primaire.
3322 4091 196 41 L'urgence

2748 4130 52 31 est
2816 4130 165 32 accordée
2995 4131 20 31 à
3025 4140 39 24 ce
3079 4131 139 32 dernier
3233 4133 126 40 projet.

2789 4169 27 32 il
2831 4170 53 32 est
2896 4169 84 41 cinq
2994 4170 139 33 heures.
3151 4172 142 33 L'ordre
3306 4173 45 32 du
3361 4172 81 40 jour
3457 4181 38 35 ap-

2746 4208 92 40 pelle
2852 4209 34 32 la
2900 4209 196 34 discussion
3112 4220 60 24 sur
3185 4211 34 33 la
3233 4212 97 43 prise
3345 4221 43 24 en
3405 4212 93 33 consi-

2746 4244 157 38 dération
2920 4251 43 31 de
2974 4251 33 32 la
3020 4252 216 40 proposition
3254 4253 41 31 de
3306 4254 46 31 M.
3367 4253 151 32 Barodet

2746 4289 145 33 relative
2902 4299 43 22 au
2952 4290 270 43 dépouillement
3235 4292 282 40 desprofessions

2746 4329 43 32 de
2805 4330 46 31 foi
2882 4330 157 34 débitées
3067 4339 69 25 aux
3162 4332 150 40 nigauds
3341 4341 70 24 aux
3441 4332 57 33 der-

2746 4369 117 32 nières
2877 4370 180 33 élections.
3076 4372 46 31 M.
3141 4372 148 45 Naquet,
3307 4372 207 45 rapporteur

2746 4409 41 32 de
2804 4409 34 32 la
2850 4409 227 34 commission
3089 4411 188 39 d'iniative,
3288 4414 93 30 avait
3392 4411 123 32 conclu

2745 4456 43 25 au
2803 4449 87 45 rejet,
2904 4457 67 32 pur
2987 4452 33 31 et
3035 4450 123 43 simple
3172 4452 43 32 de
3229 4450 33 32 la
3275 4452 229 43 proposition.

2745 4489 128 40 Depuis
2884 4489 84 39 lors,
2987 4491 24 31 il
3025 4492 80 31 s'est
3122 4492 115 32 ravisé
3253 4501 8 20 :
3270 4493 99 31 autre
3384 4493 125 40 temps,

2745 4532 98 30 autre
2859 4531 136 41 Naquet
3007 4531 5 46 !
3031 4531 28 32 Il
3079 4531 97 33 vient
3193 4541 37 22 se
3249 4533 177 34 confesser
3451 4540 41 37 pu-

2744 4569 215 41 bliquement
2975 4571 33 32 et
3030 4571 335 41 demander-pardon
3393 4572 20 32 à
3429 4570 87 35 Dieu

2744 4610 33 31 et
2804 4618 67 22 aux
2901 4610 162 33 hommes
3092 4611 133 33 d'avoir
3255 4612 170 32 méconnu
3455 4620 39 24 na-

2744 4650 110 38 guère
2868 4650 51 32 les
2933 4651 210 33 excellentes
3158 4651 191 33 intentions
3361 4652 43 32 de
3420 4652 91 32 l'ami

2743 4690 161 32 Barodet.

2783 4730 72 32 Peu
2870 4730 70 32 s'en
2959 4730 70 32 faut
3044 4740 66 32 que
3125 4731 32 32 le
3167 4731 107 41 jeune
3295 4733 33 31 et
3346 4731 87 33 beau
3449 4734 43 31 Na-

2741 4769 83 40 quet
2838 4778 45 25 ne
2894 4769 67 33 soit
2972 4770 141 43 rappelé
3122 4772 21 32 à
3152 4772 137 33 l'ordre.
3307 4772 27 32 11
3346 4781 44 22 ne
3400 4772 115 33 craint

2740 4817 61 33 pas
2811 4808 193 40 d'avancer,
3014 4813 32 31 le
3057 4812 195 38 téméraire,
3268 4821 66 32 que
3347 4812 33 32 la
3392 4812 98 33 Cham-

2740 4851 73 35 bre,
2831 4850 209 40 avant-hier,
3057 4852 80 32 s'est
3152 4852 149 41 déjugée
3332 4860 43 25 en
3402 4854 93 31 enter-

2740 4890 78 31 rant
2835 4890 33 32 la
2883 4891 154 33 revision
3053 4893 100 35 après
3172 4892 123 33 l'avoir
3314 4893 98 32 volée
3424 4892 31 33 le
3470 4893 39 31 2(1

3594 308 150 47 janvier.
3755 313 111 34 Àssuf
3867 312 125 41 èment,
4004 308 32 39 ie
4043 314 105 41 jeune
4157 311 34 37 et
4200 314 87 33 beau
4298 314 44 33 Na-

3598 356 84 40 quet
3697 353 133 37 t'avoue
3844 363 136 32 encore,
3998 353 32 37 la
4055 353 217 45 proposition
4300 354 43 33 Ba-

3599 390 99 39 rodet
3713 398 51 32 est
3781 405 43 26 en
3840 397 197 43 opposition
4064 404 84 26 avec
4176 394 115 32 toutes
4313 394 50 33 les

3596 436 187 35 traditions
3826 437 289 44 parlementaires
4127 463 12 18 r
4153 463 6 5 -
4180 458 98 30 mais,
4306 456 57 32 ôes

3598 476 195 41 traditions,
3811 484 105 32 est-ce
3928 487 67 38 que
4011 484 32 34 la
4057 484 170 39 Chambre
4251 500 44 26 ne
4313 491 50 38 les

3598 523 19 25 a
3632 523 61 27 ms
3724 517 197 39 elle-même
3952 523 130 35 foulées
4110 536 44 26 au
4183 529 77 41 pied
4277 529 69 39 lors-

3596 565 48 31 qu
3656 559 65 32 elle
3737 568 19 25 a
3772 560 113 37 donné
3911 573 38 24 sa
3964 565 176 37 Confiance
4154 579 44 25 au
4224 572 139 38 cabinet

3595 637 20 32 à
3628 602 200 72 ootramce/
3841 609 39 26 CG
3893 604 136 37 câbillet
4043 608 63 32 del
4109 609 6 11 '
4119 618 15 24 a
4135 609 13 38 >i
4154 620 19 22 o
4178 617 185 37 umemer)t

3596 730 11 15 c
4058 693 299 48 ênergiquement.

3593 775 39 5 -
3646 743 63 50 Si»'
3718 777 38 7 -
3771 764 77 30 Non
3867 770 6 20 t
3869 737 22 24 n
3894 738 20 22 °
3919 738 19 24 U
3941 771 31 13 -
4124 749 20 34 P
4149 749 35 24 as
4195 742 41 32 dé
4238 751 9 32 J
4254 751 20 22 u
4278 750 25 33 S
4304 743 38 32 és
4350 745 6 28 !

3593 797 19 20 w
3617 807 33 20 nr
3650 807 31 14 ,„
3693 785 6 5 '
3711 801 6 9 >
3804 775 45 30 oli
3867 794 6 15 '
3888 787 38 7 ~
3941 785 50 27 01!
4074 777 79 37 Nion
4167 782 6 30 !
4247 783 113 32 Venez

3713 829 32 22 ie
3772 822 152 39 ppôhver
3952 820 20 32 à
4000 821 32 33 la
4061 821 149 39 tribune,
4239 822 120 34 s'écrie

3596 860 47 33 M.
3659 860 236 38 Olémenceau,
3913 861 33 32 et
3957 860 37 41 je
4010 869 56 25 me
4076 862 132 40 charge
4221 862 41 33 de
4273 872 86 24 vous

3598 895 208 46 répondrez

3637 941 30 32 A
3681 943 57 31 cës
3754 934 100 43 mots,
3881 940 50 33 les
3946 943 178 38 escargots
4153 933 45 41 du
4227 944 129 35 centre,

3599 981 73 32 tout
3692 980 135 41 surpris
3855 980 137 32 d'avoir
4006 984 59 30 osé
4095 984 155 31 montrer
4265 981 94 34 leurs

3599 1029 132 30 cornes,
3752 1020 157 33 rentrent
3922 1020 86 33 dans
4024 1020 76 33 leur
4123 1023 159 40 coquille.
4311 1023 45 33 M.

3598 1062 139 41 Lepère,
3752 1062 20 32 à
3787 1070 63 25 son
3862 1062 90 38 tour,
3969 1062 124 33 s'élève
4108 1064 119 32 contre
4243 1063 51 33 les
4304 1071 37 33 pa-

3598 1101 91 33 roles
3704 1102 46 32 du
3761 1101 106 40 jeune
3881 1102 34 31 et
3930 1101 87 33 beau
4030 1103 145 44 Naquet,
4193 1103 59 40 qui
4280 1111 58 24 con-

3598 1142 70 32 clut
3683 1149 41 25 en
3739 1142 155 32 donnant
3909 1149 38 25 sa
3961 1142 188 33 démission
4166 1134 41 41 de
4217 1150 120 33 rappor-

3598 1182 87 32 teur.
3702 1182 28 32 Il
3744 1189 45 25 ne
3804 1182 83 32 veut
3900 1182 78 40 plus
4011 1182 150 32 éreinter
4189 1182 161 39 Barodet,

3596 1230 39 26 ce
3647 1221 69 33 bon
3730 1221 161 33 Barodet.
3907 1221 86 32 Vive
4009 1222 148 32 Barodet
4169 1221 5 34 !
4193 1224 137 32 Embras-

3596 1269 193 31 sons-nous,
3804 1257 149 38 Barodet
3966 1263 7 31 !
3991 1263 47 31 Là
4067 1263 215 41 préposition
4305 1265 52 32 ëst

3596 1303 174 40 renvoyée
3785 1302 19 32 à
3820 1302 32 32 la
3867 1302 223 33 commission
4107 1312 112 24 veuve
4233 1304 43 32 de
4291 1312 63 25 son

3595 1344 214 40 rapporteur,
3828 1351 38 22 ce
3881 1342 83 33 dont
3979 1351 130 33 enrage
4124 1343 31 32 le
4178 1343 178 41 fougueux

3594 1383 177 40 Langlois.
3789 1382 47 33 La
3860 1382 194 33 discussion
4068 1383 145 33 viendra
4226 1384 130 33 samedi

3593 1423 180 40 prochain.

3633 1463 52 32 On
3715 1462 123 41 adopte
3865 1470 125 25 encore
4004 1470 80 25 sans
4106 1462 194 34 discussion
4325 1465 33 32 la

3594 1502 59 38 loi,
3678 1505 100 31 votée
3801 1512 60 32 par
3895 1502 31 33 le
3959 1504 120 38 Sénat,
4117 1504 144 33 relative
4289 1513 70 24 aux

3593 1543 109 33 droits
3717 1543 60 32 des
3807 1543 136 33 enfants
3966 1544 63 32 nés
4056 1552 45 24 en
4114 1540 133 37 France
4277 1544 80 34 d'un

3593 1584 81 40 père
3689 1584 176 40 étranger,
3873 1583 189 34 naturalisé
4072 1585 100 40 après
4182 1584 77 34 leur
4267 1584 71 33 nais-

3593 1632 112 28 sance,
3718 1625 84 31 —et
3813 1623 83 34 c'est
3906 1623 74 33 fini.

3631 1664 144 38 Notons,
3813 1671 87 32 pour
3934 1664 73 33 être
4050 1664 165 40 complet,
4251 1664 104 47 qu'au

3593 1711 99 25 cours
3710 1703 41 32 de
3764 1703 33 32 la
3813 1704 123 32 séance
3951 1703 32 33 le
4011 1703 161 33 ministre
4187 1704 43 32 dô
4247 1704 12 32 1
4273 1706 67 31 inté-

3593 1743 93 32 rieur
3702 1752 20 24 a
3750 1743 126 41 déposé
3906 1753 46 22 un
3979 1743 113 41 projet
4119 1743 48 33 de'
4188 1744 44 32 loi
4264 1744 78 32 attri-

3592 1782 107 33 buant
3718 1789 70 26 aux
3816 1783 149 33 conseils
3989 1783 224 43 municipaux
4240 1785 32 32 la
4299 1794 39 22 no-

3591 1822 169 33 mination
3782 1824 60 32 des
3865 1824 126 33 maires
4017 1825 60 32 des
4093 1821 206 37 chefs-lieux
4313 1820 43 37 de

3591 1863 249 41 département,
3879 1861 332 35 d'arrondissement
4241 1866 34 31 et
4313 1866 43 31 de

3591 1905 136 37 canton,
3743 1903 33 33 et
3791 1911 67 33 que
3885 1904 178 41 l'urgence
4082 1915 20 22 a
4128 1906 53 32 été
4207 1905 148 38 refusée,

3591 1943 135 41 malgré
3741 1944 51 32 les
3804 1944 248 41 supplications
4069 1945 41 32 de
4124 1945 81 32 MM.
4221 1945 136 40 Naquet

3589 1984 33 32 et
3639 1984 159 37 Delattre,
3822 1984 19 32 à
3870 1985 33 31 la
3932 1984 211 40 proposition
4174 1984 112 35 de,M.
4315 1984 41 33 de

3588 2023 103 33 Janzé
3759 2023 93 33 réélu
3870 2023 22 33 il
3908 2033 22 32 y
3948 2033 21 24 a
3984 2024 122 40 quinze
4115 2024 100 41 jours
4231 2033 60 25 sur
4305 2023 51 33 les

3589 2066 159 39 rapports
3764 2063 60 32 des
3840 2063 223 41 compagnies
4078 2065 43 32 de
4135 2063 158 34 chemins
4312 2065 44 32 de

3589 2104 51 31 fer
3672 2112 81 24 avec
3780 2101 93 34 leurs
3902 2106 123 39 agents
4052 2105 302 33 commissionnès.

3588 2144 51 33 On
3669 2152 37 24 se
3733 2144 152 41 rappelle
3913 2152 67 33 que
4009 2146 87 31 cette
4139 2145 215 41 proposition

3587 2184 92 32 avait
3719 2184 53 32 été
3826 2184 185 40 repoussée
4063 2193 61 31 par
4161 2185 194 33 l'ancienne

3587 2223 182 33 Chambre.

3626 2264 30 33 À
3672 2264 143 33 samedi.

4063 2308 131 21 GUSTAVE
4214 2309 86 20 PIMTA

3593 2414 240 79 Autour
3873 2414 76 78 du
3989 2414 360 81 Parlement

3628 2593 57 31 Les
3702 2591 129 43 régions
3847 2590 262 44 parlementaires
4130 2598 73 26 sont
4220 2594 129 40 calmes,

3591 2639 32 25 et
3637 2633 78 31 c'est
3725 2635 15 27 à
3757 2634 96 40 peine
3869 2635 26 28 si
3911 2633 64 32 l'on
3992 2634 87 40 parle
4094 2635 40 30 de
4148 2634 185 41 l'interpella-

3591 2675 67 28 tion
3674 2674 39 30 de
3729 2674 31 30 la
3774 2673 98 31 veille
3902 2680 31 24 et
3948 2674 61 34 des.
4033 2675 157 30 incidents
4214 2685 54 31 qui
4296 2680 53 26 ont

3588 2714 131 39 marqué
3735 2714 31 30 la
3781 2715 126 28 séance.
3922 2714 45 30 En
3986 2724 133 30 somme,
4133 2725 139 31 presque
4285 2726 48 28 per-

3588 2764 102 21 sonne
3705 2765 40 19 ne
3762 2753 124 31 doutait
3900 2754 41 30 du
3958 2756 111 30 succès
4081 2754 41 31 du
4131 2754 176 39 ministère,
4320 2760 28 25 et

3587 2794 22 31 il
3624 2804 41 20 ne
3679 2794 132 39 pouvait
3824 2805 20 30 y
3861 2794 87 30 avoir
3979 2794 165 39 beaucoup
4172 2794 176 31 d'émotion

3587 2835 31 30 là
3630 2844 44 20 ou
3699 2833 169 40 l'imprévu
3888 2833 104 31 faisait
4020 2836 254 39 complètement
4298 2836 34 31 dé-

3583 2876 77 28 faut.

3622 2915 191 40 Cependant
3830 2915 157 40 quelques
4006 2915 196 31 discussions
4220 2916 126 31 avaient

3583 2955 65 30 lieu
3664 2955 37 39 çà
3715 2960 31 25 et
3772 2955 32 30 là
3819 2959 91 27 entre
3937 2955 146 39 députés,
4102 2955 78 32 dans
4207 2955 47 31 les
4277 2966 54 21 cou-

3585 2994 76 31 loirs
3677 3005 41 20 ou
3732 2995 17 30 à
3762 2994 31 31 la
3807 2995 143 35 buvette,
3966 2996 17 27 à
3997 3005 122 30 propos
4135 2996 38 31 de
4192 2996 86 31 leurs
4294 3007 35 20 vo-

3582 3040 47 26 tes
3652 3034 176 40 respectifs.
3854 3034 58 31 Les
3941 3035 286 31 abstentionnistes
4252 3037 81 39 expli-

3583 3074 130 41 quaient
3728 3076 162 40 pourquoi
3901 3074 38 31 ils
3952 3074 144 31 s'étaient
4111 3078 151 30 abstenus
4277 3086 8 28 ;
4302 3078 46 28 les

3581 3115 157 31 bulletins
3754 3112 91 32 bleus
3876 3117 124 38 (contre
4013 3116 118 31 l'ordre
4140 3117 43 30 du
4196 3117 72 39 jour
4285 3118 41 28 Ga-

3581 3155 120 40 tineau)
3732 3155 210 41 invoquaient
3957 3155 46 31 les
4033 3156 162 40 principes
4213 3162 32 26 et
4258 3157 31 31 la
4306 3157 28 31 lo-

3582 3196 97 39 gique
3692 3204 7 26 ;
3736 3200 100 35 quant
3870 3204 61 21 aux
3969 3196 151 30 bulletins
4157 3196 118 39 blancs,
4309 3197 38 31 ils

3582 3235 118 30 étaient
3718 3236 111 28 sobres
3843 3235 39 30 de
3898 3236 259 28 commentaires.

3622 3390 51 31 Un
3687 3391 131 28 homme
3850 3391 142 31 heureux
4009 3398 31 25 et
4056 3392 69 39 fier,
4152 3392 64 40 qui,
4234 3393 112 40 depuis

3580 3430 217 40 vingt-quatre
3813 3431 128 37 heures,
3958 3442 17 19 a
3992 3431 111 46 grandi
4120 3431 39 32 de
4189 3432 157 39 plusieurs

3581 3470 150 38 coudées,
3752 3472 77 27 c'est
3846 3470 52 39 M..
3908 3471 177 31 Ferdinand
4100 3472 159 31 Gatineau
4271 3483 6 20 :
4306 3484 40 20 on

3579 3509 61 32 sait
3667 3509 77 40 qu'il
3775 3510 83 30 avait
3887 3521 61 20 une
3980 3511 76 31 dent
4080 3513 39 30 de
4147 3514 83 28 forte
4259 3514 87 31 taille

3581 3554 111 27 contre
3722 3550 44 31 M.
3806 3550 175 31 Gambetta
4006 3552 66 40 qui,
4102 3562 60 20 aux
4192 3553 155 32 élections

3580 3589 174 39 dernières,
3772 3589 45 31 lui
3837 3591 83 31 avait
3948 3593 118 28 suscité
4083 3602 40 19 un
4156 3600 190 25 concurrent

3580 3631 77 30 dans
3685 3630 28 30 la
3743 3631 265 40 circonscription
4037 3632 40 30 de
4100 3633 120 37 Dreux,
4252 3645 40 20 en
4319 3634 27 31 la

3579 3679 161 32 personne
3754 3671 74 30 d'un
3844 3672 97 39 jeune
3961 3673 202 39 sous-préfet,
4182 3673 48 31 fils
4247 3674 40 31 du
4303 3677 30 28 sé-

3579 3716 113 25 nateur
3704 3711 193 30 Deschanel.

3619 3751 45 30 M.
3683 3751 159 30 Gatineau
3860 3751 161 39 triompha
4045 3758 40 32 et,
4104 3754 39 30 de
4174 3758 107 26 retour
4307 3765 37 20 au

3576 3790 100 39 palais
3704 3790 164 39 Bourbon,
3900 3802 40 19 ne
3970 3802 119 30 songea
4119 3794 71 39 plus
4217 3795 73 40 qu'à
4318 3796 28 30 la

3576 3830 235 40 yengeance;il
3828 3831 64 39 prit
3907 3842 63 20 une
3986 3837 67 34 part
4068 3833 56 30 des
4140 3834 72 39 plus
4228 3835 118 33 actives

3578 3872 19 28 à
3622 3869 31 32 la
3670 3880 175 31 campagne
3862 3873 141 38 engagée
4020 3876 111 26 contre
4150 3874 46 28 les
4225 3875 122 39 projets

3576 3909 236 41 autocratiques
3841 3911 39 30 de
3901 3912 44 28 M.
3971 3912 171 31 Gambetta
4178 3918 32 25 et
4235 3920 111 25 contre

3576 3950 32 30 le
3624 3951 120 28 scrutin
3759 3951 40 30 de
3811 3951 84 37 liste,
3913 3956 31 25 et
3960 3952 54 30 nul
4030 3961 41 20 ne
4087 3953 168 32 manifesta
4284 3966 61 19 une

3575 3990 66 40 joie
3667 3991 71 39 plus
3768 3991 123 30 sincère
3920 3992 91 39 après
4037 3992 28 30 la
4082 3993 119 39 grande
4218 3994 126 31 bataille

3576 4031 40 28 du
3643 4033 37 26 26
3700 4030 135 40 janvier.

3615 4070 83 30 Mais
3715 4070 31 30 la
3759 4070 94 31 veine
3870 4071 41 30 du
3928 4070 118 40 député
4063 4074 39 30 de
4117 4074 107 30 Dreux
4235 4084 21 20 n
4269 4076 78 30 était

3576 4120 54 30 pas
3647 4110 144 39 épuisée,
3810 4116 41 33 et,
3870 4121 124 21 comme
4018 4111 39 31 l'a
4084 4114 46 31 dit
4144 4123 44 20 un
4202 4116 142 39 profond

3576 4150 219 38 observateur,
3813 4150 67 31 rien
3898 4161 39 20 ne
3953 4153 115 30 réussit
4081 4163 126 20 comme
4230 4155 31 31 le
4276 4166 52 20 suc-

3576 4191 65 30 cès.

3615 4230 85 31 Dans
3724 4231 31 33 la
3780 4231 136 41 journée
3931 4232 40 30 de
3987 4233 100 37 lundi.
4104 4233 44 40 M,
4168 4234 171 39 Gatineau,

3575 4271 54 40 qui
3646 4274 48 26 est
3709 4271 128 30 devenu
3852 4281 43 20 un
3909 4272 112 31 ardent
4046 4273 201 38 ministériel,
4266 4278 60 28 crai-

3573 4316 99 35 gnant
3698 4311 30 30 le
3748 4316 110 25 retour
3873 4312 39 28 de
3924 4311 67 32 l'île
4007 4312 123 39 d'Elbe,
4149 4325 17 19 a
4195 4316 145 31 recueilli

3574 4351 165 39 l'héritage
3757 4351 39 30 de
3824 4351 155 31 l'homme
3996 4352 71 31 noir
4097 4357 31 26 et
4157 4355 99 30 barbu
4287 4357 53 39 qui

3573 4390 155 39 s'appelle
3745 4390 105 32 Devès
3869 4396 31 26 et
3913 4393 54 39 qui
3981 4393 50 30 fut
4041 4394 143 30 ministre
4201 4396 141 38 pendant

3573 4431 159 50 quelques
3748 4431 170 38 semaines,
3933 4442 106 20 —non
4049 4442 56 31 pas
4121 4444 58 20 son
4196 4435 143 41 héritage

3573 4474 39 27 de
3628 4472 156 37 ministre,
3800 4472 79 30 mais
3895 4481 54 20 son
3983 4474 143 40 héritage
4156 4475 40 30 de
4226 4486 96 21 sauve-

3572 4514 83 26 teur.
3671 4511 46 32 M.
3735 4512 161 30 Gatineau
3912 4521 17 20 a
3945 4513 107 40 rédigé
4085 4519 30 25 et
4144 4514 57 31 fait
4228 4517 94 30 triom-

3570 4552 83 38 pher
3669 4560 40 20 un
3726 4552 228 30 amendement
3969 4553 117 39 auquel
4110 4553 76 32 s'est
4205 4556 90 30 rallié
4311 4557 30 30 le

3573 4591 137 32 cabinet.
3728 4591 26 30 Il
3770 4602 18 20 a
3802 4592 50 30 été
3868 4591 154 32 l'homme
4046 4593 39 31 de
4115 4593 31 31 la
4175 4594 163 40 situation,

3572 4631 31 30 le
3617 4631 77 30 deus
3716 4642 37 19 ex
3772 4631 159 39 machins.,
3951 4631 31 31 le
3994 4637 202 27 terre-neuve
4213 4637 126 30 dévoué

3572 4671 54 40 qui
3639 4670 122 41 plonge
3778 4672 78 30 dans
3886 4671 48 31 les
3964 4683 80 20 eaux
4074 4674 142 31 troubles
4244 4677 40 28 de
4311 4677 30 30 la

3570 4710 159 40 politique
3746 4716 33 25 et
3794 4716 151 34 rapporte
3961 4711 46 31 les
4024 4716 100 38 noyés
4140 4716 182 31 convulsive-

3570 4755 90 26 ment
3676 4752 171 31 accrochés
3863 4753 15 28 à
3895 4752 84 31 leurs
3994 4755 236 34 portefeuilles.

3609 4893 89 31 C'est
3713 4894 30 30 là
3761 4904 41 20 un
3827 4896 39 28 de
3883 4905 52 20 ces
3950 4897 209 32 événements
4183 4899 54 35 qui
4270 4900 67 31 font

4420 322 128 40 époque
4563 322 77 32 dans
4656 334 63 20 une
4744 326 138 31 carrière
4910 330 33 28 et
4963 326 53 41 qui
5040 337 44 22 ne
5099 327 66 33 s'ou-

4419 357 103 37 blient
4539 373 69 30 pas.

4459 403 94 31 Aussi
4569 402 44 34 -Je
4637 405 48 17 *'■
4792 406 8 12 1
4984 405 141 25 a—W-u
5145 410 20 19 :t

4422 442 5 35 .
4502 442 5 35 '
4581 445 32 15 *«
4636 446 118 27 uepuie
4781 448 40 18 ae
4851 442 40 25 ùii
4898 452 60 15 CUA
4985 454 193 24 icmui-u,

4420 468 79 40 htetq
4515 475 77 28 avec
4606 480 63 24 une
4691 474 195 34 Satisfaction
4916 477 77 40 qu'il
5022 488 40 20 ne
5092 480 72 30 cher-

4417 507 86 34 chait
4514 515 56 35 pas
4585 515 15 28 à
4617 509 191 46 dissimuler,
4834 514 46 34 les
4910 515 224 43 compliments
5152 523 30 26 et

4417 548 46 31 les
4480 549 110 44 éloges
4605 549 39 38 de
4661 566 50 20 ses
4731 556 176 40 collègues.
4941 554 24 34 Il
4995 563 17 25 à
5040 562 139 27 traversé

4415 588 161 44 plusieurs
4591 595 60 30 fois
4665 595 33 31 le
4714 592 93 35 sâion-
4819 596 40 31 de
4874 588 31 39 ta
4930 598 87 39 Paix,
5035 599 73 30 d'un
5125 611 57 30 pas

4415 628 98 34 alerte
4530 633 119 41 malgré
4663 634 33 33 là
4709 633 123 43 gbutie,
4850 643 40 35 gù
4904 639 110 30 milieu
5031 639 57 30 des
5099 647 81 24 mur-

4415 673 105 30 Mures
4538 670 142 37 flatteurs
4696 677 39 30 de
4753 678 28 28 la
4802 671 102 38 fouiS:

4454 712 59 32 Par
4528 716 148 41 exemple
4693 726 35 19 ce
4743 717 97 41 qu'on
4858 729 40 20 ne
4915 719 178 40 s'explique
5107 730 67 30 pas,

4415 751 78 32 c'est
4507 764 64 27 que
4594 756 47 30 les
4669 758 144 30 cheveux
4843 758 43 31 du
4916 759 132 32 Samson
5079 761 54 40 qui
5163 771 18 19 a

4415 793 131 32 ébranlé
4563 795 46 31 les
4624 797 156 31 colonnes
4805 797 43 32 du
4878 798 122 40 temple
5028 804 154 35 opportu-

4526 836 107 30 soient
4650 836 143 32 devenus
4821 839 248 31 soudainement
5082 846 99 35 verts,

4414 873 40 31 dé
4468 875 64 39 gris
4546 876 162 38 pommelé
4723 876 94 41 qu'ils
4831 879 130 33 étaient.

4454 913 47 32 Ce
4518 915 204 38 phénomène
4740 917 119 32 Bizârre
4876 914 163 46 iiitrigiiâil
5053 920 64 31 fort
5131 920 47 32 les

4413 953 207 40 journalistes
4648 961 33 27 et
4706 959 196 40 provoquait
4930 960 40 31 de
5001 956 180 37 nombrexit

4415 997 256 31 commentaires.
4693 998 41 30 La
4748 999 172 31 chevelure
4944 1005 103 34 verte,
5062 1002 54 40 qui
5145 1012 33 20 se

4414 1041 170 25 rencontre
4613 1038 208 39 quelquefois
4859 1039 78 31 dans
4968 1042 136 30 certains
5133 1046 30 25 ta-

4415 1075 115 30 bleaux
4550 1076 337 41 d'impressionnistes,
4904 1085 50 25 est
4982 1082 18 28 à
5024 1091 64 31 peu
5102 1084 73 38 près

4414 1115 162 32 inconnue
4593 1117 77 31 dans
4691 1117 31 31 la
4748 1123 122 26 nature.
4898 1120 34 33 Je
4959 1120 50 32 dis
5036 1123 50 28 «rà
5113 1131 64 30 peu

4414 1156 112 39 près»,
4559 1167 81 30 pour
4676 1169 39 19 ne
4744 1159 194 43 décourager
4974 1170 104 22 aucun
5106 1162 54 31 chi-

4411 1206 100 30 gnon.

4454 1312 39 30 La
4509 1312 159 33 Chambre
4685 1324 17 20 a
4719 1317 128 28 nommé
4861 1316 78 30 dans
4959 1316 47 31 les
5022 1318 154 40 bureaux,

4413 1357 94 25 avant
4525 1351 28 31 la
4571 1356 125 35 séance,
4711 1354 47 31 les
4775 1357 77 28 trois
4869 1358 226 31 commissions
5111 1359 50 30 sui-

4414 1397 112 26 vantes
4545 1403 6 20 ;

4456 1437 27 25 i°
4499 1433 216 34 Commission
4731 1444 80 31 pour
4827 1436 155 31 l'examen
5001 1437 38 31 de
5055 1437 30 32 la
5101 1449 57 30 pro-

4414 1473 139 39 position
4572 1475 39 30 de
4629 1475 41 30 loi
4688 1475 40 31 de
4743 1476 44 31 M.
4806 1476 117 32 Martin
4949 1476 144 40 Nadaud,
5111 1485 50 25 ten-

4414 1513 76 30 dant
4505 1514 15 28 à
4537 1514 146 31 modifier
4698 1514 31 32 la
4744 1514 44 32 loi
4806 1517 40 31 du
4872 1527 31 30 13
4923 1517 78 31 avril
5027 1519 73 39 1850
5125 1521 51 28 sûr

4414 1552 280 33 l'assainissement
4707 1553 56 33 des
4779 1557 180 40 logements
4987 1558 187 32 insalubres.

4454 1593 66 31 Ont
4538 1596 51 30 été
4612 1590 69 35 élus
4698 1606 6 19 :
4723 1593 81 33 MM.
4832 1597 130 39 Treille,
4990 1599 183 39 Couturier,

4414 1633 115 38 Morel,
4546 1635 167 31 Marcellin
4737 1637 115 40 Pellet,
4870 1638 184 40 Hippolyte
5068 1639 106 37 Maze,

4415 1674 98 39 Belle,
4532 1674 143 41 Donnet,
4690 1677 150 40 Bruyère,
4859 1677 151 40 Roudier,
5028 1678 144 39 Nadaud,

4415 1708 76 35 Paul
4513 1715 135 31 Casimir
4676 1716 117 31 Perier.

4454 1765 14 19 2
4473 1760 11 12 0
4499 1754 216 33 Commission
4731 1767 81 28 pour
4840 1757 156 31 l'examen
5013 1759 41 30 du
5069 1760 106 40 projet

4414 1794 39 30 de
4467 1795 176 31 résolution
4661 1793 40 33 de
4726 1796 44 31 M.
4787 1795 169 33 Talandier
4970 1801 32 27 et
5016 1799 159 40 plusieurs

4414 1834 39 47 dp
4467 1845 50 20 ses
4533 1834 176 41 collègues,
4726 1833 132 34 tendant
4878 1838 15 30 à
4918 1838 31 31 la
4975 1840 201 32 nomination

4413 1873 93 32 d'une
4522 1877 206 30 commission
4741 1878 39 28 de
4795 1878 187 41 règlement.

4454 1915 78 31 MM.
4550 1916 106 41 Parry,
4664 1916 176 41 Talandier,
4859 1919 151 37 Horteur,
5023 1919 151 40 Rameau,

4411 1954 150 41 Tézenas,
4592 1956 136 37 Dubois,
4760 1958 154 39 Lelièvre,
4945 1959 120 38 Caduc,
5098 1961 59 30 Gui-

4411 1995 106 39 chard,
4533 1996 204 34 Jean.David.
4807 2009 11 15 «

4453 2036 40 28 Le
4521 2036 169 31 deuxième
4734 2037 116 32 bureau
4876 2037 48 32 n'a
4952 2049 57 30 pas
5036 2040 53 31 élu
5115 2052 60 20 son

4413 2073 228 35 commissaire,

4448 2125 17 31 3
4469 2121 11 12 0
4494 2115 216 32 Commission
4735 2118 40 30 de
4800 2114 187 45 vingt-deux
5015 2117 159 37 membres

4410 2156 135 40 chargée
4574 2157 194 32 d'examiner
4783 2158 47 31 les
4856 2158 143 33 diverses
5029 2163 129 38 proposi-

4411 2196 83 30 tions
4512 2197 39 28 de
4566 2197 44 30 loi
4625 2198 203 39 municipale.

4449 2236 80 31 MM.
4548 2237 172 40 Peulevey,
4740 2239 117 37 Bastid,
4878 2238 135 40 Dubost,
5046 2241 109 32 Remoi-

4409 2276 86 38 ville,
4513 2277 119 35 Graux,
4662 2275 163 43 Mauguin,
4852 2278 150 41 Dreyfus,
5031 2281 141 40 Durand,

4410 2316 269 38 Lecherbonnier,
4717 2319 181 46 Hippolyte
4943 2321 111 37 Faure,
5083 2323 74 31 Bien-

4409 2367 94 27 venu,
4533 2357 211 40 Borriglione,
4781 2360 135 33 Marion,
4944 2360 228 40 Léchevallier,

4409 2395 151 40 Poujade,
4579 2398 136 38 Labuze,
4742 2399 126 39 Folliet,
4893 2401 148 38 Mercier,
5067 2401 105 40 Ribot,

4409 2437 39 31 de
4465 2437 154 31 Marcère.

4449 2477 57 30 Les
4520 2478 84 30 deux
4620 2479 234 33 commissaires
4869 2480 41 31 du
4925 2480 170 32 deuxième
5113 2484 40 28 bu-

4409 2525 73 22 reau
4499 2522 118 27 restent
4629 2519 17 30 à
4662 2519 87 30 élire.

4447 2668 22 32 Il
4485 2681 19 28 y
4520 2680 74 22 aura
4607 2670 214 41 aujourd'hui,
4853 2674 15 28 à
4899 2679 111 35 quatre
5041 2675 126 39 heures,

4408 2720 38 20 au
4462 2709 99 38 palais
4574 2711 162 37 Bourbon,
4746 2721 63 21 une
4820 2714 133 30 réunion
4971 2714 40 31 du
5023 2725 144 20 nouveau

4406 2759 123 30 groupe
4570 2752 196 31 reconstitué
4809 2763 76 21 sous
4920 2753 135 32 l'ancien
5098 2756 70 30 titre

4406 2789 144 32 a'Union
4560 2790 229 41 républicaine.
4802 2792 57 31 Les
4876 2792 78 32 amis
4965 2794 39 31 de
5020 2794 43 31 M.
5075 2794 70 32 Gam-

4407 2830 85 30 betta
4508 2831 213 39 annonçaient
4744 2831 70 32 hier
4840 2831 77 33 dans
4944 2832 48 32 lés
5019 2836 149 37 couloirs,

4406 2878 39 21 en
4460 2881 34 19 se
4507 2870 131 31 frottant
4652 2871 47 31 les
4730 2872 111 37 mains,
4860 2880 63 35 que
4938 2874 31 30 le
4984 2875 111 30 chiffre
5113 2877 54 28 des

4406 2909 169 33 adhérents
4589 2910 143 32 s'élevait
4744 2914 17 28 à
4778 2916 73 26 cent
4867 2920 113 31 trente,
5006 2920 32 25 et
5050 2915 40 31 ils
5122 2915 31 38 je-

4406 2950 98 30 taient
4518 2961 52 20 sur
4585 2950 31 31 le
4635 2953 79 28 banc
4728 2952 56 31 des
4800 2953 159 32 ministres
4976 2955 56 31 des
5041 2955 126 39 regards

4406 2991 39 30 de
4474 2991 268 33 commisération.
4780 2993 123 34 Certes,
4943 2994 106 31 mieux
5092 3001 76 25 vaut

4407 3040 79 30 pour
4501 3031 46 30 les
4563 3032 130 28 vaincus
4706 3032 32 30 la
4750 3033 165 31 confiance
4929 3044 60 30 que
5006 3034 28 31 le
5050 3034 98 32 décou-

4406 3076 184 34 ragement;
4607 3072 78 30 mais
4698 3072 33 40 je
4747 3072 83 35 crois
4852 3083 64 32 que
4932 3074 28 30 le
4994 3077 169 37 personnel

4406 3111 39 28 de
4470 3111 30 30 la
4541 3112 99 39 petite
4670 3112 146 39 chapelle
4861 3113 103 39 pèche
4991 3124 53 31 par
5075 3118 92 27 excès

4404 3150 190 40 d'illusions,
4612 3157 31 24 et
4658 3151 77 41 qu'il
4759 3152 92 31 ferait
4864 3151 73 32 bien
4952 3154 40 30 de
5023 3157 144 39 reporter

4404 3201 48 20 ses
4483 3193 188 39 espérances
4700 3202 39 20 au
4767 3193 102 31 moins
4894 3203 17 20 a
4937 3194 125 31 l'année
5095 3206 53 30 pro-

4404 3230 123 32 chaine.

4983 3278 132 19 TUVERK*

4569 3392 444 39 OUVJEIITURJB

4767 3465 38 22 DU

4408 3522 422 85 PARLEMENT
4869 3523 294 84 ANGLAIS

4457 3706 169 30 Piseonrs
4644 3707 41 28 de
4701 3705 32 32 ta
4750 3707 111 32 SSelne
4878 3711 241 38 d'Angtelerré

4844 3774 139 33 .Londres,
5001 3776 14 24 7
5028 3776 111 26 février.
5164 3774 4 33 .

4446 3811 224 34 L'ouverture
4688 3813 43 33 du
4753 3814 200 33 Parlement
4981 3819 20 30 â,
5028 3824 43 24 eu
5100 3817 67 33 lieu

4403 3850 233 40 aujourd'hui,
4649 3861 80 25 sans
4744 3853 157 33 incident,
4915 3855 214 40 particulier,

4444 3892 74 32 Une
4540 3892 91 32 foule
4649 3893 210 33 nombreuse
4874 3892 204 37 stationnait
5102 3906 65 24 aux

4402 3930 126 33 abords
4545 3932 46 32 du
4606 3932 109 40 palais
4743 3933 34 32 et
4806 3933 124 33 saluait
4959 3935 43 32 de
5031 3944 54 25 ses
5117 3945 34 31 ap-

4402 3970 289 38 plaudissements
4708 3972 141 34 l'entrée
4861 3973 43 33 de
4923 3974 118 33 divers
5062 3984 79 26 mem-

4402 4005 80 38 bres
4499 4010 45 33 du
4559 4011 211 33 Parlement.

4441 4051 182 43 Beaucoup
4638 4051 43 33 de
4696 4052 175 34 membres
4892 4054 43 33 de
4950 4055 33 33 la
4995 4055 171 34 Chambre

4401 4090 59 32 des
4486 4098 203 26 communes
4714 4093 129 33 étaient
4871 4094 169 41 présents,
5072 4097 96 32 entre

4401 4131 116 31 autres
4532 4130 46 33 M.
4596 4133 214 40 Bradlaugh.

4441 4170 89 32 Lord
4545 4172 164 33 Selborne
4724 4181 20 24 a
4762 4173 116 33 donné
4890 4173 132 35 lecture
5036 4176 46 33 du
5100 4178 50 32 dis-

4400 4219 102 24 cours
4517 4211 45 33 du
4578 4212 109 39 trône,
4702 4213 84 32 dont
4813 4213 87 33 voici
4923 4214 32 32 le
4976 4217 94 32 texte
5089 4227 6 20 :

4831 4279 131 32 Londres,
4978 4283 13 24 7
5006 4283 110 27 février,

4505 4322 132 31 Milords
4654 4323 31 31 et
4704 4324 191 37 messieurs,

4434 4369 83 30 C'est
4532 4377 79 24 avec
4626 4371 167 37 beaucoup
4809 4375 38 27 de
4871 4375 206 31 satisfaction
5101 4384 61 24 crue

4395 4404 32 35 je
4441 4413 83 21 vous
4539 4408 156 28 demande
4709 4409 39 28 de
4763 4415 150 25 nouveau
4937 4417 59 24 vos
5024 4415 141 27 conseils

4397 4441 32 28 et
4442 4441 94 30 votre
4552 4442 71 30 aide
4651 4450 81 28 pour
4760 4446 123 35 diriger
4898 4447 46 28 les
4964 4447 131 30 affaires
5112 4454 35 30 pu-

4396 4476 136 35 bliques.

4431 4513 60 28 J'ai
4508 4514 167 34 approuvé
4697 4514 31 31 le
4743 4517 148 35 mariage
4906 4519 38 28 de
4969 4526 76 22 mon
5060 4519 59 35 fils,
5139 4520 28 28 le

4395 4547 111 37 prince
4534 4550 154 37 Léopold,
4715 4552 60 28 duc
4791 4552 168 37 d'Albany,
4975 4556 33 28 et
5022 4556 39 28 de
5078 4556 30 28 S.
5128 4557 37 28 A.

4397 4584 207 30 sérénissime
4632 4586 31 28 la
4687 4586 165 35 princesse
4880 4589 120 30 Hélène
5021 4591 38 28 de
5075 4591 67 30 Wal-

4396 4619 81 30 deeli
4493 4620 31 28 et
4539 4620 168 35 Pyrmont.
4730 4623 61 28 J'ai
4806 4623 72 30 tout
4906 4624 64 31 lieu
4990 4625 39 30 de
5059 4623 107 33 croirè

4396 4661 61 28 que
4472 4656 83 33 cette
4570 4656 99 30 union
4685 4664 73 22 sera
4773 4658 169 31 heureuse.

4430 4690 38 28 Je
4493 4691 152 30 continue
4672 4691 207 32 d'entretenir
4909 4696 54 28 des
5002 4696 158 31 relations

4396 4726 158 30 cordiales
4570 4734 79 24 avec
4663 4728 107 31 toutes
4787 4730 45 28 les
4848 4730 190 35 puissances
5055 4734 90 28 étran-

4396 4760 104 37 gères.

4433 4796 60 30 Les
4509 4798 126 30 clauses
4655 4799 195 38 principales
4865 4802 41 30 du
4923 4802 98 30 traité
5035 4811 117 25 concer

4396 4833 80 28 nant
4489 4833 32 28 la
4537 4834 126 30 cession
4678 4837 38 27 de
4727 4837 32 28 la
4767 4837 169 30 Thessalie
4948 4833 41 34 àu
5006 4845 157 28 royaume

4397 4867 38 30 de
4450 4867 100 33 Grèce
4565 4871 58 28 ont
4632 4870 51 30 été
4698 4872 183 31 exécutées.

4433 4904 46 30 La
4492 4904 227 32 transmission
4735 4907 38 28 de
4788 4909 31 28 la
4835 4910 227 27 souveraineté
5078 4911 32 26 et
5124 4912 40 25 de

266 5014 348 43 FEUILLETON
651 5017 79 40 DU
765 5017 262 41 GAULOIS

462 5075 51 24 DU
536 5069 20 30 8
576 5069 161 30 FÉVRIER
758 5070 80 28 1882

260 5193 765 118 POT-BOUILLE

549 5465 32 33 V
595 5465 128 41 (Suite)

358 5542 93 32 Vous
467 5541 180 43 l'ignoriez
656 5545 7 11 I
664 5544 7 28 .'
699 5541 53 33 dit
767 5541 158 33 Trublot.
956 5542 47 31 Ma-

257 5582 100 33 dame
373 5581 161 33 Hédouin
547 5582 37 32 et
598 5581 159 32 madame
774 5581 255 40 Duverdysont

257 5622 93 32 deux
366 5621 110 34 amies
485 5621 44 32 de
542 5620 162 43 pension.
720 5621 94 32 Elles
830 5629 44 24 ne
889 5629 38 22 se
940 5620 71 40 quit-

257 5662 109 32 taient
400 5669 72 33 pas,
506 5669 46 25 on
586 5660 53 33 les
666 5661 151 40 appelait
853 5661 53 32 les
943 5669 83 22 ours

256 5701 132 38 blancs,
400 5708 106 34 parce
519 5701 146 41 qu'elles
680 5700 131 33 étaient
823 5701 163 40 toujours
1010 5701 19 32 à

257 5741 106 40 vingt
378 5741 129 41 degrés
534 5741 206 32 au-dessous
761 5740 45 32 de
821 5741 117 32 zéro...
964 5741 44 32 En-

257 5790 81 24 core
369 5780 61 32 des
456 5780 146 33 femmes
632 5780 235 41 d'agrément!
899 5780 34 32 Si
965 5780 43 32 Du-

260 5820 111 41 verdy
394 5820 130 33 n'avait
554 5829 64 33 pas
639 5820 132 32 d'autre
795 5819 106 33 boule
931 5819 98 32 d'eau

257 5861 136 34 chaude
416 5862 21 31 à
450 5869 39 24 se
515 5862 126 32 mettre
652 5869 70 24 aux
744 5859 112 43 pieds,
874 5858 128 33 l'hiver
1020 5863 8 28 !

299 5901 91 33 Mais
416 5901 139 40 Octave,
593 5900 228 38 maintenant,
859 5898 86 34 était
979 5901 33 32 sé-

260 5941 113 33 rieux.
391 5942 96 32 Pour
502 5941 32 33 la
549 5940 182 47 -première
746 5940 78 38 fois,
854 5940 25 31 il
908 5940 120 40 voyait

260 5981 159 34 madame
431 5981 162 33 Hédouin
608 5988 45 25 en
671 5980 131 33 toilette
831 5980 41 32 de
904 5979 125 39 soirée,

260 6021 52 33 les
326 6021 141 41 épaules
482 6021 33 33 et
528 6021 52 32 les
591 6021 80 31 bras
686 6028 80 30 nus,
783 6028 84 24 avec
882 6028 57 24 ses
952 6020 58 32 che-

259 6070 93 25 veux
364 6060 97 34 noirs
476 6059 112 34 nattés
602 6069 61 24 sur
678 6060 33 32 le
725 6059 96 33 front
833 6071 8 22 ;
855 6060 35 32 et
902 6060 125 38 c'était,

260 6110 81 27 sous
357 6100 168 33 l'ardente
539 6099 158 39 lumière,
729 6106 136 26 comme
880 6099 34 32 la
931 6099 83 33 réali-

260 6141 112 34 sation
402 6141 43 34 de
472 6149 56 24 ses
556 6141 112 33 désirs
685 6149 9 21 :
719 6148 70 24 une
821 6138 129 33 femme
974 6148 35 24 su-

259 6181 119 43 perbe,
393 6182 22 31 à
439 6182 34 32 la
487 6182 99 32 santé
609 6178 178 38 vaillante,
804 6180 21 31 à
847 6178 33 32 la
904 6178 124 32 beauté

260 6222 120 38 calme,
394 6220 61 43 qui
470 6220 117 33 devait
598 6220 74 32 être
686 6220 76 31 tout
774 6211 157 39 bénéfice
939 6227 90 31 pour

259 6269 47 25 un
320 6261 155 33 homme.
491 6262 69 31 Des
574 6260 99 41 plans
704 6257 215 43 compliqués
950 6257 64 32 l'ab-

259 6300 177 34 sorbaient
449 6300 87 41 déjà,
549 6300 180 40 lorsqu'un
744 6306 161 25 vacarme
919 6298 31 32 le
963 6296 66 33 tira

257 6341 43 32 de
313 6348 39 25 sa
369 6341 148 35 rêverie.

358 6380 72 34 Ouf
438 6384 8 30 1
463 6380 84 33 c'est
557 6379 61 33 fini
634 6380 6 30 !
658 6379 51 32 dit
723 6378 155 33 Trublot.

298 6422 53 34 On
378 6419 276 44 complimentait
678 6418 158 33 Clotilde.
867 6418 162 32 Madame

254 6462 191 33 Josserand
457 6461 113 33 s'était
583 6458 198 43 précipitée,
789 6467 91 33 pour
894 6458 48 32 lui
958 6467 53 24 ser-

254 6510 61 26 rer
326 6502 53 32 les
393 6501 92 33 deux
502 6500 113 34 mains
626 6510 9 28 ;
651 6497 118 34 tandis
782 6507 69 34 que
863 6497 53 33 les
931 6497 73 33 hom-

256 6549 89 31 mes,
360 6541 175 41 soulagés,
549 6539 223 44 reprenaient
793 6537 77 32 leur
883 6546 124 25 conver-

255 6582 128 34 sation,
407 6582 34 33 et
469 6588 69 33 que
563 6580 52 33 les
644 6579 129 39 dames,
789 6576 118 33 "d'une
932 6578 96 33 main

256 6622 80 40 plus
351 6621 93 38 vive,
459 6630 17 24 s
488 6620 210 34 éventaient.
724 6618 168 40 Duverdy
915 6626 61 25 osa
991 6626 38 24 se

256 6661 139 41 risquer
410 6660 93 33 alors
529 6660 21 33 i
573 6660 183 33 retourner
771 6658 87 33 dans
883 6657 32 32 le
940 6658 89 40 petit

254 6702 112 39 salon,
381 6703 44 32 où
438 6700 146 33 Trublot
599 6700 33 32 et
645 6699 128 33 Octave
789 6698 32 32 le
835 6697 188 34 suivirent.

254 6744 57 32 Au
326 6741 123 35 milieu
463 6741 60 33 des
534 6741 115 41 jupes,
664 6739 33 32 le
712 6738 152 40 premier
886 6745 39 25 se
945 6745 61 33 pen-

256 6782 65 33 cha
335 6782 21 32 à
370 6780 145 35 l'oreille
530 6782 46 32 du
736 6790 9 20 :

347 6821 183 41 Regardez
543 6821 22 32 à
578 6821 100 32 votre
704 6817 151 35 droite...
869 6817 103 34 Voilà
992 6817 32 33 le

254 6862 236 40 raccrochage
502 6861 59 40 qui
576 6867 214 28 commence.

294 6901 120 34 C'était
426 6901 162 34 madame
601 6899 191 35 Josserand
808 6899 59 38 qui
896 6898 128 39 lançait

283 6981 211 34 Repreduotion
519 6981 139 27 interdite.
676 6981 78 26 Tous
767 6980 91 26 droits
887 6979 135 27 réservés.

296 7015 65 27 Ent.
377 7015 64 26 Sta.
454 7015 83 26 Hall.
594 7012 162 27 S'adresser
769 7019 72 24 pour
844 7009 47 30 les
906 7011 100 26 tradue-

252 7046 76 26 bon»
338 7046 18 26 A
364 7046 40 26 M.
413 7044 265 28 Th.Miehaëlis','4s,
690 7051 51 21 rue
749 7043 170 30 Maubeuge,
930 7043 92 30 Pari»,

1085 5019 130 33 Bertlie
1231 5029 60 24 sur
1307 5019 104 33 Louis
1421 5020 168 38 Vabre,ll
1604 5022 154 34 avait,eu
1773 5022 69 34 l'im-

1085 5060 176 40 prudence
1277 5060 43 32 de
1336 5060 100 33 venir
1452 5060 115 33 saluer
1591 5069 58 25 ces
1665 5062 132 32 dames.
1815 5062 44 33 Ce

1085 5099 130 39 soir-là,
1224 5108 39 24 sa
1276 5101 69 32 tête
1359 5100 33 32 le
1404 5100 135 33 laissait
1552 5108 93 26 assez
1654 5102 202 40 tranquille,

1085 5139 25 32 il
1142 5140 129 32 sentait
1298 5147 47 25 un
1376 5141 74 32 seul
1480 5141 98 39 point
1603 5141 255 45 névralgique,

1085 5180 87 32 dans
1196 5179 84 33 l'œil
1303 5180 135 45 gauche
1454 5192 9 27 ;
1480 5180 91 32 mais
1586 5180 24 32 il
1626 5181 175 33 redoutait
1828 5183 33 33 la

1085 5219 48 32 fin
1155 5219 43 32 de
1213 5219 34 32 la
1263 5220 123 38 soirée,
1402 5229 58 24 car
1475 5229 45 24 on
1534 5220 97 32 allait
1652 5222 157 39 chanter,
1827 5225 34 31 et

1087 5259 76 32 rien
1179 5268 45 24 ne
1239 5259 48 32 lui
1303 5259 84 33 était
1402 5261 79 40 plus
1493 5261 174 33 mauvais.

1180 5300 141 38 Bertlie,
1337 5300 52 32 dit
1410 5301 31 31 la
1456 5302 106 38 mère,
1579 5301 144 43 indique
1737 5303 91 33 donc
1843 5304 19 31 à

1087 5340 181 32 monsieur
1283 5340 33 32 le
1332 5341 139 32 remède
1495 5349 66 32 que
1587 5343 37 31 tu
1656 5350 38 24 as
1714 5343 98 40 copié
1841 5343 20 32 à

1087 5388 65 24 son
1167 5380 183 38 intention,
1369 5380 87 32 dans
1468 5388 50 25 un
1532 5381 128 34 livre...
1678 5382 52 33 Oh
1746 5385 7 31 !
1778 5382 84 33 c'est

1087 5420 188 32 souverain
1290 5428 89 33 pour
1394 5420 52 33 les
1461 5420 195 40 migraines
1670 5425 6 28 !

1127 5460 53 37 Et,
1196 5459 34 32 la
1258 5460 111 40 partie
1397 5460 97 33 étant
1524 5463 171 40 engagée,
1714 5461 64 33 elle
1809 5464 51 32 les

1084 5499 109 33 laissa
1206 5499 139 39 debout,
1363 5502 79 47 près
1457 5500 104 32 d'une
1578 5502 148 33 fenêtre.

1180 5538 130 33 Diable!
1324 5539 71 32 s'ils
1410 5549 43 24 en
1467 5542 79 32 sont
1561 5541 21 33 à
1597 5542 32 33 la
1643 5543 214 41 pharmacie!

1084 5588 187 25 murmura
1284 5580 154 34 Trublot.

1124 5635 93 31 Dans
1232 5633 33 32 le
1287 5633 87 41 petit
1389 5635 107 38 salon,
1521 5636 46 32 M.
1585 5636 201 40 Josserand,
1806 5639 35 32 dé-

1087 5674 119 32 sireux
1221 5673 43 33 de
1280 5674 175 32 satisfaire
1470 5682 38 24 sa
1521 5675 231 40 femme,était
1768 5679 92 33 resté

1087 5714 128 32 devant
1228 5714 177 38 M.Vabre,
1419 5714 72 32 très
1506 5717 228 39 embarrassé,
1753 5727 60 22 car
1827 5719 33 32 le

1087 5753 161 33 vieillard
1260 5754 161 39 dormait,
1434 5754 35 32 et
1485 5754 24 32 il
1519 5757 123 32 n'osait
1650 5757 33 32 le
1695 5759 165 32 réveiller

1085 5802 89 33 pour
1189 5802 38 24 se
1253 5794 158 32 montrer
1441 5793 161 34 aimable.
1623 5798 100 38 Mais,
1741 5799 117 43 quand

1085 5838 33 27 la
1148 5833 162 41 musique
1339 5842 106 31 cessa,
1461 5836 48 32 M.
1525 5836 112 33 Vabre
1668 5838 117 32 ouvrit
1807 5838 52 33 les

1087 5872 195 43 paupières.
1307 5874 93 32 Petit
1427 5876 33 31 et
1475 5884 98 32 gros,
1591 5878 268 40 complètement

1087 5913 145 39 chauve,
1252 5922 81 25 avec
1356 5914 92 34 deux
1472 5916 129 33 touffes
1629 5917 40 32 de
1700 5917 158 35 cheveux

1085 5953 120 33 blancs
1228 5962 63 24 sur
1304 5954 50 32 les
1369 5954 150 40 oreilles,
1535 5956 22 32 il
1574 5956 94 32 avait
1682 5967 70 24 une
1781 5959 72 33 face

1087 5994 213 38 rougeaude,
1309 5994 19 32 à
1339 5994 33 32 la
1387 5994 137 33 bouche
1538 5995 129 44 lippue,
1682 6007 69 24 aux
1760 6008 98 32 yeux

1085 6032 110 34 ronds
1222 6034 33 32 et
1284 6034 21 32 à
1333 6034 87 33 fleur
1449 6034 44 33 de
1507 6035 77 33 tête.
1603 6038 46 31 M.
1665 6038 189 35 Josserand

1087 6073 124 33 s'étant
1225 6073 149 33 informé
1388 6076 170 39 poliment
1572 6078 41 32 de
1633 6086 40 24 sa
1697 6080 109 38 santé,
1825 6080 33 32 la

1087 6113 242 33 conversation
1336 6113 365 43 s'engagea.L'ancien
1708 6119 145 40 notaire,

1087 6152 84 33 dont
1186 6152 51 32 les
1250 6155 122 39 quatre
1389 6163 43 24 ou
1448 6157 78 46 cinq
1544 6157 94 32 idées
1664 6167 38 25 se
1733 6158 102 33 dérou-

1084 6193 109 32 laient
1222 6194 155 40 toujours
1407 6195 86 32 dans
1513 6188 37 41 le
1584 6197 112 33 même
1736 6200 112 39 ordre,

1084 6231 102 33 lâcha
1199 6233 143 33 d'abord
1352 6243 66 24 une
1433 6234 128 41 phrase
1578 6246 61 24 sur
1654 6239 198 40 Versailles,

1084 6274 44 31 où
1146 6272 24 32 il
1186 6273 92 32 avait
1287 6275 125 32 exercé
1421 6275 155 39 pendant
1583 6280 170 37 quarante
1768 6287 63 25 ans
1844 6293 8 27 ;

1085 6312 148 39 ensuite,
1251 6313 24 31 il
1296 6313 99 41 parla
1415 6317 43 31 de
1478 6324 57 24 ses
1564 6317 66 39 fils,
1661 6320 194 40 regrettant

1085 6360 125 25 encore
1226 6360 67 33 que
1309 6354 34 31 ni
1359 6354 103 32 l'aîné
1476 6356 35 32 ni
1530 6356 34 33 le
1578 6357 100 33 cadet
1691 6367 43 24 ne
1750 6367 38 25 se
1802 6360 52 33 fût

1084 6393 138 32 montré
1256 6400 93 25 assez
1378 6394 141 48 capable
1545 6405 90 38 pour
1664 6399 188 40 reprendre

1083 6441 65 25 son
1161 6432 112 39 étude,
1291 6442 40 24 ce
1343 6435 59 39 qui
1417 6436 118 32 l'avait
1550 6438 119 33 aécidé
1684 6438 21 33 à
1720 6439 131 33 vendre

1084 6474 33 31 et
1133 6472 20 32 à
1175 6472 100 32 venir
1298 6472 136 34 habiter
1461 6476 100 33 Paris
1578 6488 7 28 ;
1615 6478 94 32 enfin
1736 6480 116 34 arriva

1084 6510 170 34 l'histoire
1269 6514 41 32 de
1323 6522 40 24 sa
1378 6516 145 39 maison,
1535 6516 83 33 dont
1632 6517 32 32 la
1677 6520 155 33 construc-

1084 6552 72 33 tion
1172 6553 120 32 restait
1316 6554 33 32 le
1378 6562 122 26 roman
1520 6556 43 32 de
1584 6566 60 25 son
1662 6559 188 35 existence.

1175 6592 65 33 J'ai
1272 6594 158 40 englouti
1454 6595 32 33 là
1528 6596 83 33 trois
1649 6601 79 31 cent
1755 6600 94 34 mille

1082 6632 129 40 francs,
1239 6634 190 33 monsieur.
1454 6637 78 32 Une
1561 6638 213 41 spéculation
1798 6650 35 24 su-

1082 6673 117 39 perbe,
1228 6673 105 33 disait
1358 6683 84 24 mon
1469 6677 200 35 architecte.
1700 6680 128 40 Aujour-

1082 6712 109 39 d'hui,
1209 6712 59 40 j'ai
1286 6712 80 33 bien
1387 6715 47 33 de
1455 6715 32 33 la
1501 6718 105 40 peine
1632 6719 18 32 à
1667 6720 183 33 retrouver

1080 6761 86 25 mon
1180 6755 130 40 argent
1323 6765 8 26 ;
1346 6754 152 35 d'autant
1509 6758 81 40 plus
1605 6765 65 32 que
1684 6762 77 31 tous
1774 6769 73 24 mes

1081 6793 138 33 enfants
1239 6794 78 33 sont
1343 6803 110 26 venus
1481 6804 37 25 se
1539 6797 102 41 loger
1668 6800 81 33 chez
1765 6802 80 38 moi,

1078 6841 86 25 avec
1180 6831 103 34 l'idée
1296 6834 43 32 de
1362 6843 45 25 ne
1429 6843 64 34 pas
1521 6847 57 24 me
1596 6847 118 33 payer,
1731 6841 34 31 et
1780 6849 66 32 que

1076 6873 37 43 je
1126 6882 45 25 ne
1185 6873 201 34 toucherais
1402 6875 126 40 jamais
1556 6888 50 22 un
1623 6880 119 39 terme,
1760 6881 30 32 si
1814 6882 33 39 je

1078 6921 46 24 ne
1136 6921 57 25 me
1207 6914 196 40 présentais
1415 6917 211 40 moi-même,
1641 6919 33 33 le
1682 6915 163 47 quinze!..

1078 6953 289 40 Heureusement,
1387 6954 32 33 le
1433 6958 125 32 travail
1580 6967 56 25 me
1654 6960 151 33 console.

1172 6993 96 33 Vous
1281 6994 177 34 travaillez
1469 6998 159 41 toujours
1643 6999 203 43 beaucoup?

1076 7032 172 34 demanda
1264 7036 46 31 M.
1322 7036 204 31 Josserand.

2009 5028 181 40 Toujours,
2218 5030 172 41 toujours,
2409 5034 197 33 monsieur!
2635 5037 35 31 ré-

1918 5066 119 41 pondit
2075 5065 32 35 le
2144 5069 162 33 vieillard
2333 5081 83 24 avec
2448 5082 67 24 une
2543 5076 144 39 énergie

1916 5104 217 44 désespérée.
2148 5111 46 32 Le
2210 5111 138 39 travail,
2367 5113 83 33 c'est
2464 5122 57 24 ma
2537 5115 67 32 vie.

1955 5147 45 32 Et
2015 5145 25 34 il
2054 5150 167 41 expliqua
2236 5160 63 24 son
2315 5154 113 39 grand
2446 5161 168 35 ouvrage.
2626 5157 41 33 De-

1915 5186 78 40 puis
2010 5187 60 33 dix
2092 5198 76 30 ans,
2185 5190 25 33 il
2238 5191 204 41 dépouillait
2472 5194 133 40 chaque
2628 5205 40 22 an-

1916 5226 64 33 née
2004 5226 35 33 le
2067 5230 183 43 catalogue
2280 5232 128 33 officiel
2432 5233 45 32 du
2513 5233 102 34 Salon
2644 5237 43 32 de

1915 5267 172 40 peinture,
2106 5271 141 40 portant
2267 5280 60 25 sur
2350 5272 61 33 des
2435 5274 120 40 fiches,
2572 5276 20 32 à
2608 5276 59 33 cha-

1915 5315 69 32 que
1991 5315 83 26 nom
2083 5309 43 33 de
2135 5311 149 39 peintre,
2294 5311 51 33 les
2354 5313 162 34 tableaux
2526 5319 158 38 exposés.

1915 5347 28 31 11
1959 5355 44 24 en
2014 5349 126 39 parlait
2148 5350 81 33 d'un
2245 5350 52 33 air
2313 5353 43 32 de
2368 5353 169 34 lassitude
2550 5357 33 31 et
2595 5356 73 33 d'an-

1915 5387 139 40 goisse;
2068 5389 137 34 l'année
2218 5392 47 32 lui
2284 5393 151 34 suffisait
2452 5395 20 31 à
2491 5395 115 40 peine,
2623 5396 46 33 c'é-

1915 5427 63 33 tait
1993 5435 69 25 une
2074 5430 156 40 besogne
2249 5433 27 31 si
2293 5432 109 34 ardue
2424 5437 159 38 souvent,
2601 5437 84 41 qu'il

1915 5476 24 32 y
1961 5470 214 33 succombait
2191 5480 7 20 :
2216 5472 100 38 ainsi,
2335 5481 63 32 par
2413 5474 171 41 exemple,
2600 5476 67 34 lors-

1916 5509 128 39 qu'une
2083 5509 128 35 femme
2246 5512 128 33 artiste'
2406 5523 38 24 se
2485 5516 141 32 mariait
2652 5518 33 33 et

1916 5548 123 40 qu'elle
2054 5551 159 40 exposait
2237 5552 137 33 ensuite
2399 5563 83 24 sous
2497 5555 33 32 le
2545 5564 81 25 nom
2642 5557 41 33 de

1916 5596 63 22 son
1993 5589 102 40 mari,
2111 5594 175 31 comment
2300 5595 184 38 pouvait-il
2498 5595 52 40 s'y
2564 5606 99 26 recon-

1915 5628 112 32 naître
2041 5631 13 30 ?

2007 5669 132 33 Jamais
2152 5680 85 24 mon
2257 5673 135 34 .travail
2415 5683 45 25 ne
2490 5683 77 25 sera
2593 5685 67 25 com-

1912 5708 83 40 plet,
2013 5711 80 32 c'est
2118 5720 38 24 ce
2179 5712 59 41 qui
2257 5721 54 24 me
2327 5714 67 40 tue,
2420 5718 260 33 murmura-t-il.

2009 5750 94 33 Vous
2125 5759 86 26 vous
2236 5753 187 34 intéressez
2439 5764 69 25 aux
2523 5758 92 31 arts'?
2633 5766 33 25 re-

1911 5789 72 41 prit
1997 5790 46 32 M.
2060 5791 202 43 Josserand,
2278 5802 92 33 pour
2385 5794 33 32 le
2441 5796 126 34 flatter.

1952 5830 47 32 M.
2029 5831 116 32 Vabre
2165 5831 33 33 le
2228 5833 161 40 regarda,
2418 5835 92 41 plein
2538 5836 39 34 de
2608 5846 54 25 sur-

1911 5870 106 39 prise.

2001 5911 86 32 Mais
2102 5919 83 32 non,
2199 5911 38 40 je
2251 5914 64 33 n'ai
2335 5924 59 32 pas
2411 5916 124 34 besoin
2549 5917 40 33 de
2603 5919 77 32 voir

1911 5949 51 33 les
1982 5950 174 34 tableaux.
2187 5948 27 35 Il
2244 5954 103 40 s'agit
2374 5956 81 32 d'un
2485 5957 124 32 travail
2637 5959 43 32 de

1911 5989 235 41 statistique...
2161 5994 128 32 Tenez!
2309 5994 24 32 il
2363 5996 81 33 vaut
2471 5996 118 34 mieux
2611 6006 69 34 que

1907 6037 35 32 je
1957 6039 57 24 me
2028 6032 141 40 couche,
2183 6033 125 41 j'aurai
2324 6034 33 34 la
2385 6035 69 33 tête
2484 6037 77 40 plus
2590 6037 90 34 libre

1911 6069 150 33 demain.
2079 6072 158 40 Bonsoir,
2254 6074 194 35 monsieur.

1949 6110 30 33 Il
1994 6111 164 41 s'appuya
2174 6120 61 26 sur
2264 6123 66 24 une
2346 6124 122 30 canne,
2493 6117 81 41 qu'il
2601 6126 59 33 gar-

1911 6149 69 33 dait
1995 6150 113 35 même
2121 6151 87 34 dans
2231 6154 276 44 l'appartement,
2524 6158 33 32 et
2572 6167 38 25 se
2628 6168 33 24 re-

1912 6189 64 33 tira
1990 6190 103 33 d'une
2107 6193 142 34 marche
2258 6195 150 41 pénible,
2426 6196 52 33 les
2491 6197 93 34 reins
2601 6198 78 41 déjà

1911 6231 136 39 gagnés
2061 6239 63 33 par
2141 6231 33 32 la
2196 6235 185 39 paralysie.
2413 6237 46 32 M.
2489 6237 189 33 Josserand

1910 6270 120 32 restait
2044 6272 165 40 perplexe
2222 6283 7 19 :
2243 6273 25 32 il
2284 6274 129 34 n'avait
2426 6283 64 32 pas
2507 6278 71 32 très
2594 6278 83 33 bien

1910 6309 162 40 compris,
2100 6311 24 33 il
2151 6313 174 41 craignait
2353 6315 41 33 de
2421 6322 45 26 ne
2492 6324 61 38 pas
2576 6319 100 32 avoir

1909 6350 93 40 parlé
2033 6350 60 32 des
2115 6351 109 34 fiches
2252 6361 83 26 avec
2365 6363 94 25 assez
2493 6356 161 35 d'enthou-

1907 6389 139 35 siasme.

1948 6431 86 32 Vais
2057 6439 46 25 un
2118 6431 99 44 léger
2244 6433 193 40 brouhaha,
2461 6436 59 43 qui
2538 6437 74 35 vint
2628 6439 46 33 du

1906 6471 116 39 grand
2036 6472 117 39 salon,,
2163 6482 145 25 ramena
2329 6476 144 34 Trublot
2490 6478 34 32 et
2544 6478 130 33 Octave

1905 6511 80 39 près
1998 6511 43 33 de
2056 6511 33 33 la
2113 6515 109 39 porte.
2238 6515 48 32 Ils
2315 6516 113 33 virent
2459 6517 117 33 entrer
2604 6527 70 24 une

1906 6549 99 34 darne
2035 6550 180 37 d'environ
2257 6554 188 43 cinquante
2484 6566 73 31 ans,
2598 6560 74 33 très

1905 6589 89 33 forte
2022 6593 33 31 et
2085 6601 123 25 encore
2237 6595 107 39 belle,
2375 6596 115 33 suivie
2526 6607 63 32 par
2628 6608 44 22 un

1902 6630 105 41 jeune
2028 6631 143 34 homme
2185 6635 146 38 correct,
2348 6635 76 34 l'air
2439 6637 151 35 sérieux.

1996 6671 200 37 Comment!
2213 6674 44 33 ils
2280 6674 157 34 arrivent
2465 6680 180 32 ensemble
2662 6681 6 30 !

1903 6718 184 26 murmura
2113 6713 157 34 Trublot.
2298 6713 54 34 Eh
2380 6717 98 33 bien!
2509 6726 44 25 ne
2583 6728 89 25 vous

1904 6750 107 40 gênez
2026 6752 78 40 plus
2118 6750 5 43 !

1943 6804 164 33 C'étaient
2119 6808 157 33 madame
2291 6810 235 34 Dambreville
2537 6815 32 31 et
2576 6815 93 32 Léon

1899 6846 201 32 Josserand.
2131 6848 73 32 Elle
2226 6849 117 34 devait
2362 6850 32 33 le
2409 6853 150 41 marier;
2577 6855 90 41 puis,

1900 6883 65 33 elle
1982 6885 117 33 l'avait
2114 6889 107 39 gardé
2237 6899 89 32 pour
2341 6899 63 25 son
2421 6901 118 33 usage,
2557 6902 43 25 en
2621 6896 32 31 at-

1902 6924 159 40 tendant;
2078 6928 34 30 et
2127 6927 43 33 ils
2194 6930 130 32 étaient
2340 6939 41 24 en
2398 6932 117 41 pleine
2528 6934 81 34 lune
2624 6935 43 32 de

1899 6964 96 37 miel,
2027 6965 40 33 ils
2098 6969 228 33 s'affichaient
2355 6971 86 33 dans
2471 6973 51 32 les
2550 6974 117 33 salons

1899 7004 221 44 bourgeois..
2139 7009 65 32 Des
2231 7010 287 38 chuchotements
2545 7023 102 24 couru-

1900 7046 78 31 rent
1993 7046 111 39 parmi
2120 7046 48 33 les
2185 7051 113 32 mères
2314 7054 106 33 ayant
2439 7052 60 33 des
2530 7054 87 33 filles
2647 7055 20 32 à

2744 5046 109 25 caser.
2883 5040 87 32 Mais
3006 5041 159 31 madame
3194 5040 164 43 Duverdy
3381 5041 112 32 s'avan-

2744 5078 67 38 çait
2850 5079 188 33 au-devant
3078 5080 43 32 de
3155 5081 158 33 madame
3348 5081 141 33 Dambre-

2743 5117 93 39 ville,
2855 5119 58 41 qui
2928 5120 50 32 lui
2991 5120 203 33 fournissait
3209 5121 58 32 des
3280 5121 125 41 jeunes
3422 5130 90 32 gens

2741 5166 89 32 pour
2844 5167 57 24 ses
2916 5160 150 33 chœurs.
3085 5161 87 32 Tout
3187 5160 40 33 de
3242 5161 102 38 suite,
3352 5161 159 33 madame

2740 5199 189 32 .Tosserand
2941 5199 34 33 la
2992 5200 47 32 lui
3054 5200 126 32 enleva
3195 5202 33 32 et
3241 5200 34 33 la
3287 5200 137 33 combla
3444 5200 51 32 d'a-

2741 5238 116 33 mitiés
2876 5264 7 12 ,
2916 5239 242 33 réfléchissant
3201 5241 126 41 qu'elle
3366 5241 145 41 pouvait

2740 5278 100 33 avoir
2868 5280 120 32 besoin
3018 5280 110 32 d'elle.
3150 5281 94 32 Léon
3267 5280 181 43 échangea
3463 5289 47 24 un

2739 5320 73 31 mot
2828 5319 90 32 froid
2934 5328 81 24 avec
3027 5329 38 24 sa
3076 5322 113 38 mère;
3201 5322 176 40 pourtant,
3387 5321 123 41 depuis

2740 5367 39 22 sa
2798 5357 136 40 liaison,
2965 5359 131 34 celle-ci
3111 5361 230 40 commençait
3363 5361 21 32 à
3397 5361 112 33 croire

2739 5398 84 41 qu'il
2838 5399 102 33 ferait
2953 5400 73 33 tout
3041 5401 43 32 de
3099 5400 113 33 même
3228 5401 150 41 quelque
3391 5400 117 34 chose.

2829 5440 130 33 Berthe
2974 5448 54 27 .ne
3059 5448 87 25 vous
3169 5441 72 32 voit
3254 5450 72 32 pas,
3346 5440 129 33 dit-elle
3489 5443 21 31 à

2739 5478 158 34 madame
2926 5474 244 39 Dambreville.
3201 5480 214 38 Excusez-la,
3442 5481 67 32 elle

2739 5519 52 32 est
2816 5528 43 24 en
2895 5520 92 32 train
3017 5520 195 41 d'indiquer
3236 5529 48 24 un
3314 5516 138 38 remède
3489 5520 20 32 à

2739 5559 181 33 monsieur
2935 5559 104 33 Louis
3054 5561 126 32 Vabre.

2830 5598 90 33 Mais
2934 5600 44 32 ils
2993 5601 79 32 sont
3083 5601 71 33 très
3169 5601 80 32 bien
3274 5601 188 38 ensemble,
3482 5601 24 32 il

2739 5637 72 33 faut
2838 5639 51 32 les
2917 5639 135 40 laisser,
3078 5641 161 40 répondit
3253 5641 34 33 la
3318 5641 111 40 dame,
3444 5641 60 41 qui

2737 5679 93 32 avait
2845 5680 163 41 compris,
3026 5689 61 25 sur
3104 5689 46 24 un
3168 5689 86 33 coup
3269 5681 106 33 d'oeil.

2776 5720 43 32 Et
2835 5720 113 33 toutes
2974 5721 104 39 deux,
3104 5721 313 38 maternellement,
3450 5731 34 24 re-

2737 5759 189 41 gardèrent
2954 5761 141 33 Berthe.
3122 5761 74 32 Elle
3233 5761 93 33 avait
3347 5761 61 32 fini
3438 5770 64 32 par

2734 5807 148 32 pousser
2896 5800 104 33 Louis
3013 5800 86 32 dans
3115 5800 226 33 l'embrasure
3352 5800 43 33 de
3411 5800 32 33 la
3457 5802 31 32 fe-

2735 5839 111 38 nêtre,
2870 5841 45 32 où
2937 5839 65 33 elle
3028 5841 208 33 l'enfermait
3266 5842 41 31 de
3343 5850 56 24 ses
3418 5841 85 43 jolis

2734 5880 130 40 gestes.
2889 5881 27 31 Il
2948 5880 181 39 s'animait,
3149 5881 22 32 il
3202 5881 146 41 risquait
3374 5882 34 32 la
3438 5881 43 33 mi-

2734 5919 136 41 graine.

2774 5973 208 43 Cependant,
2998 5983 47 24 un
3060 5983 136 32 groupe
3211 5974 193 34 d'hommes
3424 5983 59 33 gra-

2733 6022 63 24 ves
2817 6015 176 33 causaient
3007 6014 180 41 politique,
3204 6015 85 33 dans
3305 6015 31 32 le
3348 6015 87 46 petit
3450 6024 35 25 sa-

2733 6053 70 33 lon.
2816 6056 48 32 La
2880 6056 112 38 veille,
3018 6056 20 32 à
3060 6063 129 34 propos
3211 6056 61 32 des
3294 6056 138 32 affaires
3458 6056 43 33 de

2733 6094 120 37 Rome,
2862 6093 26 33 il
2901 6104 25 31 y
2941 6094 92 32 avait
3048 6103 43 24 eu
3107 6103 69 24 une
3190 6096 123 31 séance
3328 6104 172 32 orageuse

2732 6142 44 24 au
2791 6133 113 39 Sénat,
2922 6135 45 32 où
2981 6133 69 33 l'on
3074 6133 167 33 discutait
3255 6133 163 34 l'adresse
3430 6148 7 26 ;
3465 6137 35 31 et

2733 6172 32 33 le
2779 6174 145 33 docteur
2947 6174 171 38 Juillerat,
3138 6175 175 41 d'opinion
3341 6174 100 34 athée
3465 6178 35 30 et

2732 6214 307 39 révolutionnaire,
3070 6215 171 32 soutenait
3278 6215 81 41 qu'il
3391 6216 109 32 fallait

2731 6254 136 32 donner
2880 6256 109 32 Rome
3005 6263 44 22 au
3064 6254 51 33 roi
3130 6255 133 33 d'ltalie
3274 6267 6 28 ;
3306 6256 113 32 tandis
3430 6263 69 33 que

2732 6293 111 33 l'abbé
2857 6294 169 39 Mauduit,
3044 6302 69 24 une
3139 6295 60 32 des
3231 6295 85 32 têtes
3338 6295 46 32 du
3404 6296 91 39 parti

2730 6333 261 38 ultramontain,
3021 6334 184 40 prévoyait
3226 6335 52 32 les
3302 6335 79 40 plus
3407 6343 67 26 som-

2730 6373 79 33 bres
2824 6374 248 40 catastrophes,
3091 6374 28 33 si
3133 6374 35 32 la
3176 6376 132 32 France
3315 6383 45 25 ne
3366 6376 130 33 versait

2727 6422 63 32 pas
2811 6413 141 41 jusqu'à
2974 6407 39 39 la
3037 6413 159 33 dernière
3211 6415 123 43 goutte
3363 6413 43 33 de
3429 6424 61 24 son

2728 6462 102 33 sang,
2837 6462 89 31 pour
2930 6455 33 32 le
2972 6454 149 41 pouvoir
3129 6455 167 38 temporel
3307 6455 61 33 des
3376 6463 117 34 papes.

2828 6495 177 32 Peut-être
3018 6495 253 33 trouverait-on
3298 6503 126 25 encore
3445 6504 48 24 un

2726 6537 124 28 ■modus
2878 6537 137 30 vivendi
3025 6568 6 4 ,
3041 6535 195 40 acceptable
3273 6535 40 32 de
3344 6536 76 40 part
3461 6537 33 31 et

2726 6574 144 38 d'autre,
2887 6575 39 32 fit
2954 6583 204 32 remarquer
3175 6576 91 32 Léon
3289 6576 200 38 Josserand,

2726 6614 59 40 qui
2803 6614 157 34 arrivait.

2766 6656 28 31 Il
2824 6654 83 33 était
2935 6656 91 32 alors
3056 6654 185 33 secrétaire
3267 6656 83 32 d'un
3372 6657 119 32 avocat

2726 6694 148 39 célèbre,
2897 6694 125 41 député
3038 6694 43 32 de
3097 6694 32 32 la
3154 6694 148 40 gauche.
3332 6696 159 32 Pendant

2726 6733 90 33 deux
2833 6737 138 35 années,
2989 6736 141 40 n'ayant
3151 6736 21 30 à
3187 6736 141 40 espérer
3356 6743 135 25 aucune

2726 6774 74 35 aide
2817 6775 43 32 de
2872 6784 56 22 ses
2952 6777 154 40 parents,
3130 6775 85 32 dont
3240 6775 34 32 la
3287 6775 203 33 médiocrité

2726 6814 176 33 d'ailleurs
2915 6815 215 43 l'enrageait,
3149 6815 24 31 il
3202 6816 91 32 avait
3320 6816 169 41 promené

2725 6863 60 22 sur
2809 6854 52 33 lés
2885 6856 156 33 trottoirs
3057 6856 47 32 du
3129 6855 155 41 quartier
3305 6855 100 33 Latin
3420 6863 69 25 une

2724 6895 210 45 démagogie
2966 6896 124 33 féroce.
3128 6895 97 34 Mais,
3265 6895 124 40 depuis
3424 6904 64 25 son

2724 6935 118 33 entrée
2858 6941 83 27 cirez
2960 6935 51 33 les
3027 6934 247 40 Dambreville,
3292 6935 45 33 où
3357 6935 24 32 il
3398 6935 72 40 apai-

2722 6976 65 32 sait
2815 6984 56 24 ses
2907 6977 191 40 premières
3141 6974 119 39 faims,
3287 6974 26 33 il
3351 6984 37 24 se
3420 6976 50 32 cal-

2720 7013 94 39 mait,
2835 7016 22 33 il
2874 7016 155 35 tournait
3047 7025 45 25 au
3119 7015 216 43 républicain
3360 7016 106 34 doctri-

2720 7056 110 31 naire.

3673 5042 89 38 Non,
3788 5041 24 32 il
3839 5042 59 40 n'y
3913 5050 20 24 a
3957 5050 61 33 pas
4044 5043 157 34 d'accord
4231 5047 89 40 possi-

3570 5080 66 39 ble,
3661 5081 53 32 dit
3738 5081 32 32 le
3795 5081 128 43 prêtre.
3948 5083 157 41 L'Eglise
4135 5093 45 25 ne
4208 5088 129 33 saurait

3568 5121 191 41 transiger.

3670 5161 117 39 Alors,
3807 5161 65 33 elle
3896 5161 208 43 disparaîtra
4120 5166 6 30 !
4157 5166 120 33 s'écria
4304 5169 32 32 le

3570 5200 155 34 docteur.

3606 5243 54 35 Et,
3677 5242 80 33 bien
3775 5250 67 34 que
3856 5243 70 32 très
3943 5243 74 37 liés,
4046 5244 124 33 s'étant
4186 5256 129 25 rencon-

3566 5282 73 32 trés
3650 5289 43 26 au
3710 5282 125 32 chevet
3848 5282 63 33 des
3934 5283 206 40 agonisants
4154 5285 44 33 de
4213 5288 76 32 tout
4303 5289 33 32 le

3567 5321 156 40 quartier
3737 5321 220 39 Saint-Roch,
3977 5323 41 31 ils
4033 5324 231 40 paraissaient
4291 5328 28 32 ir-

3567 5361 274 38 réconciliables,
3872 5362 33 32 le
3932 5363 159 33 médecin
4133 5366 139 45 maigre
4300 5369 35 31 et

3566 5409 169 30 nerveux,
3750 5401 34 33 le
3798 5401 133 33 vicaire
3956 5412 83 32 gras
4068 5405 34 32 et
4127 5406 137 33 affable.
4290 5408 45 32 Ce

3566 5440 141 33 dernier
3723 5441 138 41 gardait
3876 5452 47 22 un
3940 5444 138 32 sourire
4108 5445 81 40 poli,
4219 5447 116 33 même

3566 5480 85 33 dans
3684 5490 56 24 ses
3775 5481 234 33 affirmations
4036 5484 53 33 les
4121 5484 79 41 plus
4235 5487 79 32 abso-

3565 5520 85 40 lues,
3690 5530 43 24 en
3768 5522 142 33 homme
3937 5523 47 32 du
4013 5523 130 33 monde
4182 5525 151 35 tolérant

3562 5556 90 46 ■polir
3665 5561 52 34 lés
3732 5562 148 33 misères
3895 5562 44 33 de
3956 5563 33 32 la
4004 5563 67 39 vie,
4101 5564 89 33 mais
4219 5575 44 24 en
4277 5576 35 25 ca-

3563 5601 157 41 tholique
3729 5602 58 41 qui
3802 5602 130 32 entend
3946 5597 45 37 né
4004 5602 78 33 rien
4100 5595 230 46 abandonnér

3563 5641 45 32 du
3624 5641 139 40 dogme.

3652 5681 157 41 L'Eglise
3834 5681 217 40 disparaître,
4083 5685 111 33 allons
4224 5686 105 33 donc!

3561 5720 51 33 dit
3640 5721 215 43 Campardon
3879 5721 79 33 d'un
3984 5722 52 33 air
4061 5724 151 39 furieux,
4243 5735 89 32 pour

3561 5761 85 32 faire
3661 5771 39 22 sa
3715 5771 85 24 cour
3813 5770 45 24 au
3872 5763 128 40 prêtre,
4025 5763 85 34 dont
4123 5765 22 31 il
4162 5766 168 33 attendait

3560 5802 60 32 des
3637 5803 162 33 travaux.

3599 5855 190 38 D'ailleurs,
3821 5856 113 33 c'était
3961 5856 99 33 l'avis
4088 5856 41 34 de
4166 5858 77 33 tous
4271 5869 58 24 ces

3559 5895 191 33 messieurs
3772 5906 8 20 :
3804 5895 66 33 elle
3886 5904 44 24 ne
3958 5896 143 41 pouvait
4124 5907 63 35 pas
4217 5898 93 43 dispa-

3557 5935 120 32 raître.
3704 5934 189 43 Théophile
3921 5935 124 39 Vabre,
4074 5947 72 37 qui,
4169 5939 158 34 toussant

3557 5975 35 31 et
3619 5975 176 38 crachant,
3814 5974 190 43 grelottant
4020 5976 33 32 la
4076 5979 120 38 fièvre,
4215 5979 111 34 rêvait

3559 6013 31 33 le
3605 6014 158 34 bonheur
3781 6014 177 33 universel
3973 6025 63 33 par
4057 6017 266 41 l'organisation

3557 6054 100 32 d'une
3687 6054 206 45 république
3926 6054 247 41 humanitaire,
4212 6058 53 33 fut
4293 6059 32 32 le

3556 6096 73 32 seul
3646 6094 21 32 à
3681 6094 188 32 maintenir
3889 6104 78 32 que,
3983 6097 181 39 peut-être,
4195 6098 66 32 elle
4289 6107 37 24 se

3555 6135 291 33 transformerait.

3594 6176 46 31 Le
3656 6176 116 39 prêtre
3787 6176 110 40 reprit
3912 6176 43 32 de
3970 6184 39 24 sa
4023 6176 83 32 voix
4121 6177 110 33 douce
4240 6189 7 20 :

3646 6215 175 39 L'Empire
3841 6223 39 24 se
3901 6215 142 33 suicide.
4076 6217 52 33 On
4157 6219 34 32 le
4220 6228 103 24 verra

3554 6254 81 32 bien
3648 6253 133 34 l'année
3809 6254 201 41 prochaine,
4039 6265 69 25 aux
4137 6257 182 35 élections.

3646 6294 51 33 Oh
3707 6298 6 28 !
3731 6304 89 32 pour
3831 6294 175 43 l'Empire,
4024 6305 90 25 nous
4128 6306 89 24 vous
4245 6307 57 33 per-

3553 6334 150 33 mettons
3717 6335 44 31 de
3770 6343 90 24 nous
3870 6343 43 24 en
3931 6333 235 39 débarrasser,
4181 6337 51 33 dit
4247 6347 54 24 car-

3552 6374 136 34 rément
3702 6374 32 32 le
3749 6374 155 33 docteur.
3919 6374 45 33 Ce
3980 6377 107 32 serait
4103 6384 46 26 un
4179 6378 139 33 fameux

3552 6415 145 33 service.

3592 6455 112 40 Alors,
3722 6455 177 40 Duverdy,
3914 6456 61 37 qui
3991 6456 150 33 écoutait
4165 6457 80 33 d'un
4265 6468 35 24 an-

3548 6495 158 40 profond,
3724 6495 115 32 hocha
3855 6495 34 33 la
3905 6495 79 33 tete.
4000 6495 76 39 Lui,
4103 6496 85 33 était
4204 6496 41 34 de
4271 6500 31 31 fa-

3548 6534 97 34 mille
3659 6534 187 33 orléaniste
3859 6547 9 27 ;
3892 6535 89 32 mais
3997 6535 24 32 il
4043 6536 118 33 devait
4194 6537 74 33 tout
4296 6539 21 33 à
4336 6534 1 50 j

3547 6574 165 43 l'Empire
3728 6575 34 32 et
3771 6574 138 41 jugeait
3925 6576 214 32 convenable
4154 6575 41 34 de
4208 6578 33 33 le
4260 6578 38 34 dé-

3549 6615 130 33 fendre.

3586 6654 276 40 -Croyez-moi,
3894 6654 204 34 déclara-t-il
4128 6658 94 32 enfin
4265 6658 33 33 sé-

3547 6697 190 37 vèrement,
3746 6694 194 33 n'ébranlez
3951 6704 64 32 pas
4028 6696 50 33 les
4094 6697 102 33 bases
4218 6697 41 33 de
4276 6698 33 32 la

3547 6736 136 40 société,
3697 6744 44 25 ou
3754 6736 74 32 tout
3855 6736 196 33 croulera...
4077 6736 92 33 C'est
4193 6736 100 34 fatalé-

3544 6777 97 31 ment
3667 6783 60 25 sur
3754 6783 87 25 nous
3863 6784 66 32 que
3959 6776 198 33 retombent
4181 6776 52 34 les
4261 6787 35 24 ca-

3544 6815 208 41 tastrophes.

3638 6856 203 40 Trèsjuste!
3869 6855 50 32 dit
3946 6856 46 33 M.
4019 6856 200 41 Josserand,
4251 6857 59 41 qui

3543 6895 129 33 n'avait
3684 6905 133 24 aucune
3833 6895 154 41 opinion,
4003 6896 90 33 mais
4107 6898 60 41 qui
4183 6906 37 25 se
4232 6906 57 34 rap-

3542 6935 105 41 pelait
3659 6935 51 33 les
3723 6935 120 34 ordres
3860 6935 43 32 de
3918 6945 38 24 sa
3971 6938 137 32 femme.

3585 6977 38 32 Et
3652 6977 76 32 tous
3755 6977 177 40 parlèrent
3971 6977 21 31 à
4017 6977 33 33 la
4077 6978 78 32 fois.
4181 6978 126 33 Aucun

3542 7017 155 35 Aaimait
3717 7017 176 39 l'Empire.
3915 7017 48 32 Le
3989 7016 144 34 docteur
4147 7017 163 35 Juillerat

3542 7056 221 34 condamnait
3790 7056 233 40 Texpèdition
4058 7056 46 35 du
4133 7056 174 41 Mexique,

4393 5055 275 35 l'abbéMauduit
4676 5060 143 34 blâmait
4830 5061 33 33 la
4872 5063 287 35 reconnaissance

4394 5095 45 33 du
4472 5106 167 32 royaume
4670 5099 144 34 d'ltalie.
4846 5102 180 40 Pourtant,
5054 5105 85 33 Théo-

4393 5135 93 41 phile
4506 5139 113 32 Vabre
4630 5139 33 32 et
4682 5140 91 32 Léon
4794 5141 177 34 lui-même
4991 5145 167 33 restaient

4393 5177 163 40 inquiets,
4586 5178 142 41 lorsque
4742 5181 167 40 Duverdy
4923 5183 51 33 les
4985 5185 172 39 menaçait

4388 5216 84 40 .d'un
4489 5225 158 26 nouveau
4663 5220 51 32 93.
4728 5222 28 31 A
4773 5222 80 41 quoi
4878 5222 70 34 bon
4970 5231 57 25 ces
5054 5225 89 33 conti-

4391 5256 135 33 nuelles
4540 5258 240 34 révolutions?
4793 5263 105 32 est-ce
4909 5270 67 34 que
4987 5263 33 32 la
5035 5263 124 34 liberté

4391 5296 118 32 n'était
4532 5306 64 33 pas
4620 5300 188 41 conquise?
4837 5303 34 31 et
4899 5302 34 32 la
4962 5302 106 33 haine
5095 5304 61 33 des

4391 5335 93 33 idées
4496 5339 191 35 nouvelles,
4711 5340 32 33 la
4756 5348 89 33 peur
4858 5341 47 33 du
4917 5343 125 43 peuple
5072 5352 83 26 vou-'

4390 5375 72 33 lant
4478 5386 38 22 sa
4528 5380 89 39 part,
4639 5380 187 33 calmaient
4839 5381 33 33 lé
4886 5381 211 35 libéralisme
5113 5385 44 34 de

4389 5425 58 22 ces
4459 5417 189 41 bourgeois
4676 5419 176 35 satisfaits.
4884 5421 202 44 N'importe,
5114 5425 44 33 ils

4389 5456 216 35 déclarèrent
4619 5459 78 32 tous
4714 5460 102 40 qu'ils
4831 5463 193 34 voteraient
5037 5465 120 33 contre

4389 5496 226 41 l'Empereur,
4630 5507 60 24 car
4704 5498 24 34 il
4744 5500 93 35 avait
4850 5502 120 37 besoin
4987 5504 102 33 d'une
5111 5505 32 31 le-

4391 5544 78 32 çon.
5145 5570 6 19 ;

4482 5590 54 32 Ah
4547 5593 7 30 !
4572 5589 99 40 mais,
4690 5593 44 33 ils
4747 5594 224 34 m'embêtent
4983 5600 7 28 !
5006 5597 51 32 dit
5073 5600 81 33 Tru,-

4367 5628 1 50 !
4389 5628 81 40 blot,
4491 5630 58 41 qui
4565 5631 132 34 tâchait
4713 5634 41 32 de
4775 5634 230 43 comprendre
5034 5637 123 40 depuis

4387 5678 47 24 un
4454 5672 143 33 instant.

4426 5724 129 33 Oetave
4569 5725 33 33 le
4626 5726 123 33 décida
4763 5727 21 32 à
4812 5730 185 34 retourner
5028 5734 126 38 auprès

4387 5763 61 32 des
4465 5764 130 33 dames.
4611 5765 93 34 Dans
4731 5767 228 37 l'embrasure
4983 5771 44 33 de
5054 5772 33 32 la
5104 5773 33 32 fe-

4385 5803 107 39 nêtre,
4512 5804 129 34 Berthe
4668 5807 226 35 étourdissait
4906 5810 106 34 Louis
5035 5813 118 34 Vabre

4384 5843 44 32 de
4443 5851 57 25 ses
4513 5843 102 35 rires.
4630 5845 46 33 Ce
4689 5849 115 39 grand
4818 5856 145 35 garçon,
4988 5861 44 24 au
5055 5862 94 33 sang

4384 5882 89 40 pale,
4489 5884 145 33 oubliait
4650 5895 136 33 sapeur
4800 5883 60 40 des
4876 5889 157 39 femmes,
5050 5893 80 34 deve-

4383 5923 74 31 nait
4465 5924 72 32 très
4545 5934 123 32 rouge,
4685 5934 81 26 sous
4774 5928 53 33 les
4841 5928 158 44 attaques
5010 5931 43 33 de
5062 5934 89 32 cette

4382 5962 91 33 belle
4486 5963 83 38 fille,
4596 5965 84 34 dont
4694 5967 163 34 l'haleine
4871 5968 50 34 lui
4936 5970 167 34 chauffait
5119 5973 32 33 le

4382 6011 136 34 visage.
4533 6005 159 34 Madame
4715 6008 200 40 Josserand,
4943 6013 203 40 cependant,

4382 6043 60 31 dut
4454 6045 145 33 trouver
4611 6054 70 32 que
4695 6046 51 32 les
4760 6047 124 34 choses
4899 6051 188 34 traînaient
5101 6061 45 25 en

4381 6081 184 41 longueur,
4604 6093 59 25 car
4698 6086 66 33 elle
4798 6090 152 40 regarda
4974 6091 170 34 fixement

4382 6123 191 40 Hortense;
4604 6125 35 31 et
4672 6126 145 40 celle-ci,
4840 6130 207 39 obéissante,
5078 6133 67 33 alla

4381 6163 118 39 prêter
4512 6163 202 37 main-forte
4729 6168 20 32 à
4765 6172 39 31 sà
4817 6176 109 26 sœur.

4473 6216 94 33 Vous
4596 6217 73 34 êtes
4683 6221 77 32 tout
4772 6221 21 33 â
4820 6221 63 33 fait
4910 6222 137 38 remise,
5075 6234 47 26 ma-

4377 6255 124 32 dame?
4515 6266 61 24 osa
4597 6259 193 34 demander
4805 6261 128 33 Octave
4948 6263 21 32 à
4997 6266 149 33 Valérie.

4469 6296 87 33 Tout
4569 6298 22 32 à
4616 6299 72 35 fait,
4704 6300 190 40 monsieur,
4907 6302 43 43 je
4976 6313 89 25 vous
5093 6315 35 24 re-

4376 6343 141 32 mercie,
4553 6339 257 38 répondit-elle,
4839 6343 300 41 tranquillement,

4375 6384 137 25 comme
4522 6384 28 25 si
4580 6376 67 34 elle
4672 6387 45 24 ne
4734 6389 38 24 se
4783 6379 184 38 souvenait
4982 6384 43 33 de
5049 6384 86 35 rien.

4415 6429 158 33 Madame
4584 6431 130 32 Juzeur
4721 6433 98 35 parla
4835 6443 45 26 au
4884 6436 110 38 jeune
5002 6436 142 37 homme

4374 6467 103 34 d'une
4491 6469 118 33 vieille
4623 6470 150 35 dentelle
4786 6475 128 40 qu'elle
4926 6476 144 35 désirait
5093 6480 48 33 lui

4374 6509 168 37 montrer,
4557 6519 90 32 pour
4671 6513 99 33 avoir
4793 6519 65 28 son
4884 6515 97 40 avis;
4995 6517 33 33 et
5042 6519 25 32 il
5081 6521 63 32 dut

4372 6549 191 38 promettre
4587 6549 152 37 d'entrer
4754 6562 48 24 un
4819 6554 131 35 instant
4963 6556 81 34 chez
5060 6560 78 39 elle,

4370 6587 33 33 le
4416 6587 213 38 lendemain.
4645 6592 97 39 Puis,
4755 6601 136 27 comme
4911 6595 112 35 l'abbé
5046 6600 71 32 Mau-

4370 6627 77 32 duit
4474 6631 158 32 revenait
4667 6632 87 33 dans
4786 6633 33 33 le
4853 6634 111 41 salon,
4981 6638 66 33 elle
5061 6639 66 40 l'ap-

4369 6667 90 40 pela,
4475 6667 33 34 le
4522 6669 41 34 fit
4577 6671 142 40 asseoir,
4735 6672 81 37 d'un
4843 6674 53 34 air
4923 6676 44 34 de
4993 6678 131 33 ravisse-

4369 6709 109 33 ment.

4439 6776 37 33 (A
4493 6777 125 35 suivre)
4853 6782 107 31 EMILE
4981 6785 123 27 ZOLA.
5114 6772 12 32 1

396 193 38 25 7

2212 168 70 40 LE
2309 169 247 44 GAULOIS.
2583 191 48 8 -
2659 171 282 41 MERCREDI
2967 171 26 39 8
3022 161 243 51 FÉVRIER
3295 172 106 40 1882

4403 6901 67 32 Les
4483 6909 190 28 nouveaux
4684 6909 150 34 abonnés
4859 6915 196 35 recevront,
5073 6922 64 25 sun

4364 6956 78 31 leur
4449 6957 180 43 demande,
4645 6961 74 32 tout
4733 6971 38 25 ce
4776 6967 63 37 Qui
4847 6973 24 25 a
4877 6974 94 30 paru
4980 6971 43 30 de
5036 6970 100 33 notre

4362 7007 178 38 feuilleton
5070 7031 66 31 par

4363 7062 120 35 HMILE
4498 7065 107 32 ZOLA.
