4980 6914
194 1336 170 37 INHOUD
384 1344 94 30 VAN
498 1344 87 30 HET
607 1344 275 31 BIJVOEGSEL:

99 1413 57 43 *W
221 1415 18 20 a
255 1416 35 30 °P
293 1409 56 28 st°l
366 1419 57 20 van
445 1410 56 30 don
519 1410 70 30 hoor
608 1410 40 30 N.
663 1409 39 31 G.
724 1410 136 38 Pierson,
872 1410 136 39 getiteld:

97 1459 19 28 öi
118 1473 26 26 6ll
154 1444 56 27 oms
211 1449 431 40 tenofVormogensbelas!ing
785 1453 223 30 buitcnlandscb.

97 1483 71 50 Qe»*
170 1489 13 19 8
191 1506 6 12 '
221 1489 18 27 3
241 1487 21 31 °-
282 1492 105 38 stoiog
407 1502 57 19 van
485 1494 35 27 do
541 1494 128 28 Tweede
690 1494 111 28 Kamer
819 1495 52 28 der
892 1495 117 30 Staten-

94 1540 25 32 Hi
120 1557 13 20 9
144 1525 72 31 Braal
226 1539 38 28 °P
276 1533 38 28 29
330 1533 86 35 Nov.;
494 1534 106 38 zitting
613 1535 52 30 dor
686 1535 184 39 koninklijke
891 1538 116 27 Acade-

94 1566 105 47 HjVaj,
223 1572 275 40 Wetenschappen;
522 1577 40 28 s°.
585 1578 64 27 drie
669 1578 181 38 ingezondon
870 1579 137 35 stukken,

93 1622 39 38 *4q
154 1611 21 39 a.
200 1618 70 25 oPer
292 1615 38 30 do
359 1617 116 28 nieuwe
500 1618 93 35 kado,
626 1619 15 28 b
663 1629 71 19 ovor
764 1619 50 30 hat
842 1620 164 28 zoekraken

93 1665 34 33 \
482 1659 129 35 brieven,
633 1670 15 18 c
669 1670 71 19 ovor
759 1661 50 28 het
830 1670 103 26 wapen
956 1661 52 28 der

129 1687 53 28 aicr
183 1698 43 31 >e;
247 1696 40 30 6°.
309 1698 213 30 advertontiën.

146 1766 73 18 "^g*^'fT|
243 1775 5 8 I
257 1776 22 7 UW
293 1778 712 6 |i|lWW__^_______i__i___^ia_____lMl___«___U__^__WW_W_i__i

112 100 159 148 T*.
308 141 428 107 14354

1131 86 2 109 Nieuwe
1133 86 776 109 Amsterdamsche
2004 86 764 109 Courant.

4345 143 182 100 A°.
4567 143 360 100 18T6.

280 443 1760 409 ALGEMEEN
2192 444 2513 407 HANDELSBLAD.

244 946 474 37 ABONNEMENTSPRIJS
745 952 125 32 VOOR
892 953 136 32 DRIE
1051 950 243 34 MAANDEN:

105 1007 38 40 4fz
211 998 158 27 msteraam
488 1000 30 37 /
530 999 83 30 6-—.
656 999 85 31 Voor
757 1000 37 30 de
814 1003 122 39 overige
956 1000 132 40 plaatsen
1109 999 53 31 des
1181 998 86 38 ryks.
1280 998 122 39 ...ƒ7.
1410 1016 53 14 —.

104 1050 20 40 }}
161 1038 15 21 n
178 1037 120 41 derlijke
320 1055 190 21 nummers..//
524 1046 84 30 0.08.
652 1046 206 43 Bestellingen
878 1059 37 19 en
935 1057 168 31 aanvragen
1113 1046 117 41 franco
1250 1045 31 30 in
1294 1049 28 27 te
1337 1045 128 34 zenden.

104 1098 37 43 \t
154 1082 149 52 /CWartaa'
321 1102 67 20 moe
392 1096 9 12 *
422 1093 131 31 voldaan
574 1096 59 39 zijn
654 1096 132 40 uiterlijk
807 1107 39 28 op
866 1096 58 30 den
944 1096 40 30 15
984 1096 37 15 4t*
1041 1104 58 20 van
1119 1093 38 30 de
1176 1094 21 28 3
1241 1093 119 31 maand.

241 1140 161 38 verschijnt
420 1141 163 39 dagelijks,
605 1142 128 32 behalve
750 1154 40 28 op
810 1143 104 31 enkele
932 1142 180 39 feestdagen.

1848 966 488 130 Vrijdag
2372 965 65 96 1
2476 969 683 100 December.

1788 1117 685 44 ÜITGEVERS-DIREOTEUREN:
2497 1122 337 38 GEBROEDERS
2854 1124 330 37 DIEDERICHS.

3402 902 963 22 mgmmmmmmmtmmmmmmmmmmmaammmawmawmaWammKmawmmßavsmmammmmmmm
4807 901 71 17 >iii'"i
4890 901 15 14 it

3893 950 117 32 PRIJS
4036 948 92 31 DER
4152 948 372 30 ADVERTENTIEN:

3516 1006 69 31 Van
3606 1015 64 21 een
3696 1009 43 25 tot
3761 1011 71 21 vijf
3853 1010 119 31 gewone
3992 998 93 39 regels
4097 998 31 39 ƒ
4144 997 79 28 1.25.
4267 996 77 28 Elke
4367 996 80 40 regel
4469 1006 96 20 meer.
4578 992 241 43 ...........f
4830 991 72 32 0.25

3519 1057 178 34 Aanvragen
3730 1049 185 39 vermelding
3947 1057 59 19 van
4036 1044 182 40 liefdegiften
4240 1044 118 27 worden
4381 1043 146 40 geplaatst
4550 1054 51 28 per
4623 1043 80 40 regel
4724 1055 18 18 a
4765 1043 39 28 15
4826 1044 84 26 tent*.

3519 1101 157 30 Reclames
3685 1098 37 31 of
3726 1096 233 39 aanbevelingen
3971 1094 145 41 (beneden
4129 1093 51 30 het
4193 1089 241 32 Binnenlandsch
4447 1089 137 39 Nieuws)
4596 1101 52 28 per
4657 1090 81 40 regel
4749 1101 18 18 a
4776 1089 43 30 50
4828 1093 81 25 cents

3519 1152 111 30 Groote
3652 1148 98 30 letters
3771 1143 120 31 worden
3913 1142 148 30 berekend
4082 1150 72 19 naar
4174 1140 52 28 hot
4247 1136 99 32 aantal
4363 1147 117 30 gewone
4499 1135 117 43 regels,
4638 1137 51 30 dat
4715 1137 37 39 zij
4773 1135 135 31 beslaan.

107 1209 405 34 .«Oüï©AGENTEN
528 1217 47 27 IN
592 1217 87 27 HET
696 1217 296 30 BUITENLAND:
1015 1219 126 37 Berlijn,
1161 1217 38 30 R.
1220 1218 126 37 Mosse;
1369 1220 133 38 Brussel,
1524 1220 39 31 A.
1584 1222 41 30 N.
1645 1222 149 30 Lebegtje
1815 1222 27 27 &
1865 1220 25 30 C
1892 1219 37 35 O.;
1951 1218 162 37 Frankfort
2134 1213 92 38 aIM.,
2249 1213 39 30 G.
2309 1213 35 30 L.
2365 1213 117 31 Daube
2503 1220 28 27 &
2554 1220 25 31 C
2580 1221 39 35 O.;
2640 1221 164 37 Hamburg,
2824 1220 229 30 Haasenstein
3074 1221 27 28 &
3124 1220 149 37 Voqlee;
3296 1221 136 35 Londen,
3452 1220 40 30 A.
3515 1220 154 30 Matjeice
3690 1228 38 20 en
3748 1218 176 30 Cathrall
3946 1218 28 28 &
3996 1224 66 21 van
4083 1215 145 33 Putten;
4250 1214 116 38 Parijs,
4387 1213 54 28 Ha
4443 1220 76 28 vas,
4541 1213 138 28 Laffitk
4703 1211 98 28 _C.

302 1833 471 40 BINNENLAND.

165 1963 280 45 AMSTERDAM,
467 1972 178 38 Donderdag
666 1972 39 30 30
728 1972 170 30 November.

91 2048 35 33 goj
142 2029 32 57 °J
198 2037 226 38 correspondent
445 2040 51 27 der
521 2041 86 27 Köln.
628 2040 118 35 Zeitung
767 2037 26 31 is
813 2039 31 30 in
866 2039 47 30 het
932 2039 74 30 bezit

91 2086 46 27 IL
142 2072 48 47 1*,',
209 2083 57 22 van
286 2079 50 28 bot
356 2083 143 34 ontwerp,
523 2081 50 28 dat
594 2081 70 30 door
685 2081 34 28 de
737 2081 157 28 Russische
907 2091 98 28 regoe-

89 2113 54 51 Wl
202 2117 46 45 .^°
269 2120 177 30 c°nferentie
469 2121 44 28 zal
530 2122 122 32 worden
673 2122 155 37 ingediend
849 2132 37 19 on
907 2124 51 28 dat
969 2124 35 27 de

89 2169 19 30 >U
111 2183 5 19 (
116 2184 8 8 v
124 2190 7 12 <
131 2154 40 43 ,0l'
174 2156 116 40 mingen
321 2163 129 35 schetst,
480 2164 47 28 dio
550 2164 35 37 zij
613 2173 69 19 voor
704 2164 150 37 Bulgarije
875 2165 131 27 wenscht

110 2198 27 51 Y
138 2192 17 22 v
157 2199 65 27 °erd
240 2205 28 25 te
288 2202 73 30 zien.

86 2252 12 22 «
98 2259 12 21 t
138 2267 7 5 .
391 2244 78 28 luidt
487 2244 43 30 dit
548 2244 69 39 plan
632 2245 43 30 als
686 2245 90 38 volgt.
801 2245 59 38 Wij
874 2244 130 37 vestigen

149 2281 13 18 8
182 2283 141 31 aandacht
346 2295 57 27 op,
424 2287 51 28 dat
498 2287 133 30 Rusland
652 2288 31 28 in
709 2289 54 27 den
784 2285 110 31 aanhef
917 2285 86 37 blijk-

85 2324 37 45 W
138 2350 15 20 k
222 2329 9 22 '
253 2326 99 30 willen
364 2330 28 25 te
407 2329 219 35 gemootkomen
652 2339 54 19 aan
729 2330 47 28 het
797 2329 141 33 bezwaar,
953 2327 48 28 dat

85 2376 52 33 «Ojv.
157 2365 12 19 e
170 2370 65 31 or'p
254 2367 150 38 Bulgarije
423 2378 90 27 geeao
533 2375 80 24 vaste
634 2370 168 30 beteekenis
822 2368 87 31 heeft.
943 2368 61 28 Het

85 2418 40 21 w
139 2433 7 7 ,
161 2407 33 22 Qe
211 2413 148 31 gewesten
379 2420 47 27 op,
448 2409 47 30 die
515 2415 139 25 voortaan
676 2415 43 25 tot
737 2411 146 39 Bulgarije
907 2408 94 30 zullen

113 2440 70 61 y1^
203 2451 157 33 gerokend.

85 2502 25 30 ?6
111 2515 21 24 V
201 2496 34 22 Ds
276 2496 24 22 lt
319 2496 133 35 ontwerP
470 2493 65 35 dan,
549 2492 43 30 Kal
613 2493 150 39 Bulgarije
775 2504 52 19 een
842 2496 157 26 autonoom

84 2539 32 34 tty
150 2525 25 25 st
208 2538 118 22 vormen
365 2543 56 20 van
455 2535 51 28 het
535 2535 154 30 Turksche
724 2536 58 35 rijk
813 2544 35 19 en
883 2535 116 27 bestaan

85 2582 26 31 *a
111 2596 17 25 H
145 2570 83 52 T3i,T^
229 2577 81 32 ayets
324 2583 54 19 van
391 2576 56 27 (ion
575 2585 37 19 en
624 2587 57 19 van
696 2577 87 34 Sofia,
794 2577 35 26 de
841 2574 159 37 Sandsjaks

84 2613 40 35 W
144 2614 15 17 ■*■
170 2607 185 45 bilippopolis
378 2626 35 18 on
436 2627 57 18 van
514 2617 103 30 Slivno
628 2628 35 18 on
676 2619 35 27 do
722 2616 196 39 Bulgaarsche
928 2620 58 24 stre-

83 2663 52 38 **W
154 2652 21 50 Vi
171 2656 37 24 an
240 2655 183 31 Macedonië.
449 2657 60 30 Het
541 2659 102 37 geheel
665 2660 93 27 wordt
775 2655 228 31 administratief

226 2705 31 19 *n
289 2699 282 28 *rrondisaenienten
607 2699 32 28 °f
666 2700 125 27 kantons
809 2698 189 39 (Moodirlik)

80 2735 40 46 Ijjlj
146 2733 120 33 Usschen
281 2739 35 27 de
327 2739 57 35 vijf
391 2748 35 18 en
443 2740 185 26 tionduizend
638 2740 100 26 zielen.
759 2739 58 27 Zoo
829 2738 65 28 veel
905 2748 76 27 moge-

80 2780 38 43 4(jj
169 2776 64 30 01-dt
256 2779 37 28 de
313 2779 234 38 tegenwoordige
565 2779 148 38 indceling
732 2779 168 38 behouden,
919 2790 79 21 rarrar

80 2818 24 39 kl
104 2842 13 20 e
118 2837 6 6 -
152 2811 54 33 kan
219 2820 120 28 worden
347 2820 163 39 gewijzigd,
523 2830 137 20 wanneer
671 2822 34 28 de
717 2822 125 28 kantons
854 2823 105 28 anders
970 2826 28 25 te

79 2869 45 38 %t
148 2859 125 37 ,Zou-den
294 2864 129 33 worden,
448 2864 33 28 of
508 2863 41 28 dit
570 2863 187 39 wensehelyk
780 2864 94 30 wordt
895 2865 103 38 geacht

80 2911 26 31 «H
214 2909 54 31 oog
292 2913 38 28 op
351 2904 98 28 betere
476 2904 170 38 verdeeling
672 2907 137 28 tussehen
829 2907 168 30 christenen

78 2952 58 41 **ld
167 2975 7 18 1
202 2949 180 26 mmeaaneni
411 2948 67 27 A-an
501 2948 69 27 deze
594 2948 125 28 kantons
737 2948 94 30 wordt
847 2957 52 19 een
920 2948 78 30 ruim

78 2993 24 27 *o
103 3006 20 25 0(
123 3004 8 28 j
151 2981 25 24 a'
201 2992 130 30 gegeven
351 2987 31 27 in
406 2988 51 27 het
480 2988 106 27 beheer
606 2989 116 28 hunner
755 2989 102 37 eigene
886 2991 110 34 zaken,

154 3054 7 18 1
182 3031 31 20 ZQ
234 3027 105 28 Z0Bdflr
366 3027 172 39 inmenging
568 3031 52 27 der
652 3031 124 37 hoogere
807 3030 189 28 autoriteiten

117 3096 14 18 o
138 3059 26 54 8i
165 3067 33 25 en
216 3074 70 21 0rer
324 3078 15 19 9
364 3070 168 38 vcrdeeling
555 3071 52 27 der
632 3071 110 34 lasten,
768 3071 50 27 het
835 3070 161 35 aanloggen

78 3116 53 38 *°tid
350 3119 31 19 cr
391 3120 99 27 wegen
496 3132 6 13 >
515 3112 34 26 de
561 3111 99 37 poli^c
676 3120 61 18 enz-
755 3111 126 27 Daartoe
893 3110 102 34 wordt,

78 3151 25 35 tl,
104 3171 11 20 r
133 3143 30 22 er
182 3150 118 28 aanzien
322 3161 56 19 van
396 3151 272 38 geloofsbelijdenis,
685 3151 45 27 uit
750 3150 243 38 afgevaardigden

78 3182 64 53 W)
157 3190 129 30 aXeenten
298 3202 52 19 een
363 3193 70 28 raa<*
449 3202 56 18 van
537 3196 27 22 et
574 3191 110 28 kanton
696 3191 145 38 gorormd.
857 3191 69 28 Aaa
943 3191 51 28 het

154 3229 56 27 VaQ
229 3231 90 30 dozen
337 3234 71 27 raad
418 3242 37 20 en
470 3242 56 19 van
546 3233 48 28 het
605 3233 118 38 geheels
733 3234 109 27 kanton
854 3237 77 24 staat
940 3242 53 20 een

77 3269 103 51 >0fj,,jir'
201 3274 126 33 gekozen
348 3275 69 28 door
443 3275 54 28 don
520 3275 331 39 gourernour-generaal
861 3275 45 30 uit
922 3286 70 20 eene

77 3311 20 35 l)
98 3334 12 20 6
126 3337 6 12 ,
145 3311 46 25 rac
194 3311 32 30 ht
246 3325 57 19 van
327 3320 74 25 twee
417 3327 150 26 personen,
580 3320 172 34 opgemaakt
763 3319 71 27 door
843 3319 57 28 den
913 3319 78 28 raad.

145 3353 46 25 9"'
193 3360 54 22 0118
267 3358 118 27 worden
411 3358 156 34 vercenigd
587 3364 43 21 tot
651 3359 159 34 Sandsjaks
831 3360 91 28 onder
939 3371 52 19 een

77 3396 35 43 d.«r
143 3392 106 39 essarif,
275 3398 139 27 benoemd
433 3397 70 28 door
522 3398 34 27 de
578 3398 100 33 Porte,
691 3398 92 27 onder
794 3398 198 35 goedkeuring

155 3437 193 28 °£°ndhedon.
369 3438 45 28 Da
433 3438 183 30 ambtenaars
634 3438 57 38 zijn
704 3438 175 30 Christenen
887 3438 33 28 of
927 3438 45 28 Mo-

76 3471 185 51 t'flit\°^anen
273 3477 27 30 **
313 3489 70 18 naar
393 3480 106 37 »a^anS
510 3490 31 17 m
554 3480 83 37 eenig
650 3480 146 37 Uandsjak
814 3480 161 37 (Moetessa-

76 3516 46 33 lw
137 3523 9 18 '
157 3511 33 30 de
204 3520 197 28 meerderheid
422 3522 51 26 der
485 3521 155 35 bevolking
652 3522 44 26 uit
706 3521 165 27 christenen
880 3521 33 27 of
934 3529 59 19 mo-

170 3554 92 33 dancn
283 3561 120 26 bestaat.
426 3560 44 33 Zij
484 3561 306 34 vertegenwoordigen
802 3561 56 25 den
869 3568 122 27 gouver-

76 3599 38 41 W
324 3599 112 28 hebben
444 3602 27 24 te
478 3607 105 27 zorgen
594 3607 67 19 voor
671 3600 46 26 het
725 3600 111 27 behoud
846 3600 50 27 dor
902 3608 72 26 open-

74 3643 26 37 de
150 3638 81 37 orde;
265 3640 56 30 ook
341 3639 120 30 oefenen
483 3639 35 35 zij
541 3639 123 27 toezicht
685 3646 38 27 op
744 3639 35 26 de
801 3638 132 28 Moodirs
954 3647 37 18 en

74 3672 86 53 W^
163 3685 35 21 etl
221 3684 51 27 dor
292 3684 133 28 kaBtons.
458 3680 84 31 Ieder
563 3680 84 27 dezer
670 3679 150 27 beambten
833 3678 78 28 heeft
921 3686 70 19 eene

74 3712 57 58 \*
131 3711 56 33 C'ar
189 3730 18 27 y
230 3732 37 21 en
286 3735 53 19 cen
357 3725 70 28 raa(l
449 3733 56 19 van
526 3731 63 21 v'er
609 3731 18 28 P
631 3730 130 27 orsotleD)
783 3720 128 37 gekozen
921 3719 71 28 door

74 3771 20 28 H
97 3784 34 30 a|jl
131 3759 332 54 puverneur-gcnoraal
485 3765 44 31 uit
547 3774 69 21 eene
638 3762 246 39 candidatetilijst,
905 3770 86 28 opge-

175 3802 71 45 ?00r
267 3808 35 27 de
326 3808 129 28 Moolirs
477 3816 38 20 on
536 3808 37 27 de
593 3806 126 30 hoofden
741 3806 51 28 t'er
809 3808 181 35 gemeenten.

74 3844 67 43 W>-
208 3855 14 18 e
244 3849 94 28 T/ord'
357 3850 139 37 gevormd
522 3849 44 30 uit
587 3848 223 39 inboorlingen,
833 3856 71 21 naar
924 3855 51 20 ver-

73 3881 109 48 rj6,DS
119 3881 15 48 r
211 3888 52 30 der
287 3889 325 38 geloofsbelijdenissen.
653 3891 59 30 Tot
739 3898 233 30 gouverneur-ge-

73 3934 41 40 *|jf
136 3954 5 5 •
183 3933 58 25 Van
274 3932 100 35 ge^ee^
400 3932 149 35 Bulgarije
572 3933 94 26 wordt
687 3943 71 18 voor
782 3933 54 28 den
861 3933 52 37 (ijl
935 3940 56 19 van

73 3966 12 34 ï
85 3973 8 17 >
93 3990 22 25 0j
116 3965 25 46 .,,'
144 3967 45 25 aro
193 3977 28 28 Qj
241 3974 50 26 ten
315 3972 122 38 govolgo
457 3983 86 19 eener
566 3973 221 30 overeenkomst
807 3974 136 30 tussehen
956 3972 35 28 do

73 4015 38 40 t«n
135 4038 6 9 ,
167 4013 35 24 ea
229 4012 35 28 de
291 4015 226 37 waarborgende
548 4016 236 35 mogendheden,
810 4025 52 19 een
887 4015 87 28 Chris-

73 4058 44 38 ma
154 4051 132 40 'no«md,
317 4056 47 27 die
396 4057 35 26 de
461 4056 59 28 taal
548 4064 58 20 vaH
633 4057 50 27 hot
710 4056 70 28 land
811 4059 76 25 moet
918 4056 53 27 ken-

72 4094 54 43 0j)'
104 4094 11 43 e
156 4090 74 32 Wem
250 4097 94 27 wordt
361 4097 48 27 het
430 4098 80 26 recht
528 4107 129 28 gegeven
678 4103 43 22 tot
742 4096 188 35 handhaving
939 4095 52 27 der

72 4130 48 45 ïfj.
151 4134 45 24 are
227 4137 69 28 orde
324 4142 28 24 te
383 4137 176 30 beschikken
582 4148 70 19 over
672 4140 34 27 de
726 4137 137 30 militaire
882 4135 105 27 macht.

72 4182 52 40 *fj,«
164 4169 65 35 hom
252 4183 76 24 staat
348 4188 70 19 eene
442 4181 330 37 vertegenwoordiging,
795 4175 138 40 gevormd
945 4174 43 28 uit

324 4220 52 28 der
406 4221 139 34 kantoDS,
572 4231 71 18 Baar
664 4220 181 33 verhoudiug
865 4227 57 17 van
939 4215 51 26 het

72 4264 57 34 fSW
170 4252 155 39 inwoners.
367 4261 139 37 Jaarlijks
526 4263 90 28 houdt
635 4263 69 27 doze
725 4253 263 41 vertegonwnordi-
1004 4265 2 5 •

72 4305 56 39 v«r»
146 4297 67 28 e°n°
235 4303 104 28 maand
360 4303 104 35 zitting
484 4304 31 27 in
534 4304 34 27 da
593 4302 156 30 residentie
770 4307 57 18 van
841 4298 56 26 den
909 4296 79 27 Gou-
1004 4290 2 41 )

72 4343 22 31 t<s
372 4349 48 25 ten
443 4344 84 30 einde
548 4345 34 27 de
602 4343 141 34 belangen
767 4339 51 27 der
840 4335 148 40 provincie

72 4374 219 54 C0aj?.andclon.
324 4385 53 31 Uit
396 4385 71 28 haar
489 4385 115 28 midden
626 4383 93 26 wordt
737 4390 52 18 een
802 4381 187 34 permanente

72 4422 40 41 dcy
234 4427 144 34 gekozen,
397 4427 47 28 dia
464 4426 31 30 in
517 4422 207 39 gemeenschap
749 4423 58 25 met
819 4420 33 27 de
863 4416 124 31 hoofden
1004 4416 2 14 1

73 4469 44 38 »«„
126 4455 207 39 Voi'schillendo
353 4465 419 39 god»dioii8t:;or,ootscliappon
795 4461 56 27 den
866 4468 105 28 gouver-

72 4509 47 31 •W
141 4500 275 40 ,v°rdttoccrevoen'd
431 4507 43 28 ah
485 4506 69 27 vaa'4
567 4514 56 18 van
634 4505 129 27 bestuur.
787 4502 67 30 Aan
865 4504 35 27 do
912 4501 77 38 alge-

72 4551 52 39 Va
149 4576 12 11 j
183 4548 321 37 VertageawoorJiging
528 4548 51 27 des
600 4546 83 28 laudn
707 4546 73 35 blijit
802 4546 184 33 orergclaten

72 4585 27 37 ')o
100 4609 26 25 0r
129 4578 117 48 tlj0ring
274 4592 85 27 dezer
384 4590 171 39 bepalingen
585 4598 69 20 voor
680 4592 28 25 te
737 4587 99 38 slaan,
860 4587 47 28 die
932 4585 56 28 dan

221 4630 90 30 Porto
339 4631 33 28 in
396 4632 117 37 overleg
535 4637 58 22 met
617 4632 35 27 do
676 4631 224 35 waarborgende
925 4638 61 18 mo-
1004 4632 2 40 j

87 4684 12 20 6
117 4688 24 31 iu
152 4664 48 50 e-^
204 4677 18 20 n
243 4677 113 26 ""'O0'011
376 4674 117 30 worden
510 4674 214 39 goedgekeurd.
759 4672 46 30 De
830 4680 69 27 zorg
920 4677 70 21 voor
1005 4700 2 4 ,

72 4716 27 31 't)
139 4735 17 11 ..
170 4711 48 26 ltla
240 4716 94 26 wordt
359 4716 168 35 voorloopig
543 4717 183 34 opgedragen
738 4724 53 18 aan
807 4716 54 26 dsn
874 4713 116 30 Jloedir
1005 4722 2 18 i

72 4746 83 54 hrj^J
162 4753 15 21 0
204 4756 80 28 raad.
330 4755 66 30 Van
415 4755 66 31 hom
502 4756 26 30 is
548 4766 33 19 or
602 4757 104 37 beroep
726 4766 37 28 op
785 4755 35 30 de
842 4754 146 40 gerechts-
1005 4753 1 8 '

72 4792 34 34 dir.
110 4817 14 22 ft
181 4800 54 21 van
266 4801 113 24 eersten
400 4799 112 34 aanleg.
555 4799 169 28 Gescliillen
746 4799 135 28 tussolien
904 4795 86 38 gods-
1005 4795 1 41 |

152 4832 44 32 'SQ
216 4840 252 37 genootschappen
490 4840 105 27 komen
618 4848 70 20 voor
709 4840 35 27 de
764 4837 168 41 geestelijke
941 4846 33 30 ge-

73 4879 69 43 foi^'
155 4873 97 32 ao?on.
294 4880 40 27 Al
358 4880 34 26 de
412 4880 118 37 overige
554 4880 158 35 gesshillen
733 4881 104 27 komen
863 4890 70 18 voor
953 4879 37 27 de

72 4922 27 31 'H
312 4920 216 37 rechtbanken,
565 4922 72 30 wier
671 4920 319 31 rechters-Christenen

72 4961 45 40 *Hjj
157 4957 14 20 a
604 4963 120 38 volgons
756 4964 35 27 do
817 4963 174 37 bepalingen
1005 4954 2 50 J

110 5020 40 28 t^^
154 4993 54 33 t'e'1
252 5002 98 31 '/Codo
598 5004 35 28 In
677 5004 57 30 alls
771 5004 219 38 hoofdplaatsen

100 5048 31 38 Ift
163 5070 7 18 i
193 5042 197 31 rec^tDanken
411 5055 56 18 van
489 5050 113 24 eersten
624 5047 103 35 aanleg
751 5046 161 39 gevestigd.
944 5046 46 27 De

118 5107 13 20 r
131 5118 8 7 .
150 5118 7 11 y
189 5087 14 19 r
235 5086 130 28 rechters
392 5087 96 27 v/ordt
519 5087 139 28 benoemd
690 5088 70 27 door
788 5088 54 26 den
865 5094 57 30 gou
926 5094 80 27 ver-,

131 5153 13 17 e
144 5121 130 41 iriaeraa^
314 5131 45 25 u'*
399 5127 171 30 candidaten
608 5128 51 27 der
689 5130 139 32 kantons;
867 5128 35 25 do
933 5135 58 18 we-
1005 5135 2 18 i

77 5173 46 34 »*jj
149 5190 7 7 ,
206 5163 70 32 door
307 5169 56 28 den
391 5169 157 37 gewestelij
554 5170 54 27 kon
640 5169 71 28 raad
742 5169 44 27 uit
815 5166 175 28 candidaten
1005 5159 2 38 !

145 5202 48 43 7^
215 5205 202 33 Gouveriieui'.
442 5207 177 39 VbötlöOpig
639 5210 119 26 worden
778 5209 129 27 rechters
922 5216 69 19 voor
1005 5211 2 20 i

73 5250 65 40 'e%
158 5241 37 31 '^
224 5256 17 18 v
243 5258 37 19 »n
313 5261 52 19 een
383 5251 66 37 jaar
470 5249 148 32 benoemd.
663 5250 45 27 De
730 5248 145 38 president
896 5257 37 18 en
954 5246 37 28 de

94 5303 37 24 o«
157 5283 27 24 f5
206 5285 50 31 '^er
278 5290 94 31 hoven
397 5301 53 18 van
472 5290 85 37 appèl
580 5290 116 27 worden
718 5289 138 27 benoemd
870 5288 69 27 door
954 5288 37 27 do

73 5326 17 30 tf
90 5339 32 31 *aj
150 5334 7 14 '
177 5329 90 30 °nder
287 5331 198 38 goedkeuring
501 5331 51 28 der
567 5329 208 38 mogouhoden.
796 5327 194 30 l)oo(liciee?e

73 5367 53 46 ton,,
155 5366 15 19 a
174 5369 15 20 °
210 5367 50 32 het
280 5379 110 32 gewest
411 5374 25 28 is
457 5370 187 41 Bnlgaarsch.
680 5369 35 31 In
737 5369 157 37 gemengde
915 5368 72 28 kan-
1005 5375 2 25 ;

74 5413 24 28 *e
100 5427 57 33 GQte
157 5400 110 41 bebben
300 5415 50 28 het
385 5414 177 39 Bulgaarach
593 5422 35 19 en
658 5413 48 28 hot
728 5412 99 28 Turks
835 5412 28 28 ih
885 5409 105 38 gelijke

74 5454 83 45 Seliji'
159 5447 25 24 n-
206 5448 138 44 Kerken,
359 5459 163 33 mo3keecn,
542 5454 126 38 scholen,
681 5453 165 39 hospitalen
867 5463 35 19 en
924 5453 67 27 der-
1005 5454 2 39 j

113 5516 14 15 6
393 5498 109 37 biyven
523 5498 30 28 in
576 5499 50 27 het
651 5497 74 30 bezit
748 5498 51 27 der
813 5500 161 33 tegenwoor-

73 5536 31 30 *U
130 5558 15 22 v
171 5532 139 34 '8enanrs.
343 5538 136 38 Vrijlieid
507 5550 70 18 v.>or
598 5539 56 27 alle
674 5537 315 39 geloofsbelijdenissen

73 5572 51 43 *ïet
151 5576 44 37 :''!"
224 5582 50 24 net
305 5583 146 33 openbaar
484 5580 156 37 onderwijs
660 5580 26 28 is
706 5578 283 30 hoofdvoorwaarde.

72 5616 30 32 *U
122 5640 15 21 4
175 5611 110 37 'komen
315 5622 51 27 der
398 5622 154 27 Turksche
575 5621 152 37 regeering
751 5621 45 27 uit
816 5621 37 27 de
873 5620 117 28 tienden

207 5662 14 19 0
241 5657 93 33 ■'as'ea
357 5663 96 28 wordt
474 5673 70 19 voor
566 5661 54 37 vijf
626 5661 84 38 jaren
722 5661 187 37 vastgesteld,
920 5669 71 19 naar

73 5694 70 51 **^Jk
157 5724 17 22 K
265 5711 15 18 e
291 5705 157 35 opbrengst
461 5705 51 27 der
522 5702 169 31 laatsteden
699 5701 94 37 jtren.
810 5701 181 37 Iletgowes-
1005 5702 2 30 [

73 5733 40 41 '%
117 5759 19 25 Si
193 5738 81 31 etuur
289 5746 129 26 verdeelt
432 5746 35 26 de
478 5746 92 27 lastsn
581 5753 69 19 over
657 5744 35 28 da
703 5741 207 30 verschillende
918 5741 73 28 kan-
1005 5745 2 22 !

144 5811 13 19 e
178 5779 47 26 eje
241 5781 120 39 bepalen
377 5786 34 28 do
425 5786 84 38 wijze
517 5798 57 18 van
581 5785 104 31 heffen.
700 5784 41 30 Al
749 5784 67 27 deze
824 5783 167 28 inkomsten
1005 5791 2 20 :

159 5815 72 38 1?'na
248 5824 96 32 aftrok
356 5829 51 27 der
417 5829 103 27 kosten
531 5838 57 18 van
600 5829 109 35 heffing
719 5836 35 18 en
765 5825 47 27 dia
822 5833 69 19 voor
901 5824 90 27 admi-
1005 5838 2 4 •

176 5859 14 19 6
209 5865 33 24 6n
261 5864 124 39 Jus!"'e'
409 5872 110 32 gestort
540 5870 38 35 by
591 5870 35 27 do
638 5865 216 32 Ottomanischo
867 5864 77 28 bank
954 5872 37 18 en

73 5896 89 59 Pttcj^
162 5896 15 21 11
189 5897 18 45 l.
201 5903 31 24 ot
242 5904 118 41 delging
372 5920 56 18 vaa
438 5910 231 28 staatsschulJon
679 5910 117 28 worden
804 5906 124 31 besteed.
946 5904 45 28 De

72 5942 26 30 111
117 5956 31 33 do
163 5942 85 47 'n,sc]
249 5955 27 19 10
307 5954 120 34 troepen
448 5961 103 27 mogen
574 5952 106 30 slechts
702 5950 154 38 garnizoen
876 5947 115 31 houden

72 5981 120 56 &it*dh<J
196 5983 65 31 aa,il:
261 5996 65 28 'Scn
356 6001 35 19 en
413 5994 117 33 andere,
555 5994 71 26 door
646 5994 35 26 de
703 5994 91 28 Porte
816 6001 38 19 en
874 5992 37 27 de
932 5996 40 21 mo-

104 6040 81 40 eöbar
191 6026 11 15 P
203 6028 24 21 'U
257 6038 191 38 '^Soweaea
470 6033 141 38 plaateen.
654 6034 59 30 Tot
731 6033 188 38 handhaving
940 6032 52 27 der
1005 6053 2 5 .

72 6073 26 47 H*
235 6070 156 35 Ve^'«beid
412 6076 94 27 wordt
527 6085 71 19 eene
622 6076 202 37 burgerwacht
846 6072 146 40 gevormd,
1005 6073 2 8 '

123 6130 32 26 e&
181 6105 37 57 '\t
228 6105 33 31 *'e
291 6113 175 31 '-'h"8'-011611
491 6116 189 37 Christelijke
702 6125 35 20 en
758 6118 35 27 do
815 6118 178 27 Mohamme-
1005 6110 2 11 '

142 6176 17 27 g
161 6181 13 19 e
176 6176 26 27 j..
220 6146 275 39 °bammodaar(Sch<!
519 6157 148 30 officieren
685 6159 124 37 hebbe»,
827 6157 168 31 intutschen
1005 6151 2 13 '

117 6208 14 21 a
138 6209 34 30 -b'
187 6229 28 9 u.
253 6195 126 31 recbten.
413 6198 45 28 De
474 6190 335 45 gouverneur-generaai
821 6200 25 30 is
857 6200 122 38 oppsrbe-

123 6244 102 37 *orn.'
398 6240 79 28 icsder
493 6241 89 27 ander
594 6241 270 38 hervormingsplan
878 6244 58 26 kan
946 6241 50 28 het

76 6272 76 43 "'tisp
172 6270 76 54 i.p°
266 6274 106 45 flechts
396 6281 116 27 worden
527 6281 171 37 uitgevoerd
712 6289 58 20 mot,
782 6282 216 37 medewerking

189 6351 13 15 6
262 6320 44 24 'w
334 6321 103 35 nwcht,
469 6322 79 27 stsrk
576 6328 126 31 genoeg,
731 6332 45 18 om
798 6324 58 28 alle
875 6333 105 28 ongcre-

100 6364 83 43 pïden
202 6354 20 53 t*
244 6357 30 22 ta
295 6366 14 18 v
314 6363 167 30 °orkomen.
513 6363 61 30 Hot
594 6363 214 35 oppartoezicht
829 6366 120 27 behoort
971 6370 27 24 te

84 6429 7 19 i
111 6411 28 21 er
157 6413 41 32 Ie'
215 6397 202 34 08verIr01lwd
429 6413 54 19 «an
498 6412 71 20 «cna
587 6402 223 31 internationale
828 6406 171 35 commissie,

125 6436 93 54 verk'"°
222 6438 26 39 D-
260 6443 141 30 ,n'nsten3
422 6444 165 38 gedurende
604 6452 71 19 eene
696 6444 104 27 maaad
821 6445 31 27 in
874 6448 48 27 het
933 6448 65 35 jaar

208 6477 130 40 eilDgen,
359 6485 35 28 de
417 6485 213 31 administratie
657 6495 35 19 en
720 6484 35 28 do
783 6485 217 41 rechtspleging

111 6572 13 20 r
124 6578 14 19 °
158 6578 51 37 Bni
210 6556 80 50 USV°.!'
312 6562 50 32 hot
381 6567 158 31 Russische
561 6568 77 39 plan,
664 6568 48 27 dat
733 6575 58 19 van
814 6566 48 28 het
883 6569 102 30 vrucht-

78 6602 93 45 ►5^*0.
194 6599 93 48 U,8aT^.
291 6609 14 18 e
320 6612 52 21 cen
387 6618 57 20 van
463 6611 34 27 de
511 6609 187 39 gelukkigste
713 6607 106 28 landen
839 6612 44 24 tor
894 6612 109 27 wereld

122 6658 13 19 r
137 6658 14 25 k
156 6679 15 17 V
176 6673 14 19 ö
280 6645 98 31 *n(^'en
404 6651 50 28 bet
476 6653 73 37 goed
572 6652 93 28 wordt
685 6648 169 38 uitgevoerd
876 6659 37 20 en
933 6659 69 22 voor

78 6683 32 28 6q
124 6692 33 32 de
157 6709 14 19 r
189 6681 34 38 -*
226 6684 25 38 'V
265 6699 8 13 '
294 6687 83 30 rQeda
397 6691 92 28 alleen
508 6692 45 28 uit
570 6693 50 27 het
631 6696 129 34 oogpunt
775 6692 51 26 der
837 6691 167 31 inkomsten

112 6724 50 43 ila
164 6751 30 21 av
219 6723 14 41 ?
347 6728 31 30 in
399 6731 51 30 het
465 6733 159 37 algemeen,
641 6744 52 19 een
705 6743 90 27 z?gen
806 6742 53 19 zou
874 6732 130 30 worden.

219 6762 56 28 Wl
295 6765 35 27 da
351 6768 90 32 Porte
464 6783 35 19 en
522 6780 59 24 met
592 6777 70 26 haar
672 6775 152 28 misschien
837 6774 167 39 Engeland)

1024 1350 4 30 j
1046 1342 124 30 zeggen:
1198 1333 66 30 //het
1285 1344 100 28 venyn
1402 1337 40 28 zit
1462 1337 31 30 in
1514 1338 56 30 dan
1731 1336 105 30 Welke
1851 1333 137 30 militaire

1024 1380 5 32 !
1046 1376 96 28 macht
1166 1375 45 30 zal
1241 1376 48 28 het
1312 1385 119 30 wezen,
1463 1381 90 28 onder
1576 1380 71 30 wier
1668 1377 90 31 hoede
1782 1376 48 28 het
1852 1375 70 38 plan
1942 1374 45 28 zal

1009 1422 2 19 !
1046 1416 118 28 worden
1194 1416 168 38 ingevoerd.
1406 1421 131 28 Rusland
1557 1424 84 32 staat,
1667 1428 71 20 naar
1756 1427 66 19 men
1840 1420 84 32 weet,
1948 1424 39 28 op

1009 1465 2 19 i
1026 1457 2 35 \
1045 1459 133 37 bezeting
1199 1467 37 20 en
1256 1459 32 28 in
1307 1460 51 28 het
1381 1461 209 38 afgetrokkene
1613 1461 60 30 valt
1696 1461 57 27 dan
1773 1459 57 28 ook
1853 1456 61 30 niet
1930 1455 56 31 wel

1010 1512 19 17 •I
1045 1500 32 28 in
1108 1504 30 25 to
1166 1500 84 37 zien,
1279 1500 54 30 hoe
1354 1502 37 28 dc
1408 1507 76 25 staat
1509 1513 57 19 van
1585 1504 91 27 zaken
1697 1501 31 28 in
1750 1500 66 30 deze
1838 1501 148 35 gewesten

1025 1537 5 51 j
1045 1541 60 30 ooit
1126 1546 43 26 tot
1188 1543 185 38 verbetering
1393 1545 106 28 komen
1520 1546 70 33 kan,
1603 1545 106 27 zonder
1720 1543 50 30 dat
1778 1540 207 38 aanvankelijk

1009 1599 2 14 i
1025 1600 2 4 •
1045 1584 35 27 dc
1113 1584 70 27 orde
1211 1585 202 35 gehandhaafd
1431 1585 96 28 wordt
1551 1585 70 28 door
1641 1585 107 28 andere
1768 1587 137 33 troepen,
1928 1584 56 27 dan

1025 1643 2 5 ■
1045 1624 47 27 die
1121 1624 53 28 der
1202 1625 99 28 Porte.
1345 1626 46 27 Dc
1426 1636 90 26 vraag
1543 1626 107 27 echter:
1671 1626 26 26 is
1726 1624 33 28 of
1779 1624 136 28 Rusland
1941 1632 40 19 nu

1009 1670 2 6 '
1041 1663 76 37 juist
1142 1669 76 24 staat
1239 1674 38 27 op
1298 1675 70 18 eene
1389 1665 157 27 Russische
1569 1665 145 35 bezetting
1734 1674 37 18 en
1792 1663 34 28 of
1843 1665 48 26 het
1911 1663 71 34 niet,

1022 1704 6 43 j
1043 1703 96 30 alleen
1159 1704 52 27 het
1225 1706 92 35 goede
1336 1704 65 27 doel
1413 1704 150 35 willende,
1576 1706 56 27 ook
1642 1714 148 27 genoegen
1801 1714 53 18 zou
1876 1713 104 20 nemen

1022 1756 6 14 ï
1044 1748 58 24 met
1122 1743 107 28 andere
1248 1743 162 37 middelen,
1431 1744 69 28 mits
1521 1744 47 27 die
1589 1744 107 27 slechts
1717 1754 53 18 een
1792 1744 110 35 goeden
1920 1744 46 27 uit-

1009 1780 2 13 -1
1022 1774 5 40 I
1043 1783 64 37 slag
1127 1782 131 30 beloven.
1280 1783 73 30 Men
1374 1785 161 35 verzekert,
1554 1785 48 28 dat
1615 1785 34 28 do
1661 1785 156 28 Russische
1827 1786 154 38 regeering

1022 1834 6 35 j
1044 1828 59 25 wat
1113 1824 45 28 dit
1167 1824 106 28 betreft
1285 1825 61 27 zich
1357 1833 37 28 op
1406 1826 35 27 dc
1452 1833 50 20 cor
1506 1825 79 28 foren
1590 1826 38 27 tic
1639 1826 196 38 gemakkelijk
1846 1826 45 30 zal
1902 1826 78 31 laten

1022 1874 6 20 i
1043 1865 109 30 vinden
1162 1874 37 19 en
1209 1865 143 30 volstrekt
1362 1866 61 27 niet
1441 1876 189 20 voornemens
1641 1867 33 37 is,
1690 1867 107 30 andere
1808 1869 171 39 doelmatige

1022 1898 6 40 1
1044 1906 175 30 voorstellen
1240 1907 83 28 reeds
1342 1917 58 19 van
1422 1911 30 25 to
1469 1917 89 20 voren
1570 1911 30 25 te
1610 1917 181 30 verwerpen.
1814 1911 46 27 Dc
1871 1911 53 38 tijd
1935 1911 45 30 zal

1023 1955 5 34 \
1044 1950 44 27 dit
1108 1949 119 38 spoedig
1247 1948 106 28 leeren.
1387 1948 65 28 Een
1468 1950 92 27 ander
1579 1958 65 19 zeer
1667 1951 157 38 gewichtig
1846 1957 76 32 punt
1941 1954 37 37 is,

1023 1994 5 33 |
1046 1991 50 28 dat
1117 1991 48 28 het
1186 1989 118 39 geheele
1324 1989 79 38 plan,
1424 1990 54 28 ook
1500 1990 28 28 al
1550 1990 92 30 wierd
1663 1993 50 28 het
1733 1993 32 30 in
1785 1995 195 30 onderdeelen

1009 2049 2 18 ;
1024 2028 4 13 '
1045 2033 71 28 door
1136 2033 35 28 dc
1192 2030 177 31 conferentie
1391 2030 162 39 belaDgryk
1576 2033 163 39 gewijzigd,
1757 2035 61 28 niet
1833 2040 30 26 te
1874 2036 105 38 rijmen

1023 2080 5 31 1
1043 2074 27 30 is
1091 2078 58 25 met
1170 2074 34 27 dc
1225 2072 87 28 letter
1333 2081 57 19 van
1411 2074 50 26 het
1481 2079 124 24 tractaat
1625 2085 57 19 van
1706 2076 109 37 Parijs.

1085 2114 172 30 Intusschen
1286 2128 39 6 —
1352 2113 51 30 het
1431 2115 79 30 werd
1537 2117 85 28 reeds
1651 2118 211 38 herhaaldelijk
1879 2119 83 28 horin-

1009 2172 2 19 i
1022 2146 6 54 |
1043 2157 72 28 nerd
1136 2172 40 5 —
1198 2154 61 30 niet
1280 2153 112 31 minder
1414 2156 181 39 belangrijke
1615 2158 194 40 afwijkingen
1828 2160 57 38 zijn
1897 2160 83 30 reeds

1043 2205 123 28 vroeger
1195 2197 230 37 voorgekomen,
1452 2207 37 20 en
1509 2209 38 28 op
1566 2200 125 30 zichzelf
1707 2211 163 28 genomen,
1890 2203 26 27 is
1936 2202 44 28 dit

1043 2238 54 28 dus
1117 2246 73 28 geen
1214 2237 141 30 bezwaar.
1377 2238 46 30 Dc
1446 2244 100 33 groote
1567 2251 90 30 vraag
1680 2243 25 28 is
1726 2244 85 28 thans
1832 2244 33 27 of
1881 2244 78 34 Enge-

1041 2277 71 31 land
1131 2283 46 25 ter
1198 2278 79 30 wille
1299 2289 57 20 van
1377 2282 56 28 den
1454 2283 89 28 vrede
1564 2294 70 19 over
1655 2284 44 30 dit
1719 2289 72 33 punt
1812 2284 45 30 zal
1878 2283 100 30 willen

1041 2320 198 38 heenstappen
1274 2330 37 20 ca
1345 2322 133 32 Rusland
1511 2327 35 27 dc
1578 2326 174 38 voldoening
1783 2335 112 28 geven,
1928 2324 52 28 dat

1041 2361 71 28 door
1131 2361 35 30 dc
1188 2363 217 37 mogendheden
1426 2367 201 38 ingewikkeld
1651 2368 93 30 wordt
1766 2367 129 35 erkend,
1920 2369 59 26 wat

1041 2402 84 30 reeds
1156 2404 44 30 uit
1217 2405 35 28 da
1272 2407 237 35 gebeurtenissen
1531 2409 80 28 zelve
1643 2409 159 28 voldoende
1824 2408 25 27 is
1877 2407 83 38 geble-

1041 2444 74 37 ken,
1139 2446 137 38 namelijk
1294 2448 48 28 dat
1364 2459 67 19 men
1450 2451 38 35 bij
1512 2451 50 27 het
1580 2451 168 28 vaststellen
1769 2459 58 19 van
1844 2451 51 27 het
1904 2452 61 26 trac-

1038 2490 61 25 taat
1119 2496 59 20 van
1191 2489 105 37 Parys,
1318 2491 138 28 droomen
1470 2502 110 24 aanzag
1602 2500 70 18 voor
1694 2491 37 27 dc
1757 2490 221 35 werkelijkheid

1039 2537 35 19 en
1095 2537 54 20 een
1170 2530 136 30 Turksch
1328 2531 77 38 rijk,
1426 2531 217 37 onafhankelijk
1664 2541 35 19 en
1720 2530 194 38 zelfstandig,
1928 2539 34 28 ge-

1038 2568 28 38 ly
1072 2570 20 26 k
1113 2580 65 20 men
1199 2571 51 28 hot
1273 2577 67 25 toen
1361 2574 89 28 wilde
1467 2574 103 28 maken
1581 2593 19 15 
1609 2571 162 37 eenvoudig
1782 2575 41 24 tot
1834 2571 34 27 dc
1880 2581 79 19 onmo-

1039 2609 184 38 gelijkheden
1246 2615 129 27 behoort.

1080 2653 60 28 Het
1176 2654 25 28 is
1224 2655 34 28 dc
1281 2665 100 27 vraag,
1408 2654 100 28 zeiden
1533 2652 48 35 wij
1594 2673 7 14 ,
1622 2652 30 28 of
1671 2653 150 34 Engeland
1841 2661 70 19 over
1933 2652 45 28 dit

1037 2699 76 31 punt
1131 2695 46 28 zal
1194 2695 99 30 willen
1307 2695 224 35 heerschappen.
1558 2694 67 26 Van
1644 2693 124 35 Turkije
1785 2694 126 35 spraken
1926 2693 48 37 wij

1036 2734 70 31 niet.
1129 2737 132 37 Immers,
1283 2738 50 27 het
1354 2737 43 27 zal
1416 2734 98 37 stellig
1532 2733 63 27 niet
1617 2733 100 27 willen
1730 2753 7 14 ,
1756 2741 80 20 maar
1858 2734 118 28 daartoe

1037 2776 56 28 wel
1126 2779 117 27 worden
1271 2776 216 39 genoodzaakt,
1518 2781 138 20 wanneer
1676 2773 50 28 het
1746 2773 65 28 zich
1828 2774 54 28 ook
1905 2776 71 27 door

1036 2817 155 39 Engeland
1214 2819 131 28 verlaten
1355 2817 65 28 ziet.
1436 2815 47 30 En
1494 2824 66 19 men
1572 2824 66 26 mag
1650 2817 58 26 met
1719 2815 89 30 reden
1819 2815 155 38 twijfelen,

1035 2859 33 28 of
1093 2862 35 27 dc
1150 2859 164 37 EBgelsche
1333 2856 152 38 rogeering
1507 2856 71 27 haar
1602 2856 161 35 standpunt
1783 2861 50 24 ten
1854 2857 120 28 aanzien

1036 2910 57 20 van
1114 2902 50 27 hot
1174 2901 151 34 Parijache
1345 2901 123 25 tractaat
1481 2896 44 27 zal
1538 2896 183 37 handhaven,
1737 2907 40 19 nu
1792 2897 63 28 niet
1869 2898 106 28 slechts

1035 2952 71 19 eene
1127 2941 143 35 machtige
1291 2939 85 38 partij
1400 2937 31 27 in
1452 2936 156 37 Engeland
1628 2937 60 27 zelf
1704 2937 43 28 dit
1767 2940 141 35 rondweg
1920 2948 35 19 on-

1035 2982 149 28 houdbaar
1214 2985 112 28 noemt,
1359 2987 79 20 maar
1470 2978 56 28 ook
1556 2978 65 30 lord
1652 2979 154 37 Salisbury
1838 2988 37 28 op
1899 2980 74 37 zijne

1033 3022 132 28 rondreis
1198 3020 45 28 zal
1273 3020 112 27 hebban
1409 3019 119 27 kunnen
1553 3020 169 37 bespeuren,
1753 3020 51 28 dat
1824 3030 150 30 nagonoeg

1033 3063 56 27 allo
1110 3061 120 37 mogend
1237 3060 107 33 lieden,
1371 3059 168 34 Oostenrijk
1566 3060 156 28 misschien
1747 3061 226 37 uitgezonderd,

1010 3106 6 31 j
1032 3103 32 27 in
1087 3103 69 27 deze
1176 3105 44 25 tot
1241 3102 131 28 Rusland
1393 3100 168 30 overhellen
1581 3111 37 19 en
1633 3100 154 38 Engeland
1802 3103 54 28 dus
1872 3103 30 27 in
1917 3111 54 19 een

1032 3143 85 37 strijd
1139 3152 72 19 voor
1233 3144 34 27 do
1289 3144 87 27 letter
1397 3152 57 19 van
1475 3143 48 28 het
1544 3144 151 37 Purysche
1717 3148 132 32 tractaat,
1864 3144 107 28 slechts

1031 3194 53 20 een
1106 3184 85 30 enkel
1213 3185 182 38 bondgeaoot
1415 3185 106 30 vinden
1543 3196 52 19 zou
1626 3196 57 19 vaa
1714 3195 65 20 zeor
1802 3185 155 38 twijfVlack-

1010 3217 5 38 !
1032 3227 60 38 tige
1113 3228 122 28 sterkte.

1354 3359 135 30 Tweede
1511 3360 137 28 Kamer.

1074 3407 45 27 De
1140 3407 105 34 zitting
1263 3415 58 19 van
1341 3418 129 25 _-!*__,
1486 3425 60 8 ——
1571 3416 60 19 «;.t
1655 3416 115 28 minder
1783 3416 170 37 belaugwek-

1030 3449 78 30 kond
1139 3449 58 27 dan
1218 3448 71 28 haar
1309 3450 219 33 voorgangster.
1567 3445 71 27 Men
1658 3445 59 27 kan
1739 3451 47 21 i>~
1808 3461 9 11 *
1907 3467 13 12 r
1931 3457 40 21 -«,

1031 3498 76 19 soms
1130 3488 124 38 blijspel,
1283 3488 52 28 dat
1367 3488 142 28 vertoond
1530 3488 98 34 werd,
1656 3487 31 27 in
1720 3485 63 28 dril
1824 3485 149 35 bedrijven

1030 3530 131 34 splitsen.
1201 3530 61 26 Het
1292 3533 93 24 eerste
1426 3527 109 37 bedrijf
1561 3536 53 18 zou
1645 3536 66 18 men
1734 3519 181 44 gevoegelyk
1935 3527 39 26 les

1024 3569 98 37 fr'eres
1131 3569 119 26 ennemis
1263 3568 119 26 kunnen
1393 3576 137 21 noemen;
1550 3568 35 25 de
1594 3566 219 27 anti-liberalen
1837 3566 135 26 staakten

1010 3608 5 40 j
1030 3609 57 26 den
1107 3607 104 28 aanval
1243 3611 85 31 tegen
1361 3607 50 26 het
1441 3605 135 34 kabinot,
1604 3614 46 18 om
1683 3604 99 28 elkaar
1817 3604 155 35 onderling

1010 3637 5 30 !
1030 3652 28 22 te
1080 3646 169 34 bestrijden.

1070 3687 46 27 De
1143 3686 69 27 heer
1235 3693 56 20 van
1316 3684 51 28 der
1388 3684 124 27 Hoeven
1533 3683 80 28 lokte
1638 3681 67 28 dien
1727 3681 84 37 strijd
1834 3680 44 28 uit
1898 3680 72 30 door

1029 3728 35 28 do
1076 3725 200 37 verdediging,
1287 3725 47 27 die
1352 3724 38 37 hij
1404 3728 47 25 ten
1465 3726 104 33 gunste
1592 3732 54 19 van
1659 3723 47 27 het
1726 3722 167 28 Ministerie
1909 3722 45 27 uit-

1010 3777 1 15 i
1029 3769 89 38 sprak
1131 3772 84 33 tegon
1231 3768 35 27 de
1281 3775 90 19 «even
1389 3764 119 37 vinnige
1528 3762 44 30 als
1815 3762 152 30 aanvallen

1010 3796 2 45 !
1030 3820 135 20 wanraan
1185 3809 48 30 het
1254 3809 56 28 had
1331 3807 197 37 blootgestaan
1551 3813 57 18 v.an
1629 3802 57 35 zijn
1708 3802 85 38 eigen
1817 3803 150 28 vrienden.

1029 3854 64 30 Ecu
1113 3862 72 20 voor
1204 3852 54 30 één
1279 3849 70 40 ging
1367 3848 39 38 hy*
1427 3847 37 30 do
1491 3844 118 39 grisven
1630 3853 58 26 na,
1710 3843 69 28 door
1800 3843 37 28 de
1858 3843 92 31 nieuw-

1029 3896 116 30 bakken
1175 3892 143 40 oppositie
1344 3895 85 33 tegen
1465 3889 48 27 het
1535 3885 126 31 Kabinet
1687 3887 191 35 aangevoerd.
1922 3888 47 27 Da

1029 3937 144 31 koloniale
1183 3935 130 38 quaestie
1324 3944 6 18 :
1343 3933 39 35 hij
1406 3931 105 30 tornde
1541 3937 64 25 aaD,
1631 3926 50 28 dat
1719 3924 270 44 conservatieven,!

1028 3980 44 28 als
1093 3980 34 27 da
1148 3979 105 27 heeren
1273 3974 157 34 Wintgens
1452 3980 35 19 en
1517 3969 152 37 Insinger,
1690 3967 48 30 die
1757 3971 117 28 zoovoel
1898 3980 70 20 over
1987 3981 2 26 ;

1028 4018 145 31 koloniale
1193 4018 91 26 zaken
1294 4013 136 37 spreken,
1442 4010 70 28 zelfs
1526 4010 67 27 //hot
1604 4010 72 30 abc
1688 4010 129 31 daarvan
1839 4023 37 28 op
1903 4024 65 20 zeer
1985 4032 4 9 ;

1028 4059 63 28 veol
1102 4061 111 34 punten
1225 4064 57 25 nog
1294 4057 111 24 moeten
1563 4051 67 28 Kan
1651 4052 35 28 da
1708 4054 165 39 Regeering
1885 4078 8 14 ,
1916 4065 51 20 zoo

1028 4108 89 26 vroeg
1157 4095 59 37 hij,
1250 4094 92 28 alloen
1378 4097 45 25 ter
1454 4091 89 30 liefde
1564 4094 51 30 dor
1636 4097 217 30 conservatieve
1877 4098 74 31 denk-

1028 4137 129 33 beelden,
1178 4137 35 25 de
1244 4134 159 30 resultaten
1434 4134 157 30 loochenen
1620 4147 57 19 van
1702 4148 53 19 een
1775 4141 194 37 nauwkeurig

1026 4176 171 34 onderzoek,
1217 4176 124 28 waaruit
1364 4176 141 37 gebleken
1524 4176 43 38 is,
1589 4179 50 30 dat
1658 4179 180 32 iadividueel
1863 4183 89 37 grond-

1009 4235 2 2 ■
1028 4219 74 30 bezit
1121 4227 38 27 op
1183 4217 74 28 Java
1280 4219 34 27 de
1336 4219 80 37 regel
1436 4219 26 30 is
1479 4230 37 19 on
1535 4231 79 19 waar
1631 4222 51 28 het
1702 4224 61 28 niet
1776 4225 111 27 bestsmt
1899 4225 69 28 door

1009 4254 2 33 !
1025 4261 51 27 het
1106 4259 215 28 cultuurstolsel
1354 4261 25 27 is
1424 4261 157 31 verdreven
1592 4263 11 30 ?
1636 4264 31 30 Is
1704 4265 48 28 het
1781 4274 78 19 ware
1879 4265 87 28 liefde

1009 4292 2 40 I
1026 4309 69 21 voor
1107 4300 57 26 den
1185 4299 123 35 Javaan,
1328 4302 43 28 als
1389 4304 35 26 de
1447 4305 67 27 heer
1527 4305 156 35 Wintgens
1694 4316 54 18 aan
1760 4306 207 35 particulieren

1025 4339 187 40 gelegenheid
1248 4339 59 30 laat
1332 4346 59 25 met
1411 4344 35 28 de
1467 4345 208 30 dessahoofden
1697 4351 28 24 te
1747 4346 141 37 knoeion,
1907 4351 45 24 ter-

1009 4408 2 6 ,
1026 4383 60 35 wijl
1116 4382 35 27 da
1179 4381 112 28 Javaan
1328 4383 43 27 als
1402 4384 39 37 hij
1465 4385 59 26 zelf
1546 4388 35 25 do
1603 4388 193 37 beschikking
1815 4398 71 18 over
1907 4389 59 35 zijn

1009 4416 2 14 1
1025 4423 92 39 grond
1137 4421 87 35 heeft,
1247 4426 86 32 tegon
1352 4423 35 27 de
1413 4424 180 38 knoeierijen
1607 4428 59 27 kan
1680 4428 119 28 wakan?
1822 4429 96 28 Toont
1930 4430 37 27 de

1025 4468 35 26 do
1093 4466 67 27 heer
1188 4463 133 35 Insinger
1344 4463 61 27 niet
1430 4467 109 33 gebrek
1560 4478 54 17 a*n
1637 4470 126 32 konnis,
1788 4469 43 27 aio
1853 4470 38 33 hij
1917 4470 50 28 het

1025 4504 216 32 cultuurstelsel
1264 4502 141 28 voorstelt
1426 4505 44 27 als
1489 4505 158 37 ingevoerd
1668 4508 32 26 in
1722 4509 48 26 het
1793 4509 103 35 belang
1909 4520 57 18 van

1025 4551 57 28 den
1102 4548 122 31 Javaan,
1247 4554 34 19 en
1303 4544 61 30 niet
1385 4544 30 30 in
1437 4546 48 27 dat
1501 4556 54 19 van
1573 4547 35 27 de
1620 4547 237 31 Nederlandsche
1870 4551 81 28 schat-

1026 4592 67 30 kist.
1130 4587 54 30 Als
1206 4587 35 27 do
1265 4585 237 28 conservatieven
1520 4596 70 18 over
1610 4587 135 27 Indische
1761 4590 91 28 zaken
1863 4591 100 27 willen

1009 4622 2 51 j
1025 4633 126 38 spreken
1163 4651 8 14 ,
1204 4629 105 30 zonder
1333 4626 139 37 grondige
1504 4625 117 31 studie»
1633 4648 7 14 ,
1674 4628 50 28 dat
1743 4628 25 30 is
1791 4629 60 31 hun
1872 4631 72 30 znak
1957 4642 6 25 ;

1009 4659 2 13 '
1028 4683 78 21 maar
1127 4672 43 30 als
1191 4670 34 39 eg'
1250 4677 52 21 een
1324 4667 156 31 bevriende,
1500 4667 151 38 regeering
1677 4668 100 28 willen
1798 4671 165 37 aanvallen,

1009 4723 2 18 i
1026 4722 113 24 nioïten
1170 4714 34 37 zij
1239 4721 53 19 con
1328 4711 79 27 boter
1428 4717 103 28 wapen
1560 4709 157 28 hanteeren
1740 4710 58 28 dan
1824 4711 139 32 //blikken
1983 4717 4 8 '

1009 4753 2 17 '■

1009 4809 2 9 <
1048 4798 182 37 Vervolgens
1241 4795 104 28 richtte
1356 4793 35 28 de
1402 4792 69 30 heer
1482 4800 57 20 van
1550 4789 52 30 der
1617 4789 122 31 Hoeven
1753 4789 64 31 zich
1830 4796 86 33 togen
1929 4794 37 30 de

1026 4843 105 30 heeren
1144 4837 195 31 Hafïmansen
1349 4832 207 39 Heijdenrijck.
1563 4832 44 27 De
1612 4835 92 24 eerste
1716 4832 78 28 heeft
1802 4835 161 33 verwijten,

1028 4893 72 27 geen
1121 4881 90 30 feiten
1233 4877 182 38 aangevoerd
1437 4885 33 19 en
1483 4874 35 27 ds
1530 4874 111 27 tweede
1652 4872 71 28 deod
1735 4872 43 28 dit
1791 4873 64 28 wel.
1878 4874 70 28 Maal-

1026 4926 44 30 ais
1089 4933 66 20 man
1182 4922 47 30 die
1256 4920 89 28 feiten
1367 4920 122 34 nagaat,
1511 4916 54 27 dan
1587 4913 98 28 kl^kt
1706 4913 50 27 het
1775 4915 117 27 vreemd
1915 4916 50 27 dat

1010 4955 1 41 i
1028 4969 35 28 de
1075 4969 67 27 heer
1155 4962 200 39 Heijdenrijck
1367 4961 48 30 het
1426 4958 125 30 Kabinet
1563 4955 125 38 verwijt,
1702 4955 50 30 dat
1772 4955 51 28 het
1837 4954 35 30 de
1891 4955 72 30 libe-
1981 4957 5 27 !

1028 5009 81 30 ralen
1359 5002 67 30 Wie
1457 4998 78 32 heeft
1558 5008 77 19 meer
1656 4998 57 26 dan
1735 4997 35 27 do
1792 4997 70 27 heer
1881 4997 81 35 Uej-
1980 4998 6 32 \

1028 5050 130 37 denryck
1179 5050 57 26 den
1259 5046 139 30 liboralen
1424 5040 194 38 //kushandjes
1915 5037 47 28 En
1980 5048 5 20 :

1009 5114 2 8 ,
1028 5092 27 30 al
1077 5095 60 25 wat
1167 5089 104 28 verder
1299 5089 69 26 door
1393 5086 67 28 dien
1481 5082 223 39 afgevaardigde
1726 5081 26 28 is
1770 5081 190 34 aangevoord:

1009 5115 2 39 I
1028 5134 35 27 do
1090 5131 222 37 coöperatiowct
1341 5127 130 38 (waarbij
1507 5127 35 27 de
1574 5122 164 39 Regeering
1759 5122 35 27 de
1814 5118 146 32 arbeiders

1009 5169 2 5 '
1028 5181 53 19 zou
1101 5174 113 26 hebben
1246 5170 137 38 gevleid),
1414 5169 37 28 de
1480 5167 152 35 leerplicht
1650 5165 81 37 (door
1753 5164 56 27 den
1832 5161 130 28 minister

1010 5223 1 17 :
1028 5223 57 19 van
1115 5212 123 35 Lijnden
1271 5215 58 24 met
1361 5207 163 39 sympathie
1547 5207 129 37 begroet)
1688 5226 7 13 ,
1717 5205 35 28 ds
1770 5202 137 35 defensie,
1928 5202 35 27 do

1028 5252 151 30 zwakheid
1214 5251 35 35 bij
1274 5251 48 27 hot
1348 5250 106 37 hooger
1475 5249 165 35 onderwys,
1661 5261 40 6 —
1726 5254 72 19 over
1818 5245 50 27 dat
1889 5243 73 28 alles

1028 5293 119 28 meende
1166 5293 35 25 de
1224 5291 67 26 heer
1311 5298 57 19 van
1390 5291 51 26 dor
1459 5288 139 33 Hoeven,
1624 5291 90 22 moeet
1731 5285 37 27 de
1788 5285 67 26 heer
1878 5283 67 37 Heij-

1028 5331 130 38 denrijck
1191 5330 116 33 blozen,
1335 5330 97 27 omdat
1466 5329 38 34 hij
1537 5327 103 28 //zulke
1667 5326 116 37 prullen
1812 5324 79 27 heeft
1915 5334 31 18 sa-

1009 5376 2 24 -1
1263 5380 37 18 en
1335 5370 50 27 dat
1400 5379 54 18 oen
1767 5370 106 24 noemt.
1918 5366 45 30 De

1028 5415 122 38 spreker
1178 5412 111 37 eindigt
1320 5415 57 24 met
1398 5409 87 28 hulde
1505 5414 28 22 te
1556 5409 128 35 brongen
1704 5415 54 20 aan
1791 5407 50 28 het
1871 5406 74 31 Kabi-

1009 5454 2 30 i
1028 5461 52 25 net
1110 5464 70 21 voor
1211 5453 74 38 zijne
1313 5450 230 31 werkzaamheid
1576 5458 35 19 en
1644 5452 58 24 met
1731 5451 31 25 to
1789 5448 103 37 wijzen
1925 5460 38 27 op

1029 5500 51 27 het
1114 5496 104 39 gering
1252 5492 144 35 verschil,
1430 5493 48 27 dat
1511 5491 136 30 tusschen
1671 5490 237 31 conservatieven
1928 5502 35 20 en

1031 5543 37 27 de
1093 5536 213 33 oud-liberalen
1328 5536 126 32 bestaat,
1476 5532 47 27 dia
1548 5532 60 27 niet
1620 5539 57 20 van
1689 5530 35 28 do

1035 5582 99 30 willen
1166 5583 111 31 weten,
1300 5576 69 28 door
1393 5575 57 26 den
1472 5574 70 26 heer
1563 5572 163 37 Kappeyne
1741 5580 38 27 op
1801 5572 56 27 den
1881 5584 66 19 voor-

1028 5624 93 38 grond
1142 5621 120 39 gesteld.
1306 5619 59 27 Dat
1383 5615 85 37 blijkt
1488 5615 54 28 ook
1566 5613 28 28 in
1624 5611 169 38 Engeland,
1814 5623 79 20 waar
1915 5616 50 27 het

1029 5665 85 38 eenig
1135 5662 124 31 verschil
1280 5659 99 31 daarin
1402 5657 120 33 bestaat,
1543 5655 50 27 dat
1613 5663 32 19 er
1668 5662 53 19 een
1744 5653 161 31 Gladstone
1928 5666 37 20 en

1010 5692 1 44 I
1028 5717 53 19 een
1104 5704 126 32 Diaraeli
1252 5702 41 35 is;
1315 5700 94 30 alleen
1430 5698 26 28 is
1476 5696 35 28 de
1531 5694 220 30 conservatieve
1756 5695 123 37 politiek
1894 5698 71 30 daar

1010 5761 1 27 j
1028 5750 85 27 thans
1404 5740 56 27 dan
1482 5739 34 27 do
1537 5735 129 30 libarale.

1070 5789 77 28 Deze
1166 5785 189 37 redevooring
1375 5781 71 30 deed
1467 5789 53 19 een
1541 5781 89 26 storm
1651 5786 57 19 van
1730 5777 154 37 verwijten
1894 5787 71 20 over

1095 5829 86 28 hoofd
1204 5838 56 19 van
1281 5826 56 28 den
1359 5825 139 27 redenaar
1517 5819 163 30 losbreken.
1721 5818 99 28 Nadat
1840 5820 35 27 de
1896 5820 71 30 heer

1010 5855 1 17 '
1028 5878 58 20 van
1103 5869 113 37 Nispon
1239 5872 44 24 tot
1302 5862 241 40 eensgezindheid
1553 5861 56 27 had
1619 5861 208 37 aangespoord,
1839 5865 60 24 met
1915 5863 52 27 het

1028 5920 54 27 oeg
1093 5919 38 28 op
1144 5910 33 27 ia
1191 5909 154 28 //moderne
1711 5900 46 28 die
1779 5901 51 28 het
1846 5902 119 31 bestaan

1028 5953 52 27 der
1115 5950 167 28 katholieke
1319 5948 83 30 Kerk
1413 5949 129 30 aantast,
1566 5957 38 6 —
1628 5942 144 28 trachtten
1793 5942 37 28 de
1854 5944 110 30 hoeren

1029 5993 136 35 Insinger
1185 6002 38 18 en
1245 5992 156 37 Wintgens
1422 5989 60 27 hun
1501 5983 145 32 koloniale
1667 5982 104 30 kennis
1782 5986 28 25 te
1824 5983 143 39 betoogen

1010 6024 1 44 i
1029 6035 71 27 door
1120 6032 61 30 niet
1205 6031 93 31 alleen
1319 6030 138 31 oflicicele
1476 6028 128 28 stukken
1625 6034 57 19 van
1707 6024 207 38 partijdigheid
1938 6033 28 21 to

1010 6069 2 15 1
1030 6074 163 34 betichten,
1214 6083 79 19 maar
1307 6073 54 28 ook
1376 6073 56 27 den
1444 6072 67 28 hoor
1524 6079 56 19 van
1591 6067 50 28 der
1657 6065 120 30 Hoeven
1789 6067 177 37 persoonlyk

1010 6110 2 11 '
1029 6126 57 21 aan
1113 6119 28 25 te
1162 6118 104 25 tasten.
1297 6113 47 28 Do
1362 6113 70 27 heer
1454 6112 155 34 Wintgens
1630 6107 70 38 ging
1721 6116 113 26 zoover,
1856 6109 50 27 dat
1925 6110 39 37 by

1010 6152 4 9 ;
1031 6159 57 37 zijn
1110 6154 306 38 medoafgevaardigde
1437 6154 56 28 den
1505 6150 195 37 voormaligen
1711 6158 146 19 causarum
1865 6155 102 32 patro-
1987 6154 1 32 ]

1010 6191 5 47 \
1033 6210 52 21 mts
1116 6197 236 38 (pleitbezorger)
1384 6195 52 28 dar
1456 6190 200 41 planterpartij
1680 6190 139 34 noemde,
1840 6191 48 27 die
1909 6193 57 27 den

1036 6244 113 30 Javaan
1170 6242 41 26 tot
1234 6236 170 39 prolelariè'r
1426 6236 51 27 wil
1495 6234 112 30 maken.

1078 6283 77 28 //Dat
1174 6283 67 33 gaat
1265 6283 28 22 te
1307 6287 51 19 ver
1369 6282 155 31 tegenover
1535 6285 52 18 een
1768 6272 57 30 viel
1839 6273 37 28 de
1887 6283 66 19 voor-

1013 6321 4 7 '
1037 6327 85 31 zitter
1142 6324 66 28 hem
1228 6320 30 28 ia
1277 6320 37 28 de
1333 6315 78 32 rede.

1015 6357 5 38 !
1080 6366 165 31 //Wanneer
1276 6370 65 20 mea
1368 6367 47 28 my
1439 6356 183 39 beschuldigt
1645 6354 137 30 //blikksn
1942 6361 28 25 to

1035 6407 181 41 gebruiken,
1243 6404 58 30 dan
1322 6411 65 27 mag
1413 6400 31 28 ik
1467 6399 57 28 wel
1545 6404 104 22 toonen
1668 6398 50 28 dat
1737 6397 32 28 ik
1786 6398 56 28 ook
1863 6398 107 28 andore

1015 6455 4 5 •
1036 6462 66 28 wap
1104 6461 51 19 ens
1272 6461 39 5 —
1332 6441 187 32 antwoordde
1550 6441 37 27 de
1617 6439 70 28 heer
1719 6439 177 37 Wintgens,
1924 6441 48 28 die

1015 6478 4 17 '
1037 6495 118 34 echter,
1186 6495 66 25 toen
1281 6488 37 30 da
1337 6485 69 30 heer
1428 6493 58 20 van
1506 6483 51 28 der
1579 6481 123 31 Hoeven
1723 6489 70 21 over
1815 6482 47 27 het
1887 6491 84 27 //per-
1988 6483 2 27 !

1016 6531 4 31 !
1037 6515 118 50 soneclo'
1263 6527 194 38 inlichtingen
1474 6534 98 27 vroeg,
1587 6523 143 37 volledige
1744 6522 157 30 satisfactie
1912 6523 59 38 gaf,
1988 6522 2 8 ;

1037 6579 71 28 door
1129 6586 69 20 voor
1208 6575 50 28 het
1278 6570 136 32 karakter
1435 6576 57 20 van
1512 6566 58 38 ziju
1591 6565 124 30 medelid
1735 6563 58 31 alle
1812 6563 120 39 achting
1945 6570 28 25 te

1038 6620 146 35 bjtuigen.

1082 6658 163 32 Daarmede
1277 6665 58 22 was
1356 6654 35 31 de
1678 6658 57 30 nog
1755 6653 59 24 niet
1840 6652 51 25 utt.
1926 6648 48 30 Na

1041 6700 102 38 eenig*
1170 6700 137 38 speeches
1335 6707 58 19 van
1421 6698 35 26 de
1485 6696 105 27 hoeren
1615 6693 162 37 Saaymatis
1800 6691 119 34 Vader,
1941 6693 35 27 de

1041 6742 94 38 Jonge
1163 6752 38 20 en
1231 6743 40 30 A.
1302 6739 129 39 Mackay
1457 6737 61 38 (het
1540 6733 308 31 antirovolutionnaire
1869 6733 43 27 lid
1932 6733 45 28 uit

1042 6783 181 39 Deventer),
1243 6793 70 20 nam
1333 6783 34 28 de
1387 6783 70 28 heer
1478 6776 201 39 Heydearyck
1693 6785 58 28 zyn
1920 6785 57 19 van

2026 1332 51 30 der
2100 1331 123 30 Hoeven
2250 1341 20 18 a
2285 1330 91 38 faire.
2407 1330 57 31 Die
2492 1335 241 41 afgevaardigde,
2758 1337 83 28 zoide
2868 1337 51 39 hij,
2939 1337 25 30 is

2024 1383 34 19 en
2081 1372 77 38 blijft
2177 1370 120 31 liberaal
2321 1381 37 27 op
2382 1371 146 33 koloniaal
2549 1382 104 34 gabiod
2674 1390 37 19 en
2728 1381 47 27 dat
2797 1378 26 30 is
2843 1389 53 19 een
2914 1381 33 28 be-

2026 1415 65 38 wy's
2111 1419 28 24 te
2161 1422 78 20 meer
2256 1414 50 27 dat
2326 1414 37 27 de
2383 1413 177 43 Regeeriiag,
2580 1422 47 27 die
2653 1422 38 35 hy
2715 1424 106 31 stount,
2843 1421 120 28 liberaal

2022 1455 35 32 is.
2081 1455 44 31 Of
2143 1454 50 31 wil
2212 1455 35 28 de
2276 1454 69 28 heer
2365 1462 28 18 v.
2412 1454 28 27 d.
2466 1455 41 30 H.
2533 1461 35 38 _jj
2574 1472 18 18 n
2613 1462 120 30 libaraal
2756 1461 31 30 in
2809 1461 94 37 Indië,
2923 1472 35 19 en

2021 1496 195 32 conservatief
2243 1496 32 28 in
2303 1494 137 38 Europa?
2476 1498 48 30 En
2548 1507 60 26 wat
2624 1505 102 28 blozen
2746 1502 115 37 betreft,
2882 1502 80 30 zeide

2021 1541 57 28 den
2098 1540 71 30 heer
2197 1535 210 39 Hey'denrijck,
2439 1546 90 27 //myn
2554 1544 100 30 blozen
2674 1554 54 18 zou
2750 1553 57 27 nog
2828 1544 61 28 niet
2913 1545 50 27 het

2021 1583 103 28 blozon
2150 1591 57 20 van
2237 1580 56 28 den
2314 1578 70 28 heer
2404 1585 58 21 van
2479 1579 52 30 der
2548 1584 123 31 Hoeven
2817 1585 47 28 De
2893 1585 70 27 heer

2022 1633 56 19 van
2094 1624 51 27 der
2165 1624 123 27 Hoovon
2309 1617 118 31 meende
2452 1628 37 30 op
2515 1623 52 30 het
2585 1626 211 37 beleodigende,
2809 1626 48 28 dat
2868 1625 32 30 in
2914 1625 47 30 die

2020 1665 136 28 woorden
2178 1664 59 37 lag,
2258 1662 61 28 niet
2340 1663 30 25 te
2391 1663 112 27 moeten
2525 1670 198 27 antwoorden.

2060 1706 158 30 Hicrmedo
2241 1711 59 20 was
2320 1702 50 26 het
2391 1706 92 24 eerste
2502 1703 110 43 bedry'f
2627 1709 170 38 afgeloopen
2819 1717 35 20 en
2867 1709 93 35 bagon

2019 1746 48 28 het
2088 1748 129 27 tweede:
2241 1746 34 27 do
2295 1741 194 39 verdediging
2509 1747 52 31 der
2581 1750 167 38 Regeering
2767 1750 70 28 door
2854 1750 37 28 de
2901 1750 39 27 Ro-

2017 1787 120 39 geering
2158 1787 90 30 zelve.

2057 1830 47 28 De
2121 1830 132 30 minister
2274 1824 184 31 Heemskerk
2479 1826 94 40 begon
2596 1837 58 26 met
2674 1833 57 37 zijn
2739 1832 164 28 leedwezen
2914 1832 45 28 uit

2017 1874 28 25 te
2078 1872 124 37 spreken
2232 1876 69 21 over
2330 1865 35 28 do
2401 1865 131 44 houding
2562 1874 91 38 zijner
2682 1873 141 30 vrienden
2843 1883 37 18 en
2900 1873 59 38 zijn

2017 1922 146 28 genoegen
2184 1918 70 21 over
2277 1909 54 27 den
2538 1915 69 30 dien
2622 1917 35 27 de
2668 1917 69 27 heer
2747 1924 56 18 van
2815 1913 52 28 der
2877 1915 60 28 Hoe-

2017 1963 56 20 ven
2098 1963 37 27 op
2154 1952 34 28 de
2207 1949 131 39 gapende
2359 1950 125 30 wonden
2507 1954 59 31 had
2587 1962 118 34 gestort.
2728 1956 50 35 Hy
2791 1954 53 38 gaf
2858 1956 99 27 echter

2017 1996 31 28 in
2079 2003 72 30 geen
2183 1989 85 32 enkel
2298 1989 115 38 opzicht
2444 1996 47 25 toe
2511 2004 57 24 aan
2590 2001 35 27 de
2646 1997 125 31 wenken
2789 2006 37 18 en
2844 1996 98 28 bedrei-

2016 2036 118 38 gingen,
2156 2034 47 27 diï
2223 2030 81 38 geuit
2326 2041 109 19 waren.
2474 2035 57 31 Als
2550 2039 43 30 lid
2615 2041 51 27 der
2683 2039 110 28 Kamer
2810 2036 58 28 kan
2890 2047 66 19 mon

2017 2081 83 33 party
2106 2085 65 20 man
2192 2081 107 26 wezen,
2321 2081 80 19 maar
2412 2073 44 28 als
2467 2074 141 37 Minister
2619 2091 66 26 mag
2695 2087 64 21 men
2771 2087 73 27 geen
2849 2080 92 35 partij-

2016 2118 137 38 regeering
2163 2124 115 26 rooreD,
2289 2128 39 6 —
2340 2113 115 31 ziedaar
2463 2122 60 25 wat
2533 2121 37 31 do
2581 2124 69 28 heer
2657 2120 183 32 Heemskerk
2851 2128 35 27 op
2900 2120 54 27 den

2016 2157 163 38 voorgrond
2197 2156 92 28 stelde
2320 2153 44 30 als
2391 2159 161 40 grondslag
2584 2169 44 24 ter
2647 2160 190 38 verdediging
2861 2169 93 27 zyner

2019 2198 131 40 politiek.
2171 2198 65 28 Den
2257 2197 69 27 heor
2347 2194 157 34 Haffmans
2525 2204 222 31 beantwoordde
2769 2200 39 37 hij
2832 2200 70 34 niet;
2919 2200 34 28 de

2024 2249 150 30 wapenen,
2194 2238 71 27 door
2285 2237 66 27 dien
2370 2238 122 37 spreker
2513 2246 148 34 gebruikt,
2675 2246 130 28 kwetsen
2820 2250 78 20 racer
2917 2242 34 27 de

2015 2282 78 30 hand
2114 2280 46 30 die
2181 2288 32 19 zo
2233 2278 142 35 hantoert,
2398 2278 57 31 dan
2473 2282 46 30 die
2531 2293 167 33 waartegen
2715 2295 34 27 zy
2763 2283 111 39 gericht
2883 2282 67 38 zijn.

2015 2324 48 28 En
2080 2327 58 25 wat
2158 2322 35 27 de
2213 2319 154 35 verwijten
2391 2328 56 21 van
2463 2326 131 32 anderen
2617 2328 125 35 betreft,
2767 2324 183 30 handhaafde

2015 2367 39 35 hy
2078 2365 34 28 do
2137 2361 240 37 zelfstandigheid
2401 2363 52 27 dor
2476 2365 176 44 Regeering,
2673 2369 57 30 ook
2753 2378 38 19 na
2805 2368 35 28 do
2855 2367 94 34 crisis,

2016 2417 35 19 en
2072 2406 71 38 ging
2163 2413 38 19 na
2224 2406 59 25 wat
2303 2412 37 27 op
2360 2405 198 34 verschillend
2576 2413 102 37 gebied
2692 2412 110 35 godaan
2813 2419 69 19 was.
2906 2408 46 27 De

2016 2448 120 30 kieswet
2158 2446 25 27 is
2207 2443 119 39 gereed,
2349 2452 47 20 om
2414 2446 113 32 weldra
2545 2452 38 38 by
2607 2454 56 27 don
2683 2452 81 30 Raad
2786 2459 57 19 van
2867 2450 83 28 State

2015 2494 30 24 te
2065 2490 111 32 komen;
2199 2484 106 37 daarbij
2339 2485 45 27 zal
2414 2487 56 30 ook
2499 2491 48 30 het
2575 2491 234 39 kiezersgeknoei
2831 2490 117 27 worden

2015 2536 206 32 tegengegaan.
2264 2525 45 30 De
2330 2526 217 38 onderwyswet
2575 2537 45 27 zal
2644 2536 69 27 vóór
2735 2533 48 27 het
2804 2539 83 20 reces
2907 2530 38 38 by

2015 2572 35 28 de
2072 2570 110 28 Kamer
2197 2567 156 37 ingediend
2373 2570 120 30 worden
2519 2583 37 21 en
2581 2587 32 18 _e
2631 2574 164 39 Regeering
2817 2571 45 30 zal
2883 2571 65 30 zich

2015 2610 109 38 daarbij
2146 2611 70 26 d«or
2236 2616 90 30 geene
2349 2609 86 35 partij
2461 2610 79 33 laten
2575 2615 187 32 afschrikken
2791 2613 33 28 of
2854 2614 76 28 dwin-

2014 2663 66 27 gen.
2124 2652 46 28 En
2196 2654 58 26 wat
2281 2649 37 27 de
2348 2649 138 32 koloniën
2519 2656 123 39 betreft,
2678 2656 103 31 toonde
2816 2655 38 37 hy
2881 2666 66 26 aan,

2014 2695 51 27 dat
2098 2696 59 26 wat
2183 2693 35 27 de
2252 2691 237 33 conservatieven
2528 2699 45 30 als
2615 2700 37 30 de
2685 2700 69 27 keer
2791 2695 158 40 Wintgens

2013 2737 86 27 thans
2133 2733 116 34 willen,
2275 2732 151 28 neerkomt
2447 2744 37 28 op
2777 2738 41 37 (d.
2839 2738 20 30 j.
2882 2748 50 19 ver-

2013 2776 144 35 draaiing)
2187 2774 51 27 der
2258 2772 210 38 geschiedenis.
2503 2778 93 33 Heeft
2619 2783 63 28 niet
2708 2779 169 30 Rochussen
2900 2781 50 30 het

2013 2816 169 30 vaststellen
2202 2815 52 28 der
2274 2813 136 31 Indische
2431 2817 175 45 begrooting
2626 2824 38 35 bij
2687 2823 34 27 de
2747 2824 58 26 wet
2828 2823 100 28 voorbe-

2013 2858 61 28 reid
2106 2867 37 19 en
2176 2857 61 27 drie
2268 2855 129 30 cultures
2428 2862 190 35 «pgeheven?
2662 2864 67 30 Kan
2754 2871 66 20 men
2843 2864 107 28 zonder

2013 2898 151 30 huichelen
2187 2907 115 28 zeggen,
2321 2897 50 28 dat
2389 2898 51 30 het
2464 2902 217 33 cultuurstelsel
2692 2906 25 30 is
2730 2904 158 37 ingovoerd
2900 2910 50 25 ten

2013 2941 124 28 behoeve
2158 2948 57 20 van
2236 2941 56 26 den
2313 2937 111 31 Javaan
2434 2941 12 28 ?
2483 2943 31 30 Is
2531 2956 33 19 er
2583 2948 56 30 iets
2655 2953 28 24 te
2705 2947 73 27 doen
2798 2950 87 34 tegen
2900 2948 48 27 hot

2011 2981 142 37 gebleken
2170 2981 57 38 feit
2235 3001 7 12 ,
2275 2980 50 27 dat
2357 2980 183 35 individueel
2561 2989 77 30 bezit
2669 2998 35 28 op
2724 2988 78 28 Java
2826 2989 35 28 de
2884 2999 50 19 nor-

2011 3022 73 28 male
2111 3021 131 28 toestand
2263 3020 45 28 is?
2340 3021 87 31 Maar
2445 3026 37 27 de
2503 3027 167 40 Regoering
2692 3031 25 28 is
2730 3031 51 27 het
2790 3032 66 27 toch
2867 3032 66 27 daar-

2010 3072 69 19 over
2100 3072 83 26 eens,
2206 3063 50 28 dat
2276 3072 73 27 geen
2373 3065 109 35 pressie
2503 3071 46 27 zal
2569 3072 117 30 worden
2708 3071 141 38 geoefend
2865 3080 35 20 en
2913 3072 35 28 do

2009 3104 203 30 koffiecultuur
2232 3104 45 28 zal
2300 3106 117 28 worden
2443 3110 211 34 gehandhaafd.

2053 3148 46 27 De
2128 3146 145 30 ministers
2303 3156 57 20 van
2376 3148 118 37 justitie
2522 3163 39 19 en
2581 3165 58 19 ran
2663 3156 137 27 koloniën
2822 3154 124 35 spraken

2008 3188 32 30 in
2061 3188 169 30 denzelfden
2245 3193 80 33 geest
2342 3198 37 19 en
2400 3190 37 27 de
2453 3197 94 25 eersto
2568 3207 69 19 nam
2655 3195 107 33 daarby
2776 3195 35 26 de
2823 3191 123 35 vrijheid

2009 3241 58 27 zyn
2087 3230 330 31 antirevolutionnairen
2438 3237 204 35 partygenoot,
2665 3235 54 28 den
2740 3235 69 26 heer
2820 3241 27 20 v.
2861 3230 64 31 Was-

2009 3285 111 28 senaer,
2140 3279 59 25 met
2220 3283 57 28 zyn
2297 3274 157 38 aanhaling
2476 3285 57 19 van
2546 3276 122 30 Caesars
2683 3274 135 30 woorden
2833 3273 97 28 belach-

2009 3319 53 37 lijk
2075 3322 30 25 te
2115 3318 113 37 maken,
2242 3318 99 28 zoodat
2353 3318 43 28 dit
2405 3317 112 28 tweede
2529 3318 107 37 bedry'f
2649 3326 53 19 een
2714 3315 48 37 blij
2776 3315 85 30 einde
2869 3326 77 19 nam.

2052 3360 34 30 In
2114 3361 48 28 het
2194 3361 86 27 derde
2309 3361 64 28 trad
2401 3370 53 20 een
2473 3359 97 30 nieuw
2591 3369 122 30 persoon
2735 3363 50 25 ten
2807 3358 138 31 tooneele.

2010 3402 59 28 Tot
2089 3403 106 27 dusver
2216 3404 57 26 had
2294 3403 35 27 da
2349 3402 120 30 liberale
2490 3406 86 31 party
2600 3402 51 28 het
2670 3400 119 30 krakeel
2802 3402 53 28 dor
2864 3402 66 28 rech-

2009 3437 122 32 terziide
2158 3433 59 26 met
2238 3433 175 30 suizwyj-c^
2438 3443 177 27 --~,_oord
2633 3463 7 8 .
2661 3442 84 27 enkel
2770 3442 176 34 afgebroken

2010 3469 70 27 door
2092 3476 52 20 een
2152 3469 33 27 of
2192 3469 126 27 anderen
2327 3472 125 31 uitroep.
2470 3469 19 26 I
2496 3469 71 26 hans

2010 3509 50 28 het
2092 3509 117 34 woord,
2232 3517 48 19 om
2301 3508 57 27 den
2379 3508 109 27 indruk
2509 3510 27 25 te
2557 3507 135 27 schetsen
2712 3513 58 19 van
2791 3503 48 28 het
2861 3507 69 24 twee-

2009 3549 126 35 daagsch
2151 3549 105 32 dobat,
2280 3548 110 27 waarin
2407 3548 50 26 het
2470 3543 196 31 conservatief
2675 3544 120 28 kabinet
2805 3544 69 26 door
2889 3542 57 35 zijn

2008 3588 84 33 eigen
2127 3587 141 27 vrienden
2301 3587 52 26 zóó
2385 3593 61 19 was
2480 3586 170 33 gehavend,
2681 3585 50 24 dat
2751 3585 35 24 do
2807 3582 138 26 liberalen

2008 3627 84 27 haast
2111 3626 60 27 lust
2191 3626 110 27 zouden
2320 3624 139 37 gevoelen
2476 3625 51 27 het
2543 3625 38 34 by
2601 3627 28 22 te
2640 3621 149 37 springen.
2809 3619 69 27 Aan
2889 3619 57 28 wie

2007 3667 35 26 de
2067 3666 103 27 schuld
2191 3674 56 19 van
2267 3665 54 27 den
2333 3665 187 35 ongezonden
2531 3663 131 30 toestand
2673 3661 12 27 ?
2704 3661 66 27 Aan
2783 3660 34 28 de
2832 3669 98 20 conser-

2007 3705 143 30 vatieven.
2170 3706 104 28 Sedert
2287 3705 79 31 1818
2375 3706 113 31 hebben
2496 3706 34 39 zij
2544 3705 60 30 hun
2616 3704 63 30 drie
2691 3700 254 38 hoofdbeginselen

2007 3756 70 19 over
2093 3748 90 28 boord
2200 3756 167 30 geworpen.
2389 3750 41 38 Zij
2457 3750 152 38 predikten
2629 3743 187 39 handhaving
2829 3752 56 19 van
2895 3743 51 28 hot

2007 3789 276 39 regecringsge^ag,
2316 3801 79 20 maar
2424 3790 136 31 niemand
2590 3797 77 21 meer
2698 3789 58 26 dan
2776 3787 34 38 zij
2835 3787 111 28 hobbcn

2006 3828 119 32 liberale
2150 3831 170 30 kabinetten
2341 3834 50 28 het
2409 3841 138 30 rageeren
2571 3829 178 38 onmogelijk
2764 3828 135 39 gemaakt
2908 3837 37 19 en

2007 3873 50 28 he'.
2078 3883 87 30 gezag
2185 3874 193 39 ondorraynd.
2400 3874 43 38 Zij
2459 3872 152 40 predikten
2626 3872 183 37 onthouding
2820 3872 27 28 in
2865 3870 80 30 Indië

2007 3925 35 18 en
2075 3917 99 28 willen
2206 3919 66 27 toch
2298 3918 86 28 eiken
2413 3914 131 31 minister
2565 3920 71 19 naar
2659 3913 59 28 hun
2741 3913 77 28 hand
2842 3918 104 24 zetten.

2007 3958 43 37 Zij
2074 3969 97 20 waron
2202 3960 207 27 voorstanders
2431 3965 56 20 van
2509 3953 48 28 het
2578 3953 135 31 neutraal
2734 3956 156 35 ondorwys
2910 3963 35 20 en

2007 3999 106 31 heulen
2135 4002 83 28 reeds
2235 4000 85 38 jaren
2343 4000 69 37 lang
2437 3999 58 27 met
2516 3994 34 28 de
2572 3993 138 37 vijanden
2731 3997 52 27 der
2802 3997 144 37 openbare

2006 4042 109 28 school.

2048 4082 46 30 En
2118 4082 51 30 wil
2190 4091 65 20 men
2278 4082 48 28 het
2353 4082 79 27 beste
2454 4074 99 37 bewijs
2575 4083 57 20 van
2653 4076 63 30 hun
2738 4076 193 39 beginselloos-

2007 4124 86 28 heid?
2135 4123 165 38 Rageering
2329 4121 163 39 geworden,
2512 4116 119 30 kunnen
2654 4117 34 37 zij
2706 4120 63 27 niet
2778 4120 32 27 in
2820 4116 125 39 practijk

2007 4167 126 26 brengen
2166 4169 59 24 wat
2256 4174 35 27 zy
2314 4166 45 27 als
2379 4160 142 40 oppositie
2548 4157 112 30 hebben
2682 4160 193 35 verkondigd,
2896 4160 50 26 dat

2006 4207 57 27 had
2079 4191 41 44 'cle
2152 4206 133 28 minister
2308 4201 182 33 Heemskork
2519 4206 50 20 zoo
2601 4207 52 27 pas
2686 4200 170 30 verklaard!
2901 4200 41 37 Zij

2007 4252 148 24 moeten
2180 4247 120 28 liberaal
2322 4254 138 30 regaeren
2483 4251 37 19 en
2542 4247 39 19 nu
2598 4239 56 38 ligt
2669 4241 51 28 het
2732 4243 128 28 Kabinet
2868 4240 76 38 juist

2006 4289 117 30 daarom
2147 4292 59 25 met
2236 4290 58 35 zijn
2316 4289 84 37 eigen
2425 4289 83 35 party
2528 4280 162 38 overhoop!
2737 4284 45 27 Da
2803 4283 141 28 liberalen

2006 4330 94 27 zuilen
2132 4330 122 38 zoolang
2284 4331 50 26 het
2370 4328 113 28 bewind
2502 4323 53 27 niet
2576 4324 195 35 aanvaarden,
2793 4325 94 27 totdat
2908 4325 35 26 de

2004 4371 143 37 oppositie
2169 4371 112 35 erkent,
2302 4371 51 28 dat
2363 4380 65 19 men
2444 4367 59 28 riet
2512 4363 65 28 elke
2588 4362 169 41 Regeering
2766 4364 177 38 onmogelijk

2007 4419 74 22 moot
2111 4415 112 26 maken.
2261 4413 171 28 Intusschen
2454 4406 115 31 worden
2591 4404 66 28 toch
2680 4408 71 26 door
2772 4408 51 27 het
2842 4408 84 26 minis-

2006 4454 72 28 terie
2106 4455 37 27 dc
2171 4454 91 30 zaken
2283 4454 31 27 in
2335 4453 129 28 liberalen
2485 4447 56 33 zin,
2562 4443 35 37 «j
2622 4444 51 30 het
2692 4448 56 28 ook
2770 4453 47 22 ten
2841 4447 47 28 hal
2893 4456 48 26 va,

2004 4496 120 33 godaan.
2153 4496 86 27 Maar
2262 4495 70 28 vóór
2352 4494 71 28 alles
2443 4493 76 26 moet
2538 4495 39 19 nu
2598 4486 34 27 da
2654 4489 288 37 onderwyequaestie

2004 4537 118 28 worden
2144 4535 130 39 opgelost
2294 4545 37 20 en
2353 4535 69 27 daar
2444 4530 92 30 zullen
2561 4526 34 26 de
2620 4526 143 32 liberalon
2785 4530 155 35 bewijzen,

2004 4578 73 26 vecht,
2099 4589 66 17 voor
2185 4580 73 25 allen
2281 4583 28 21 tn
2333 4577 107 33 willen,
2461 4571 41 31 als
2529 4577 63 20 man
2614 4572 138 30 Mfttoont
2774 4572 48 28 dat
2841 4580 31 21 er
2891 4580 33 19 on-

2003 4618 81 27 recht
2106 4618 162 38 geschiedt!
2293 4617 145 30 Niemand
2458 4613 125 30 verzette
2604 4610 63 27 zich
2682 4613 106 27 verder
2807 4617 83 32 togen
2907 4613 34 26 do

2002 4658 162 38 indiening.

2046 4700 79 30 Deze
2143 4701 67 28 rede
2229 4700 58 30 had
2304 4700 106 30 slechts
2428 4704 52 21 een
2498 4693 70 34 fout,
2588 4698 117 33 waarop
2720 4695 35 27 dc
2772 4696 69 26 hoor
2861 4693 64 31 H»ff-

2003 4749 83 19 mans
2115 4747 48 22 ten
2190 4742 87 28 slotte
2304 4750 93 24 wees;
2431 4741 34 26 de
2493 4736 67 27 heer
2584 4731 164 41 Kappeyno
2770 4741 102 33 vergat
2893 4737 50 27 dat

2002 4780 39 37 hij
2073 4781 59 30 zalf
2157 4792 37 19 en
2217 4792 53 20 con
2291 4782 64 30 deel
2378 4782 51 27 der
2447 4774 139 33 liberalen
2608 4774 63 28 niet
2699 4778 117 28 minder
2838 4779 56 26 dan
2907 4779 35 26 de

2001 4825 239 27 conservatieven
2268 4828 43 24 tot
2339 4826 56 26 den
2424 4820 45 31 val
2490 4819 50 27 der
2561 4813 120 32 liberale
2709 4819 149 31 ministers
2874 4819 53 30 had-

2001 4861 56 28 den
2073 4865 230 37 medegewerkt!

2043 4904 165 31 Daarmede
2230 4917 67 20 nam
2320 4907 37 28 de
2373 4904 111 31 tweede
2504 4900 56 35 dag
2581 4905 52 21 een
2654 4898 100 35 einde.

2044 5054 45 26 Da
2108 5055 69 30 heer
2196 5059 131 35 Joosten,
2348 5060 46 28 die
2413 5059 128 37 gisteren
2556 5052 31 28 in
2608 5060 53 20 ons
2686 5055 117 38 verslag
2817 5056 52 28 der
2883 5059 41 25 zit-

2001 5092 64 37 ting
2086 5104 57 20 van
2164 5098 57 28 dea
2255 5099 229 31 Gemeenteraad
2509 5094 41 30 als
2571 5092 124 39 afwezig
2717 5096 26 28 is
2764 5106 175 28 opgegeven,

2001 5132 78 30 heeft
2109 5137 54 28 wel
2194 5139 50 28 het
2262 5143 87 37 begin
2370 5143 51 28 der
2441 5138 103 34 zitting
2562 5132 59 31 ebt
2644 5135 191 38 bijgcwooEtl,
2862 5145 77 21 maar

2001 5177 66 26 toch
2087 5178 130 37 weldra,
2242 5183 107 34 tijdens
2369 5184 35 27 de
2426 5176 191 37 behandeling
2639 5186 58 20 van
2718 5179 51 30 N°.
2794 5180 69 34 408,
2882 5178 57 37 zijn

2001 5216 92 35 plaats
2117 5217 184 38 ingenomen.

2042 5257 138 31 Omtrent
2200 5262 47 28 dio
2268 5264 106 38 aitting
2394 5269 112 26 moeten
2529 5258 47 38 wij
2595 5270 58 27 nog
2673 5268 59 22 ren'
2745 5261 85 30 enkel
2843 5261 97 28 woord

2001 5308 118 27 zeggen,
2152 5304 59 25 wat
2245 5303 106 30 betreft
2373 5307 48 28 het
2440 5301 215 35 onbehoorlijke
2676 5303 109 38 gedrag
2810 5313 56 19 van
2888 5310 53 21 een

2160 5342 52 28 der
2242 5346 197 30 toehoorders.
2483 5343 57 39 Wij
2574 5342 138 37 goloovcn
2741 5344 71 34 «iet,
2839 5344 51 28 dat
2910 5354 31 19 er

2001 5382 102 38 cc.nige
2126 5383 105 38 twijfel
2252 5386 59 31 kan
2337 5388 118 30 bestaan
2478 5395 70 20 over
2568 5383 34 26 do
2622 5382 164 38 billykh«id
2799 5395 35 19 en
2846 5386 78 28 recht-

2002 5424 158 39 matigheid
2180 5427 52 27 der
2254 5430 221 38 goedgekeurde
2496 5425 106 35 heffing
2622 5432 117 28 wegers
2756 5427 48 27 bet
2816 5427 124 38 gebruik

2002 5474 57 20 van
2088 5469 167 37 openbaren
2289 5472 91 35 grond
2412 5480 70 19 voor
2511 5465 240 37 Licrnurbuizen;
2773 5467 94 30 alleen
2887 5477 54 19 zou

2002 5517 66 20 men
2100 5510 71 30 haar
2202 5512 125 39 ontijdig
2356 5513 122 28 kunnen
2498 5515 135 25 noemen,
2654 5507 123 38 zoolang
2799 5511 51 27 het
2872 5510 56 28 stel-

2002 5550 41 27 sel
2066 5551 61 30 niet
2148 5556 144 35 voorgoed
2315 5556 26 28 is
2365 5551 165 40 ingevoerd.
2572 5546 86 28 Maar
2679 5548 56 30 hoe
2751 5551 43 28 dit
2817 5551 47 38 zij,
2884 5551 56 27 ook

2002 5590 27 27 al
2074 5593 115 31 hadden
2226 5597 37 27 da
2297 5594 219 39 tegenstanders
2552 5588 30 27 in
2615 5588 57 30 alle
2702 5593 154 35 opzichten
2889 5593 51 27 hat

2002 5633 81 28 recht
2104 5643 54 20 aan
2180 5636 60 30 hun
2263 5637 90 38 zijde,
2374 5653 39 5 —
2433 5636 57 27 dan
2515 5639 54 26 nog
2591 5635 64 30 past
2685 5630 50 31 het
2757 5634 165 28 ordelioven-

2002 5674 58 27 den
2080 5675 124 39 burgers
2225 5680 70 34 niet,
2316 5688 38 27 op
2365 5679 35 27 do
2413 5669 292 37 onafhankelijkheid
2718 5683 54 19 van
2784 5676 37 26 de
2843 5675 83 28 raads-

2003 5713 85 32 leden
2117 5719 71 28 door
2213 5720 275 37 tribunegeruchten
2517 5713 124 27 inbreuk
2666 5719 27 24 te
2721 5717 115 28 müken.
2895 5715 44 38 Bij

2002 5754 35 28 de
2059 5760 131 28 stembus
2210 5761 25 30 is
2256 5771 70 20 voor
2350 5761 35 27 da
2406 5760 111 27 kiezers
2541 5752 190 38 gelegenheid
2756 5759 35 27 de
2812 5758 111 28 raadsle-

2002 5796 57 30 den
2079 5803 30 25 to
2131 5811 107 27 weren,
2261 5804 46 28 die
2329 5802 118 37 volgens
2469 5799 60 27 hun
2550 5794 115 28 oordeel
2687 5798 60 28 niet
2769 5799 32 28 in
2822 5799 50 27 het
2893 5799 33 27 be-

2002 5836 71 39 lang
2102 5841 52 30 der
2176 5849 149 32 gemeente
2346 5839 161 41 gehandeld
2532 5836 129 35 hebben;
2693 5838 31 30 in
2752 5842 137 27 adressen
2910 5838 33 30 of

2002 5881 146 33 openbare
2171 5884 178 37 geschriften
2373 5884 118 27 kunnen
2515 5877 35 34 zij
2563 5877 58 26 hun
2634 5878 151 31 bezwaren
2796 5883 73 26 doen
2881 5882 45 35 g*l-

2003 5917 73 39 don,
2099 5930 80 24 maar
2199 5926 122 37 juichen
2341 5924 30 31 of
2392 5924 91 30 sissen
2511 5917 32 30 of
2558 5921 123 33 trappen
2712 5921 58 37 zijn
2797 5931 72 26 goan
2891 5930 33 28 ge-

2002 5961 148 32 oorloofde
2180 5968 145 28 middelen
2356 5975 37 20 on
2430 5963 124 38 bewijzen
2589 5959 149 31 bovendien
2764 5965 87 27 niets!
2895 5963 46 27 Da
2956 5959 4 11 '

2006 6001 215 40 burgemeester
2238 6008 78 30 hesfc
2336 6008 129 38 gisteren
2484 6013 38 27 op
2543 6000 150 39 krachtige
2715 6004 102 37 wijzen
2830 6006 37 28 de
2876 6014 65 19 ver-
2957 5999 2 20 ]

2006 6050 22 20 s:
2034 6046 118 28 oorders
2177 6050 52 30 der
2250 6051 70 27 orde
2341 6051 72 27 doen
2439 6043 150 43 gevoelen,
2619 6043 50 27 dat
2687 6045 86 28 zulke
2796 6046 144 27 middelen

2006 6092 44 20 •m
2076 6087 89 38 gelijk
2187 6094 30 25 ta
2238 6091 115 38 krijgen
2374 6092 31 27 in
2426 6083 182 35 Arasterdam
2621 6083 60 30 niet
2693 6086 107 35 geduld
2812 6087 129 31 worden.

2048 6189 152 41 Vanwege
2230 6195 48 28 het
2307 6196 197 35 departement
2531 6196 56 19 v*n
2608 6185 138 32 koloniën
2770 6190 119 30 worden
2910 6189 32 28 in

2006 6228 35 28 do
2062 6230 235 34 Staats-Couraiit
2319 6244 56 20 van
2400 6235 91 28 heden
2512 6228 200 34 medegedeeld
2734 6233 103 37 eenige
2848 6236 93 24 staten

2008 6272 177 33 betreffende
2217 6279 56 26 den
2301 6276 102 30 invoer
2431 6276 51 27 der
2509 6275 200 26 voornaamste
2737 6273 144 28 katoenen
2907 6282 34 19 en

2008 6313 106 30 wollen
2146 6317 221 31 manufacturen
2393 6321 30 25 te
2443 6312 139 34 Batavia,
2603 6309 161 40 Samar»D£
2784 6324 38 18 en
2843 6314 85 28 Soera-

2008 6353 85 38 b<ya,
2126 6367 35 19 en
2184 6360 54 27 den
2261 6360 44 27 in-
2329 6369 37 20 en
2387 6360 113 27 uitvoer
2520 6353 50 30 der
2589 6360 202 24 voornaamste
2811 6354 117 31 handels-

2008 6396 144 31 artikelen
2176 6410 38 28 op
2233 6400 74 30 Java
2329 6410 37 19 en
2382 6399 142 33 Madnra,
2544 6402 69 21 over
2630 6393 37 26 de
2689 6398 103 27 maand
2815 6397 72 28 Juni
2908 6406 37 18 en

2008 6437 38 27 dj
2067 6439 102 38 vorige
2189 6443 142 28 maanden
2352 6451 56 20 van
2432 6439 77 31 1876
2530 6441 28 24 te
2574 6443 110 20 zirnori.

2053 6530 133 37 Blijkens
2206 6542 53 20 een
2282 6543 59 19 van
2361 6533 52 30 het
2433 6526 222 35 vice-consulaat
2674 6526 52 31 der
2740 6527 207 30 Nederlanden

2010 6572 31 25 te
2070 6570 156 32 Falmouth
2248 6579 165 32 ontvangen
2433 6573 125 32 bericht,
2587 6575 60 20 was
2667 6568 50 27 Zr.
2739 6569 59 28 Ms.
2820 6569 112 30 schroef-

2013 6614 176 39 stoomschip
2199 6615 170 38 Samarang,
2387 6614 91 30 ouder
2498 6608 81 33 bovel
2601 6617 57 20 van
2679 6608 57 30 den
2757 6609 191 31 luit.-ter-zee

2015 6653 34 27 le
2069 6653 98 32 klasse
2189 6657 35 30 D.
2248 6658 28 28 J.
2302 6658 98 35 Wcys,
2426 6657 32 28 in
2480 6656 54 28 den
2556 6651 94 30 avond
2672 6658 57 22 var.
2752 6653 38 27 24
2812 6654 85 26 dezer
2919 6653 31 26 in

2013 6694 37 28 de
2080 6699 148 35 nabijheid
2258 6699 63 30 dier
2352 6699 94 38 plaats
2478 6693 164 33 kruisende.
2686 6693 66 28 Aan
2779 6694 89 30 boord
2889 6702 60 22 was

2015 6736 71 30 alles
2107 6739 65 27 wel,

3043 1337 133 38 Blykens
3196 1337 112 30 bericht
3330 1346 56 20 van
3407 1337 47 28 Zr.
3478 1337 60 28 Ms.
3557 1335 252 38 consul-generaal
3831 1337 27 26 te
3878 1333 39 28 Bu-

3001 1380 102 35 dapest
3123 1378 25 28 is
3169 1380 37 27 de
3226 1380 116 28 uitvoer
3360 1389 57 19 van
3439 1378 125 37 paarden
3585 1388 70 19 over
3676 1377 35 27 de
3732 1384 125 28 grenzen
3881 1384 54 18 van

3001 1420 48 28 het
3072 1420 443 37 OostenrijkBch-Hongaarsche
3536 1428 37 20 en
3594 1428 56 18 van
3672 1417 48 27 het
3739 1415 196 30 Dalmatische

3000 1461 144 37 tolgebicd
3167 1461 155 27 vorboden.
3343 1461 54 26 Dit
3418 1460 107 27 verbod
3546 1460 26 27 is
3593 1461 37 26 24
3650 1459 78 27 Nov.
3750 1457 30 26 in
3803 1455 132 35 werking

2999 1501 148 38 getreden.
3763 1495 129 38 (St.-Ct.)

3040 1580 46 30 De
3107 1580 87 30 Amst.
3215 1579 41 30 Ct.
3279 1578 77 28 deelt
3377 1578 93 28 heden
3491 1578 91 35 mede,
3604 1578 48 27 dat
3673 1576 34 38 zij
3730 1576 70 28 haar
3821 1574 111 28 bericht

2998 1631 71 19 over
3097 1623 51 27 het
3167 1620 145 39 gebeurde
3332 1624 59 25 met
3411 1619 151 30 Lieinur's
3583 1617 99 31 stelsel
3704 1623 30 24 te
3754 1617 178 38 Petersburg

2998 1663 79 30 heeft
3106 1670 165 31 ontvangen
3304 1670 57 20 van
3381 1662 56 28 den
3458 1661 178 30 Russischen
3657 1658 200 37 vice-eonsul,
3878 1658 54 30 den

2998 1706 71 30 heer
3089 1706 38 28 D.
3148 1707 35 27 de
3200 1704 195 30 Boukharow.
3431 1703 59 38 Wij
3510 1704 104 28 komen
3626 1711 32 20 er
3669 1707 50 25 ten
3729 1708 110 22 zeerste
3848 1706 84 33 tegen

2998 1755 38 30 op
3047 1768 7 14 ,
3076 1747 51 28 dat
3146 1748 48 27 het
3216 1747 157 37 genoemde
3393 1746 65 28 blad
3480 1747 87 27 dezen
3579 1747 69 27 heer
3658 1748 44 26 tot
3712 1744 220 35 medeplichtige

2998 1788 96 28 tracht
3116 1793 28 24 te
3172 1789 105 28 maken
3299 1796 57 19 van
3377 1787 71 30 haar
3471 1787 152 30 volkomen
3641 1787 235 37 ongewettigden
3898 1794 34 19 en

2998 1839 72 19 •ven
3092 1830 152 28 volkomen
3263 1830 175 28 onbewezen
3459 1828 103 28 aanval
3585 1833 85 33 tegen
3689 1828 51 28 het
3756 1826 98 31 stelsel
3868 1826 64 30 zelf.

2998 1871 45 27 Do
3060 1872 69 27 heer
3151 1871 35 27 de
3207 1871 187 28 Boukharow
3415 1879 81 28 moge
3511 1879 54 19 aan
3587 1871 35 27 de
3643 1871 89 27 Amst.
3744 1869 43 30 Ct.
3798 1869 34 28 de
3844 1867 87 28 feiten

2998 1912 110 28 hebben
3138 1911 221 39 medegedeeld,
3391 1911 47 28 die
3465 1912 70 27 door
3565 1912 35 27 de
3624 1911 107 28 heeren
3748 1910 126 27 Liernur
3896 1917 34 20 en

2996 1954 35 27 do
3066 1954 104 37 Brujn
3207 1954 84 37 Kops
3322 1952 32 28 in
3384 1952 77 28 allen
3494 1952 80 28 deels
3611 1951 117 30 worden
3761 1949 170 35 bevestigd,

2995 1994 34 28 de
3056 1995 294 37 gevolgtrekkingen,
3376 1994 46 27 die
3446 1994 105 27 zonder
3570 1991 119 37 eenigen
3715 1989 92 38 grond
3819 1989 45 26 uit
3883 1989 47 26 die

2994 2034 91 28 feiten
3106 2044 99 19 waron
3228 2035 135 37 gemaakt
3379 2034 31 27 in
3431 2034 50 27 het
3501 2033 103 28 onedel
3620 2029 148 37 artikeltje
3785 2029 51 26 der
3860 2036 51 19 cou-

2992 2079 77 32 rant,
3090 2085 104 27 mogen
3219 2075 60 28 niet
3298 2083 37 27 op
3354 2082 57 27 zyn
3430 2073 142 34 rekening
3604 2070 117 28 worden
3748 2067 112 38 gesteld
3892 2075 35 19 en

2992 2117 91 27 onder
3104 2126 57 26 zyn
3183 2115 69 37 vlag
3272 2113 118 31 worden
3402 2109 305 39 binnengesmokkeld.
3719 2107 208 39 Ongetwijfeld

2991 2156 26 28 is
3037 2157 39 34 hy
3100 2156 60 28 zelf
3185 2157 50 28 het
3256 2159 89 25 meest
3376 2152 267 37 verontwaardigd,
3671 2151 50 27 dat
3744 2159 53 19 een
3822 2150 89 28 Neder-

2991 2197 115 27 landseh
3128 2197 66 27 blad
3217 2205 53 19 van
3291 2196 57 35 zijn
3370 2193 234 35 mododeelifigcn
3625 2191 142 28 misbruik
3788 2190 79 28 hooft
3878 2199 33 30 ge-

2991 2237 106 34 maakt,
3109 2246 46 18 om
3168 2245 52 19 een
3242 2237 214 28 Ncderlandsch
3464 2235 148 27 uitvinder
3622 2232 84 30 aldus
3717 2237 30 25 te
3764 2232 146 30 dwarsbeo-

2991 2288 74 19 men.
3089 2276 59 37 Wij
3171 2276 154 37 verwijzen
3344 2276 154 37 overigens
3523 2284 70 18 naar
3606 2276 50 27 het
3666 2275 180 38 ingezonden
3857 2276 71 28 stuk

2989 2328 56 20 ▼an
3059 2320 34 27 de
3105 2319 105 28 heeren
3228 2317 34 30 L.
3278 2328 37 20 en
3326 2319 34 28 B.
3373 2317 39 30 K.
3424 2317 31 28 in
3477 2316 43 30 dit
3541 2327 135 20 nummer
3692 2317 222 31 voorkomende.

3030 2399 45 28 Do
3105 2398 233 30 tusschenkomst
3369 2399 52 30 des
3451 2400 129 30 rechters
3604 2409 117 28 wegens
3741 2400 52 30 hot
3813 2400 116 30 houden

2987 2450 57 19 van
3067 2439 106 28 andere
3194 2440 146 38 openbare
3361 2443 345 38 godsdienstoefeningen
3723 2443 100 30 buiten
3834 2444 37 27 de
3881 2452 33 27 ge-

2986 2481 124 30 bouwen
3132 2491 37 20 en
3194 2483 131 30 besloten
3347 2485 132 38 plaatsen
3501 2486 57 28 dan
3582 2485 57 37 die,
3656 2485 94 30 welke
3761 2485 123 38 volgens
3894 2485 35 26 de

2986 2524 154 37 grondwet
3161 2524 43 30 als
3228 2526 167 34 geoorloofd
3415 2537 57 28 zya
3494 2532 28 25 te
3539 2529 213 33 beschouwen,
3770 2526 43 35 is,
3834 2524 94 30 zooals

2986 2567 70 28 door
3078 2567 56 30 den
3159 2567 133 32 minister
3313 2580 57 20 van
3385 2569 117 38 justitie
3523 2570 28 27 in
3579 2578 57 27 zyn
3654 2568 150 30 antwoord
3826 2575 53 19 aan
3893 2565 35 27 de

2986 2607 129 30 Tweode
3136 2609 110 31 Kamer
3262 2621 70 19 over
3353 2611 76 37 zijne
3450 2610 171 37 begrooting
3643 2609 25 27 is
3689 2606 237 38 aangekondigd,

2987 2650 83 30 reeds
3091 2649 31 31 in
3148 2652 142 37 Limburg
3311 2654 159 34 begonnen.
3503 2652 45 27 De
3573 2647 338 31 arrondissementsrecht-

2987 2693 78 28 bank
3086 2696 28 25 te
3135 2693 176 30 Maastricht
3331 2694 79 28 heoft
3431 2692 137 35 namelijk
3589 2700 53 18 een
3661 2687 152 30 instructie
3839 2687 71 27 bevo-

2986 2733 48 30 len
3056 2744 71 19 naar
3148 2734 168 38 aanleiding
3337 2745 58 19 van
3413 2735 48 27 het
3487 2728 247 44 proces-verbaal,
3754 2726 172 39 opgemaakt

2987 2785 119 27 wegons
3141 2774 51 30 het
3222 2777 141 35 onwettig
3387 2774 164 30 uitoefenen
3581 2781 57 20 van
3656 2771 164 37 openbaren
3839 2769 69 35 gods-

2986 2817 106 35 dienst,
3116 2820 45 24 ter
3187 2816 193 37 gelegenheid
3397 2825 86 20 eener
3504 2813 142 39 processie
3667 2816 28 24 to
3718 2810 128 35 Sittard,
3869 2810 56 27 den

2989 2859 37 27 14
3050 2857 63 30 Mei
3143 2857 84 30 dezos
3250 2857 81 38 jaars
3360 2858 161 38 gehouden.
3566 2856 45 27 De
3638 2857 92 25 eerste
3752 2850 117 39 getuige
3893 2850 31 30 in

2986 2900 70 28 deze
3086 2898 71 30 zaak
3188 2898 26 30 is
3244 2900 131 37 gisteren
3406 2898 193 38 (Woensdag)
3630 2896 71 27 door
3720 2895 57 27 den
3796 2894 113 30 rechter-

2986 2941 194 30 commissaris
3204 2941 136 37 gehoord.

3030 3033 15 18 *
3057 3031 280 33 „INSCHOTEN,
3360 3031 37 26 29
3410 3028 77 27 Nov.
3511 3028 44 26 De
3579 3032 80 22 toron
3680 3027 51 26 der
3742 3026 76 26 Ned.
3831 3025 91 27 Herv.

2988 3073 81 28 Kerk
3081 3072 92 27 alhier
3195 3073 78 25 staat
3292 3070 80 27 sinds
3394 3067 120 27 tnllooze
3531 3066 86 33 jaren
3640 3065 102 26 scheef
3758 3073 35 17 on
3820 3064 25 26 is
3859 3071 64 19 zeer

2986 3111 185 34 bouwvallig.
3194 3110 53 27 Uit
3267 3109 67 27 dien
3354 3106 105 28 hoofde
3481 3106 77 26 heei'r,
3579 3106 34 26 de
3631 3104 228 27 Gemeenteraad
3875 3104 31 26 be-

2983 3152 103 32 sloten,
3110 3151 66 26 hem
3197 3148 183 39 gedeeltelijk
3402 3151 28 24 te
3450 3148 74 27 doen
3546 3156 7 17 t
3563 3145 9 27 f
3585 3145 106 28 breken
3713 3154 35 19 en
3771 3152 57 18 van
3850 3151 71 20 eona

2982 3191 97 37 lagers
3111 3190 73 37 spits
3207 3194 27 24 te
3255 3190 73 28 doon
3351 3189 144 28 voorzien.
3539 3185 239 38 Waarschijnlijk
3796 3184 45 30 zal
3866 3184 56 30 ook

2983 3234 48 27 het
3052 3233 224 28 torenuurwerk
3300 3230 172 31 vernieuwd
3496 3235 113 25 mosten
3632 3229 135 37 worden,
3790 3227 61 40 wijl
3879 3228 44 28 dit

2983 3275 56 30 ook
3060 3286 65 18 zeer
3148 3274 161 38 gebrekkig
3328 3275 34 30 is.

3026 3334 40 6 —
3089 3318 46 38 Op
3157 3319 123 30 verzoek
3301 3319 51 28 der
3373 3319 136 28 besturen
3533 3326 57 19 van
3611 3315 34 30 de
3663 3314 117 40 polders
3789 3314 133 38 Schagen

2985 3371 35 20 en
3044 3361 57 30 den
3123 3361 69 38 Eng
3213 3361 90 30 onder
3324 3363 69 28 deza
3412 3365 158 33 gemeente,
3593 3359 112 28 hebbon
3728 3358 35 30 de
3787 3358 136 28 besturen

2985 3404 52 28 der
3051 3404 117 37 polders
3191 3404 250 30 Snelrewaarden
3462 3400 175 31 „inschoten
3661 3404 183 31 toegestaan,
3873 3398 50 26 dat

2985 3444 190 28 voornoemde
3187 3444 115 37 polders
3322 3444 61 27 zich
3396 3449 59 22 met
3469 3443 86 28 dw.M
3575 3445 40 20 *»*
3631 3443 52 22 <-'on
3698 3437 100 37 geheel
3813 3438 110 27 zouden

3093 3483 63 19 '-■_.
3190 3494 35 9 „„
3259 3484 79 24 „Trnn
3370 3482 129 27 bemalen
3533 3477 117 28 wordon
3681 3476 70 25 door
3782 3477 141 20 hetzeifüe

2985 3506 248 26 Lmscuotonaehe
3247 3508 223 30 stoom_o_aai,
3491 3515 46 13 urn
3549 3517 14 12 
3573 3517 41 19 .^
3630 3514 94 27 ctppds
3735 3509 188 32 uitmuntend

2985 3543 124 28 voldoet.
3145 3541 200 34 Gezamenlijk
3366 3541 113 26 hebben
3501 3540 69 25 deze
3592 3534 116 39 polders
3728 3544 72 18 eene
3820 3543 86 26 opper-

2985 3583 98 26 vlakte
3103 3592 57 18 van
3181 3583 77 26 ruim
3280 3581 59 27 957
3365 3581 145 26 hectaren.

3034 3671 337 45 Bestluiten
3404 3671 67 45 en
3504 3671 403 45 Benormingen.

3015 3744 53 27 Het
3093 3743 150 28 SlaalMad
3268 3739 81 26 bevat
3364 3738 28 26 in
3409 3737 46 26 N*.
3471 3738 48 25 20»
3539 3736 31 26 de
3587 3736 50 26 wet
3654 3742 52 20 van
3726 3737 28 21 15
3772 3732 79 31 dezer,
3880 3731 40 25 tot

2983 3777 168 30 onteist'nine
3175 3782 51 20 van
3247 3772 194 34 eigendommen
3461 3772 43 22 t?u
3523 3768 113 27 behoeve
3653 3775 52 18 van
3723 3774 46 18 oen
3787 3771 133 25 spoorweg

2983 3821 52 19 van
3063 3810 92 28 Zutfeu
3181 3808 77 33 lang»
3276 3803 172 33 Winterswijk
3468 3808 64 21 na»r
3552 3802 28 25 de
3600 3798 148 28 Pruisische
3765 3804 110 25 grenac»
3892 3796 27 25 in

2985 3847 32 26 de
3033 3846 116 32 richting
3167 3852 52 19 vv*
3227 3824 130 45 Wen,
3383 3846 31 19 en
3439 3837 26 25 in
3546 3835 47 26 209
3611 3833 32 26 de
3659 3831 51 26 wet
3728 3837 48 18 van
3797 3831 30 22 15
3846 3828 74 26 der.er

2986 3880 44 26 tot
3044 3878 164 35 verhooging
3226 3883 31 19 en
3276 3872 125 37 wijriglng
3420 3878 47 19 van
3485 3867 47 28 het
3550 3865 110 28 _VM.de
3676 3862 142 27 hoofdstak
3836 3861 21 26 B
3875 3861 45 25 der

2985 3913 250 31 SUatsbegrootisg
3252 3915 65 22 voor
3335 3907 44 26 het
3396 3904 143 35 dienstjaar
3560 3904 69 24 18,(>.

2965 3991 4 8 ■
3018 3983 25 26 Z.
3061 3983 34 26 M.
3115 3980 71 28 heeft
3202 3979 126 26 ben^md
3347 3978 41 25 tot
3409 3970 255 41 plaatsvervangend
3680 3965 204 31 kantonrechter
3894 3964 26 26 te

2985 4015 138 31 Steenwijk
3149 4013 25 26 J.
3198 4013 25 26 J.
3249 4011 156 31 Fabins,
3431 4010 148 31 ontvang-r
3596 4005 45 28 d«
3658 4003 149 34 registratie
3823 4006 30 19 en
3873 4003 32 21 do-

2985 4049 100 25 meinen
3104 4046 100 30 aldaar,
3223 4054 30 18 en
3273 4052 50 18 aan
3340 4051 48 18 mr.
3415 4043 34 26 H.
3475 4042 33 26 M.
3528 4044 28 22 c.
3585 4038 211 27 Poortman,
3821 4041 32 26 op
3873 4038 48 26 zijn

2983 4080 124 28 verzoek,
3126 4078 87 26 eervol
3233 4077 105 31 ontslag
3364 4076 123 26 verleend
3513 4075 39 25 als
3575 4070 262 35 plaatsvervangend
3855 4072 50 21 Kan-

2982 4111 151 27 tonrechter
3150 4111 26 26 td
3195 4109 145 28 Schiedam.

3015 4181 39 32 Bij
3073 4180 172 33 beschikking
3263 4187 52 19 van
3335 4179 47 25 den
3403 4178 119 26 mim'st-r
3540 4183 48 17 van
3600 4174 129 30 koloniën,
3738 4180 52 20 van
3800 4174 32 24 29
3841 4172 81 28 dezer,

2982 4214 22 26 is
3022 4214 31 26 de
3070 4213 34 33 bij
3123 4212 145 32 koninklijk
3287 4211 97 27 besluit
3402 4218 51 19 van
3471 4212 33 21 23
3521 4208 90 30 deser,
3627 4214 33 25 op
3677 4206 50 32 zijn
3743 4205 110 26 verzoek
3872 4205 51 25 met

2982 4248 99 32 ingang
3106 4254 51 19 van
3188 4248 8 22 1
3227 4245 145 26 December
3396 4239 266 33 daaraanvolgende,
3680 4238 87 27 eervol
3787 4238 136 32 ontslagen

2982 4270 247 37 adlunct-commies
3248 4278 33 31 bij
3300 4278 45 25 het
3363 4276 181 33 departcmei.t
3562 4280 50 17 van
3630 4272 139 28 financiën,
3787 4278 48 18 mr.
3853 4270 70 26 P.G.

2981 4306 37 33 A.'
3039 4312 123 30 Reitz,
3190 4310 102 35 gesteld
3319 4310 40 26 ter
3385 4306 172 31 beschikking
3583 4312 51 18 van
3660 4304 50 25 den
3746 4309 161 25 gouverneur-

2980 4345 128 32 generaal
3124 4352 52 18 van
3195 4342 306 27 Nederlandich-lndië,
3520 4346 40 18 ora
3579 4338 26 25 te
3621 4337 106 26 worden
3744 4335 129 26 benoemd
3882 4335 40 26 tot

2980 4376 156 34 r«chterlijk
3154 4376 156 26 ambtenaar
3326 4375 65 25 daar
3410 4375 25 24 te
3452 4371 85 27 lande.

3012 4447 40 24 Do
3071 4448 8 21 1
3086 4447 38 24 ata
3142 4444 58 26 luit.
3216 4443 28 26 M
3269 4443 25 26 J.
3311 4450 44 19 va
3363 4450 15 17 n
3406 4439 266 33 Hoogstraten,
3697 4442 52 19 vaa
3763 4434 48 27 h«t
3828 4436 31 24 3o
3869 4434 53 25 bat.

2979 4479 48 26 3de
3045 4486 54 24 reg.
3117 4478 64 28 ivf.,
3203 4476 71 26 heeft
3292 4475 64 32 zijne
3372 4474 196 32 overplaatsing
3586 4468 133 35 gevraagd
3738 4467 33 33 brj
3790 4467 45 26 het
3852 4467 71 32 leger

2979 4513 26 24 in
3024 4511 165 26 Oost-lndië.

3013 4579 39 27 De
3070 4579 61 27 heer
3155 4578 31 27 T.
3210 4577 178 35 Legrand,
3406 4571 200 39 gepensioneerd
3628 4571 131 33 opzichter
3776 4576 51 21 van
3846 4569 61 25 lorti-

2980 4613 104 25 ftcatiën
3105 4613 53 24 lste
3175 4612 102 27 klasse,
3295 4612 22 24 is
3335 4611 63 24 door
3416 4610 48 25 den
3482 4609 118 25 niinist.rr
3618 4613 51 18 van
3687 4604 90 32 oorlog
3796 4602 125 27 beuoemd

2979 4645 41 27 tot
3038 4643 131 34 opzichter
3187 4651 52 20 van
3256 4643 32 26 de
3305 4642 171 33 LegerplaaU
3496 4639 31 34 bij
3548 4638 126 32 HUlig—u

3261 4726 356 44 Onderwijs.

3012 4804 39 27 De
3067 4799 181 28 kwoekschool
3268 4806 65 19 voor
3351 4799 241 30 onderwijzeressen
3608 4799 26 24 te
3653 4798 141 28 Haarlem,
3813 4798 27 24 ia
3860 4798 59 22 1871

2983 4839 64 24 door
3073 4835 31 25 dd
3129 4827 191 37 Maatschappij
3340 4832 57 24 »tot
3415 4831 56 25 Nut
3488 4838 51 18 van
3559 4830 19 26 't
3772 4827 146 33 opgericht,

2979 4870 71 26 telde
3067 4867 34 30 bij
3119 4865 48 25 <len
3187 4871 123 24 aanvang
3326 4870 51 18 van
3396 4864 48 22 den
3462 4863 116 25 nieuwen
3596 4870 40 15 cm
3644 4870 43 17 sus
3696 4864 26 22 in
3731 4860 154 31 September
3888 4860 33 31 jl.

2979 4904 33 26 40
3028 4897 151 32 inwonende
3197 4904 31 18 en
3249 4897 30 25 12
3296 4892 165 28 uitwonende
3480 4891 151 33 leerlingen,
3651 4893 76 31 tegen
3744 4896 31 20 42
3794 4899 31 17 en
3842 4893 15 21 6
3875 4891 46 25 bet

2979 4937 91 25 vori»e
3083 4933 67 30 jaar.
3177 4930 39 31 Op
3234 4936 60 18 eene
3312 4936 34 17 na
3364 4925 102 26 hebban
3484 4925 25 25 .-.1
3531 4926 31 24 de
3579 4924 151 32 leerlingen,
3741 4924 40 25 die
3790 4924 30 25 de
3830 4923 90 26 school

2979 4955 125 40 verlfeteu
3131 4963 32 26 ds
3181 4962 61 26 akte
3272 4967 51 19 vaa
3340 4956 261 33 hulponderwijzeres
3620 4963 31 18 en
3670 4956 40 25 die
3729 4963 65 17 voor
3810 4963 63 15 eene
3892 4956 30 22 of

2979 5008 71 19 moer
3074 4998 72 26 talen
3170 4995 152 31 verkregen.
3364 4990 31 26 Ia
3420 4989 46 26 het
3491 4988 93 33 najaar
3609 4995 51 19 van
3690 4989 61 25 1875
3776 4987 97 32 kregen
3900 4988 17 20 5

2979 5031 191 27 kweekelin'jen
3198 5034 34 18 na
3260 5022 189 28 welvolbracht
3472 5023 119 26 examen,
3612 5021 67 24 allen
3698 5021 38 22 als
3755 5021 146 28 hnlponder-

2979 5066 124 27 wiizeres,
3130 5065 15 22 4
3163 5060 77 27 akten
3266 5063 65 20 voor
3348 5055 31 25 de
3396 5054 133 26 Fransche
3552 5060 30 18 en
3599 5054 98 24 2v,ar
3715 5050 32 26 de
3763 5049 133 32 Hoogdmt-

2978 5100 60 24 sche
3071 5094 65 26 taal.
3176 5093 32 26 In
3241 5091 46 26 het
3312 5089 104 31 verslag
3441 5087 91 26 maakt
3556 5086 46 26 het
3628 5085 107 26 bestuur
3764 5082 152 30 (voorzitter

2978 5130 21 26 A
3027 5128 20 26 C
3073 5127 154 27 Kruseman,
3243 5122 136 26 secretaris
3397 5121 28 25 C.
3443 5119 195 33 Pruijvestcin),
3656 5117 137 26 dankbaar
3801 5115 117 31 melding

2978 5171 52 18 van
3047 5161 31 25 de
3096 5157 151 30 verbeterde
3266 5154 129 28 localiteit
3410 5153 26 26 in
3462 5152 46 26 het
3527 5152 89 32 vorige
3630 5151 60 33 jaar
3709 5148 158 31 verkregen,
3886 5154 31 19 en

2978 5203 51 20 van
3046 5202 61 19 eene
3116 5192 81 27 fraaie
3215 5190 117 27 collectie
3351 5187 98 27 boeken
3468 5187 40 25 tot
3526 5185 118 32 vorming
3663 5191 74 19 eener
3756 5183 161 26 bibliotheek

2978 5229 157 31 ontvangen.
3169 5224 38 26 De
3233 5224 60 26 heer
3319 5220 119 34 Gccrligs
3462 5220 22 26 is
3509 5220 43 26 tot
3570 5217 197 28 bibliothecaris
3784 5215 132 27 benoemd.

2979 5262 38 26 De
3043 5258 150 30 aftredende
3210 5256 196 28 bestuursleden
3425 5256 31 26 G.
3475 5252 32 30 H.
3527 5251 117 35 Geerliga
3665 5259 31 18 en
3715 5251 37 26 dr.
3769 5250 28 26 C.
3817 5249 30 27 G.
3866 5256 51 19 von

2978 5295 104 27 Reeken
3098 5293 51 34 zijn
3165 5293 63 27 door
3246 5291 31 27 de
3286 5289 172 34 vergadering
3471 5295 50 20 van
3533 5288 45 26 het
3586 5285 180 34 departement
3774 5283 137 27 horkozeu.

3011 5366 57 26 Aan
3085 5363 32 27 de
3133 5362 126 27 Leidsche
3278 5359 181 34 noogeschool
3476 5359 21 26 is
3515 5357 83 26 beden
3617 5365 33 24 op
3665 5355 139 32 stellingen
3823 5355 78 25 bevor-

2979 5399 64 26 derd
3060 5399 41 25 tot
3119 5396 91 26 doctor
3228 5395 26 26 in
3280 5395 32 26 de
3335 5393 117 31 rechten,
3478 5393 32 25 de
3529 5391 63 27 heer
3615 5389 26 27 J.
3664 5389 120 30 Verwer,
3802 5387 113 34 geboren

2980 5433 25 24 U
3022 5431 135 26 Makknm.

3009 5489 32 27 In
3060 5487 31 26 de
3109 5486 110 32 onlangs
3236 5486 27 26 te
3282 5484 100 33 Berlijn
3402 5481 136 32 gehouden
3565 5480 149 32 algemecne
3738 5477 176 33 vergadering

2979 5530 51 19 van
3046 5522 46 25 het
3118 5517 253 32 Brandanburgsche
3397 5512 360 33 onderwijzersgenootschap
3782 5518 21 17 is
3828 5510 70 24 mede-

2979 5554 104 30 gedeeld
3111 5552 45 25 dit
3172 5552 39 25 nit
3228 5552 50 22 830
3295 5550 125 31 plaatsen,
3441 5552 70 20 waar
3608 5545 107 24 scholen
3733 5543 102 24 moeten
3854 5548 58 24 zyn,

2978 5588 113 24 omtrent
3107 5584 132 32 personeel
3253 5583 38 24 als
3308 5580 162 27 anderszins,
3495 5584 118 25 opgaven
3643 5581 85 19 waren
3755 5572 158 31 ontvangen.

2980 5619 110 26 Daaruit
3111 5616 74 30 blijkt
3203 5615 47 24 dat
3269 5615 44 21 114
3332 5610 105 26 scholen
3452 5604 90 38 geheel
3563 5606 146 27 ontbreken
3733 5610 31 19 en
3794 5604 46 24 dat
3865 5604 48 22 418

2978 5649 164 27 onvoldoend
3161 5644 130 31 personeel
3308 5643 110 26 hebben,
3452 5630 30 35 fn
3511 5640 30 25 de
3567 5643 133 27 provincie
3718 5634 195 32 Brandenburg

2979 5682 143 27 ontbreken
3143 5681 60 26 1690
3221 5675 188 32 onderwijzers,
3425 5681 31 17 en
3475 5679 27 18 er
3520 5679 47 24 zijn
3587 5669 117 30 plaatsen
3723 5674 71 19 wair
3813 5669 54 27 J5O,
3887 5674 26 18 ia

2978 5718 61 22 r-lfs
3057 5717 48 24 '100
3123 5713 124 26 kinderen
3263 5715 50 19 aan
3332 5707 46 27 ééa
3398 5705 168 30 onderwijz-r
3582 5709 48 25 zijn
3645 5700 202 26 toevertrouwd,
3883 5699 27 25 lü

2978 5750 46 27 één
3044 5746 110 33 Plaatsje
3170 5747 22 22 is
3209 5741 87 28 sedert
3320 5740 57 26 drie
3397 5739 63 32 jaar
3488 5743 65 25 geen
3579 5734 167 30 onderwijzer
3771 5740 31 17 en
3820 5739 27 19 in
3866 5739 46 18 een

2978 5784 80 25 aidsr
3076 5780 71 26 staat
3163 5785 45 18 een
3229 5773 129 33 14-jarige
3377 5772 112 27 knaapj,
3514 5776 48 18 aan
3581 5767 45 25 het
3645 5765 77 26 hoofd
3743 5766 46 25 der
3807 5765 106 30 school,

2978 5816 41 26 die
3039 5822 52 19 van
3109 5819 46 19 een
3176 5809 146 33 17-jarigen
3340 5804 164 30 onderwar
3521 5800 40 25 uit
3580 5799 31 26 do
3637 5798 80 26 buurt
3758 5799 155 25 insrrnctißn

2978 5846 138 32 ontvangt.
3132 5845 39 26 De
3189 5844 85 30 knaap
3294 5837 149 32 onderwijst
3458 5836 31 25 39
3508 5832 142 32 leerhngen
3667 5838 32 19 en
3717 5831 72 26 heeft
3807 5838 47 20 een
3873 5838 28 20 sa-

2976 5882 65 25 laris
3057 5887 53 18 van
3130 5878 46 25 108
3194 5875 96 33 gulden
3307 5878 46 27 per
3367 5871 69 32 jaar.

3235 5944 419 47 Kerknieuws.

3305 6020 70 25 Ned.
3390 6017 84 27 Herv.
3489 6013 81 27 Kerk.

3012 6060 145 31 Beroepen:
3184 6057 26 24 te
3234 6048 234 37 Bergschenhoek,
3485 6047 28 26 F.
3533 6046 86 28 Peter,
3637 6045 26 26 te
3680 6045 191 35 Valkenburg;
3888 6047 26 26 te

2980 6092 131 28 Noorden,
3129 6090 15 26 J
3171 6087 117 31 Heringa
3300 6104 6 11 ,
3322 6090 71 27 prop.

3013 6126 70 25 Door
3098 6124 46 25 het
3158 6118 163 32 kieseollegie
3340 6118 25 22 te
3383 6115 150 31 Groningen
3546 6132 5 7 ,
3575 6119 24 19 is
3622 6119 27 19 in
3677 6111 32 27 de
3733 6112 128 26 vacature
3880 6112 32 26 de

2980 6158 74 27 Geer,
3072 6157 141 28 beroepen:
3230 6151 30 25 E.
3279 6152 27 22 ïi.
3326 6148 139 30 Gunning,
3483 6148 25 24 te
3527 6145 136 26 Alkmaar.

3172 6223 524 50 Aanbestedingen.

3013 6305 35 27 Te
3073 6300 155 30 Rotterdam
3253 6298 21 25 is
3300 6295 113 33 gisteren
3441 6294 175 27 aanbesteed:
3643 6295 46 26 het
3712 6295 135 26 uitvoeren
3867 6301 50 20 van

2981 6334 188 32 grondwerken
3187 6339 31 24 op
3234 6328 46 26 het
3298 6327 207 26 Noordereiland
3524 6331 27 22 te
3566 6328 145 31 Fijenoard.
3729 6328 129 25 Hiervoor
3869 6327 47 31 zijn

2981 6354 154 48 fütfekoiueft
3146 6367 30 26 10
3185 6361 162 33 biljetten,de
3358 6360 104 33 laagste
3471 6361 32 26 ad
3515 6361 117 33 ƒ17,000
3640 6370 51 18 van
3704 6360 47 26 den
3767 6360 80 26 heerl,
3865 6366 52 20 van

2982 6407 45 24 der
3046 6404 89 28 Ploeg,
3152 6402 138 24 aannemer
3306 6397 27 22 te
3352 6394 157 33 Nienwdorp
3528 6394 149 33 (Zeeland);
3702 6394 31 26 de
3750 6393 110 32 hoegste
3876 6393 27 25 in-

2982 6436 142 32 schrijving
3142 6438 53 20 was
3211 6429 131 33 ƒ29,900.

3266 6502 370 47 Landbouw.

3018 6583 47 28 Uit
3086 6578 137 31 Friesland
3240 6575 81 27 meldt
3338 6582 59 19 men
3415 6583 60 21 ons,
3494 6576 47 26 dat
3557 6576 31 26 de
3606 6575 136 26 vlasbouw
3759 6573 92 26 aldaar
3867 6576 51 21 van

2986 6617 58 28 iaar
3059 6617 41 26 tot
3117 6614 58 31 jaar
3190 6609 137 28 toeneemt.
3345 6608 65 26 Vele
3426 6609 133 26 arbeiders
3576 6608 102 27 hebben
3696 6607 45 26 het
3756 6605 120 26 hierdoor
3893 6602 25 24 in

2987 6652 50 24 den
3052 6646 141 33 wintertijd
3202 6644 67 27 druk
3501 6643 57 25 Ook
3567 6643 79 25 thans
3664 6641 22 25 is
3703 6640 72 25 zulks
3793 6635 125 27 wederom

2987 6683 45 27 hot
3057 6680 78 32 geval
3177 6678 51 26 Ken
3247 6676 97 26 braker
3360 6683 31 17 en
3411 6683 45 18 een
3474 6676 87 32 slijper
3579 6674 104 25 kunnen
3700 6673 81 27 daags
3798 6669 41 25 tot
3857 6669 60 24 zelts

2987 6719 15 21 5
3021 6715 113 27 bunders
3151 6712 57 26 vlas
3226 6707 208 31 schoonmaken;
3450 6709 58 27 elke
3524 6707 102 26 bunder
3643 6704 70 34 geeft
3720 6706 32 22 55
3762 6705 31 22 et.
3803 6700 100 25 arbeids-

2987 6750 70 24 loon.
3090 6746 80 26 Zeker
3195 6751 46 19 een
3267 6743 81 33 goede
3373 6743 129 32 daghnnr.
3528 6743 39 24 De
3583 6736 188 33 hoedanigheid
3797 6738 50 20 van
3874 6736 44 20 net

2988 6783 58 25 vlas
3064 6778 84 28 wordt
3164 6784 57 20 zeer
3237 6775 130 34 geroemd.

4233 1333 428 43 Visscherijen.

4007 1403 14 13 *
4038 1403 81 31 URE',
4136 1404 33 24 28
4186 1403 67 25 Nor.
4272 1402 56 31 Vijf
4343 1409 77 18 onzer
4435 1402 138 26 Tiescaer»,
4591 1398 43 25 die
4650 1398 26 24 te
4687 1396 154 32 Norderney
4857 1396 52 26 hun

3973 1435 96 32 bedrijf
4082 1435 156 30 uitoefenen,
4256 1434 94 31 vingea
4369 1434 73 25 dezer
4460 1433 84 31 dagen
4560 1431 27 25 in
4604 1430 46 25 één
4668 1429 84 31 schot,
4768 1436 124 25 gezamen-

3971 1468 47 32 lijk
4035 1469 65 24 4000
4116 1466 204 26 Sehelviflsohen.

4003 1499 54 26 Een
4075 1506 74 19 onsei
4175 1498 129 25 visschera
4324 1496 63 31 ving
4402 1495 31 33 jl.
4450 1495 138 32 Zaterdag,
4610 1495 26 25 in
4655 1494 32 26 de.
4703 1494 135 32 nabijheid
4856 1500 53 20 vrn

3970 1532 143 30 __sland,
4143 1533 63 22 1000
4224 1530 194 26 schelvisschen
4435 1538 32 17 tn
4485 1528 87 33 cem'ge
4591 1527 182 33 kabeljauwen
4791 1534 50 19 aan
4858 1526 51 27 din

3970 1564 74 26 kaak.

4003 1597 13 13 *
4033 1594 198 32 DEVENTER,
4250 1598 32 24 29
4299 1594 69 27 Nov.
4385 1593 92 28 Hed«n
4487 1593 103 27 werden
4610 1593 58 25 hier
4680 1593 86 26 weder
4773 1593 67 25 twee
4850 1599 45 25 par-

3971 1630 64 33 tyen
4054 1629 146 28 schelvisch
4218 1630 184 33 aangevoerd,
4420 1629 41 27 die
4479 1628 131 27 verkocht
4628 1628 104 26 werden
4748 1633 53 20 vaa
4821 1628 31 24 10
4869 1626 40 25 tot

3971 1665 33 24 40
4022 1663 59 26 cent
4097 1670 45 26 per
4159 1663 69 26 stuk.

4172 1741 520 47 Politieberichten.

4004 1817 59 26 Aan
4078 1815 46 27 het
4141 1815 216 27 Commissariaat
4372 1821 50 19 van
4443 1813 98 26 Politie
4569 1814 53 25 lste
4638 1813 81 26 sectie
4737 1813 171 31 (voormalige

3972 1848 214 30 Bt.-Pietersb.al)
4211 1848 22 25 is
4259 1854 65 19 voor
4342 1847 48 25 den
4408 1846 214 26 rechthebbende
4638 1847 78 30 terug
4739 1846 26 25 te
4783 1845 125 26 bekomen

3972 1890 46 17 een
4036 1880 52 26 bril
4111 1881 26 24 in
4165 1887 46 18 een
4227 1879 74 26 leder
4318 1880 61 24 etui.
4406 1878 100 26 Verder
4530 1878 174 32 inlichtingen
4729 1878 27 24 te
4785 1877 124 26 bokomen

3970 1913 113 25 omtrent
4100 1919 47 18 een
4161 1912 149 31 gestreepte
4326 1910 207 27 hazewindhond
4552 1910 92 32 (zijnde
4662 1917 47 18 een
4722 1909 72 31 teef.)

4225 1983 418 45 Rechtszaken.

3998 2056 33 25 In
4049 2055 31 25 de
4100 2054 116 26 bekende
4239 2054 65 26 zaak
4320 2061 52 18 van
4390 2052 50 27 den
4456 2053 118 25 minister
4591 2060 53 19 van
4662 2053 144 28 financiën,
4825 2053 78 31 tegen

3965 2087 32 26 de
4015 2088 94 26 heeren
4128 2087 32 26 H.
4178 2087 31 25 A.
4230 2094 32 18 en
4279 2086 32 25 H.
4324 2086 24 26 J.
4358 2086 120 31 Marjkels
4489 2093 31 17 en
4530 2085 33 26 H.
4574 2085 27 26 B.
4611 2085 32 26 de
4652 2085 74 28 Beer,
4741 2085 163 32 beklaagden

3965 2120 40 25 ter
4020 2120 63 25 zake
4101 2126 51 19 van
4169 2119 47 26 het
4233 2119 103 26 houdon
4352 2125 74 19 eener
4443 2118 104 26 fabriek
4564 2125 53 19 van
4633 2118 156 30 kunstwijn,
4808 2119 96 26 zoßder

3965 2153 124 32 aangifte,
4104 2160 22 18 ra
4144 2152 83 26 heden
4245 2152 65 26 door
4326 2152 51 26 den
4394 2151 263 27 substituut-officier
4675 2159 51 21 van
4741 2152 112 33 justitie,
4871 2152 32 32 bij

3965 2186 45 26 het
4026 2193 73 26 prov.
4116 2185 171 32 gerechtshof
4304 2185 97 30 alhier,
4417 2193 51 18 mr.
4483 2186 32 25 A.
4533 2185 124 32 leiders,
4676 2186 131 26 conclusie
4826 2194 65 24 geno-

3965 2226 66 24 men,
4049 2219 159 26 strekkende
4226 2219 43 26 tot
4285 2218 156 34 vrijspraak,
4459 2220 53 25 wat
4528 2218 99 27 betreft
4645 2219 46 26 hst
4709 2219 104 27 honden
4831 2226 78 20 eener

3966 2252 164 34 wijnfabriek
4155 2262 33 18 en
4205 2254 41 26 tot
4264 2254 146 33 toewijzing
4428 2261 53 20 van
4499 2254 50 26 den
4565 2254 72 26 oisoh
4655 2262 32 18 en
4708 2254 32 27 de
4757 2254 150 27 conclusiën

3965 2294 53 19 van
4044 2288 51 26 den
4121 2287 223 33 Rijksadvokaat,
4372 2288 54 26 wat
4452 2288 132 32 aangaat,
4610 2287 46 27 het
4682 2287 64 27 dcor
4770 2288 50 26 den
4848 2288 61 25 heer

3965 2321 123 33 Maykols
4106 2322 39 26 Sr.
4161 2321 129 34 gepleegd
4307 2322 94 26 verzet.

3998 2355 39 26 Be
4054 2355 146 33 {uitspraak
4225 2354 71 27 werd
4312 2354 64 26 door
4394 2354 46 26 het
4455 2353 57 27 Hof
4526 2360 33 25 op
4567 2352 158 32 Donderdag
4737 2353 33 24 28
4781 2352 58 25 Dec.
4851 2360 20 14 e.
4880 2350 26 24 k.

3966 2387 120 34 bepaald.
4902 2414 6 7 .

4312 2461 394 43 Allerlet.

3998 2537 40 31 Op
4064 2535 20 26 's
4095 2535 72 31 Rijks
4183 2532 65 27 werf
4263 2532 48 31 ztjn
4329 2529 256 34 gisterennamiddag
4599 2530 66 24 twee
4683 2529 156 26 werklieden
4858 2537 31 25 ge-

3967 2569 92 24 kwetst
4076 2568 65 25 door
4156 2567 45 25 het
4219 2563 130 27 omvallen
4364 2570 52 19 van
4434 2569 46 19 een
4496 2562 253 31 overdekkiigskap.

3997 2635 46 26 üit
4070 2635 31 25 de
4124 2635 70 24 mast
4220 2640 51 19 van
4297 2640 45 18 een
4368 2631 80 33 schip,
4474 2631 124 34 liggende
4624 2633 27 25 in
4670 2631 45 27 het
4733 2634 175 26 Wester-dokr

3961 2668 24 25 is
4003 2666 226 33 hedennamiddag
4246 2673 45 18 een
4307 2673 61 19 man
4387 2666 139 33 gevallen,
4552 2666 40 27 die
4610 2674 86 19 zwaar
4713 2667 111 33 gewond
4840 2674 52 19 naa

3961 2700 47 26 het
4025 2700 126 26 Gasthuis
4168 2699 22 27 is
4207 2699 137 31 gebracht.

3996 2781 32 25 In
4052 2780 32 27 de
4102 2781 235 33 Brouwerijgracht
4354 2783 128 33 geraakte
4500 2781 195 32 hedenmiddag
4711 2789 45 18 een
4775 2779 81 33 paard
4874 2785 31 18 en

3963 2813 64 30 kar;
4052 2815 65 26 doer
4141 2815 159 34 inspanning
4325 2823 51 18 van
4402 2816 33 26 de
4460 2815 171 30 omstanders,
4655 2813 70 27 werd
4754 2812 45 25 het
4824 2809 80 33 paard

3963 2846 96 30 levend
4076 2855 33 26 op
4124 2848 47 27 het
4187 2850 83 31 droge
4286 2849 139 32 gebracht.

3997 2929 53 27 Een
4080 2929 159 32 eenvondige
4265 2928 255 26 schoorsteenbrand
4545 2927 27 25 in
4590 2926 44 25 het
4650 2922 89 26 lokaal
4755 2922 146 26 Concordia

3964 2968 33 26 op
4023 2962 31 25 do
4070 2962 185 31 PijpcnmarU,
4274 2961 70 25 werd
4362 2957 224 30 hedennamiddag
4604 2954 142 27 omstreeks
4762 2953 58 26 half
4837 2954 64 28 drie,

3963 2994 66 25 door
4052 2993 56 26 drio
4135 2993 196 26 brandschcllcn
4357 2991 106 31 tegelijk
4481 2996 50 17 aan
4548 2988 45 25 het
4611 2986 222 26 centraal-bureel
4852 2993 32 24 ge-

3960 3025 77 25 meld.
4071 3025 53 25 Het
4141 3024 85 25 alarm
4243 3031 51 18 van
4311 3028 70 19 meer
4397 3021 51 24 dan
4467 3020 45 25 één
4532 3019 155 25 brandschel
4697 3018 116 34 tegelijk,
4822 3019 22 25 is
4854 3026 31 22 ge-

3959 3056 123 31 woonlijk
4100 3056 45 22 hot
4162 3054 86 31 bewijs
4266 3061 52 18 van
4336 3060 46 18 een
4395 3052 148 26 aitslaande
4561 3051 92 30 brand,
4671 3053 94 24 zoodat
4783 3051 31 26 de
4825 3052 60 31 spui-

3959 3086 44 25 tsn
4022 3093 50 18 van
4089 3085 46 26 het
4152 3085 142 32 Spuiplein,
4311 3084 242 32 Rembrandtplcin,
4569 3083 33 26 N.
4613 3084 26 26 Z.
4650 3084 78 31 Kolk,
4739 3084 149 26 Huiszitten-

3959 3117 66 31 hais,
4051 3117 188 31 Nieuwmarkt,
4259 3117 201 32 Weesperplein,
4478 3115 130 28 benevens
4626 3117 31 26 de
4676 3117 156 33 stoomspuit
4850 3124 48 19 vaa

3959 3150 31 26 de
4017 3150 194 31 Nieuwmarkt,
4239 3150 72 32 bijna
4326 3149 158 34 gelijktijdig
4501 3157 32 27 op
4552 3150 47 26 htt
4615 3150 105 32 Rokin,
4744 3150 32 26 do
4794 3150 90 32 rijpen-

3959 3182 90 27 markt
4072 3190 32 19 en
4128 3182 30 27 in
4182 3182 32 27 de
4238 3182 189 28 Kalverßtraat
4442 3183 119 28 kwamen
4580 3184 125 34 oprijden.
4739 3183 40 30 Be
4796 3184 92 28 schoor-

3958 3216 161 28 steenbrand
4135 3216 72 28 werd
4222 3217 54 27 met
4294 3216 50 30 dea
4362 3227 149 19 ramoneitr
4526 3219 150 33 gebluscht.

3996 3305 39 27 De
4052 3305 100 27 officier
4169 3312 51 18 van
4235 3304 105 33 justitie
4363 3304 26 25 te
4408 3304 124 25 Haarlem
4551 3304 71 26 heeft
4637 3304 27 26 in
4683 3304 45 26 het
4744 3302 159 27 Politieblad

3961 3339 112 30 bericlit,
4091 3338 46 26 dat
4154 3337 46 26 het
4218 3338 110 26 verzoek
4354 3338 41 24 tot
4411 3338 143 31 opsporißg
4571 3337 46 25 der
4633 3335 135 26 herkomst
4787 3343 50 19 van
4854 3334 50 31 vijf

3961 3374 26 21 te
4013 3370 125 27 Haarlem
4163 3371 70 25 deels
4260 3370 130 28 beleende,
4419 3370 70 25 deels
4506 3369 142 26 verkochte
4664 3370 104 32 gouden
4786 3367 103 27 vestket-

3961 3404 89 31 tingen
4070 3404 74 31 (door
4161 3410 47 18 on»
4218 3403 123 32 indertijd
4354 3403 126 30 vermeld)
4491 3403 39 25 ala
4540 3402 132 26 vervallen
4683 3402 52 25 kan
4748 3400 155 26 beschouwd

3961 3437 112 28 worden,
4091 3436 87 31 dewijl
4195 3436 126 32 gebleken
4341 3436 22 25 is
4382 3436 46 25 dat
4444 3436 44 30 hg,
4507 3435 40 26 die
4565 3436 54 24 zich
4632 3433 162 32 beurtelings
4805 3433 99 26 Jansen

3961 3468 119 44 \Lt\viu
4101 3467 262 44 d_JSTieß2_3_!l
4381 3461 100 44 _»r_3
4611 3468 26 25 tü
4656 3468 104 41 goeder^
4768 3470 84 21 trouw
4871 3474 33 25 op

3994 3553 123 25 Omtrent
4142 3552 46 25 het
4213 3550 128 32 ongeluk,
4361 3552 48 24 den
4426 3556 163 17 iuua_e...
4616 3562 37 13 v'«
4688 3565 15 13 «
4729 3563 156 24 op_-l_,mtn

3961 3582 85 27 wordt
4065 3591 51 19 aan
4133 3582 46 26 het
4201 3582 122 27 Weeklad
4332 3588 54 17 van
4400 3581 105 24 Foorne
4514 3587 53 24 nog
4577 3580 45 24 liet
4631 3578 128 32 volgende
4768 3578 100 31 geWth
4880 3578 6 24 !
4897 3583 7 5 -

3993 3615 39 25 Do
4050 3615 90 25 kotter
4156 3622 53 19 was
4227 3622 33 24 op
4276 3614 64 31 zijne
4357 3612 138 26 tehuisreis
4512 3619 32 17 en
4564 3609 100 26 bevond
4681 3609 57 25 zich
4757 3609 148 28 Woensdag

3960 3648 33 22 22
4010 3646 159 31 Nevember,
4186 3646 45 26 des
4248 3645 99 27 avonds
4364 3646 26 24 te
4410 3647 30 22 10
4456 3651 50 18 uur
4515 3643 123 26 tusschen
4646 3643 32 25 de
4687 3640 219 27 Noord-Hindert

3960 3686 31 17 en
4010 3678 32 25 de
4061 3678 117 25 Belbeei.

3991 3709 40 25 De
4058 3709 159 31 bemanning
4243 3717 50 25 zag
4317 3711 61 24 toen
4403 3717 46 18 een
4467 3709 65 26 rood
4547 3707 84 32 licht,
4657 3706 47 26 dat
4722 3713 57 19 zeer
4795 3704 109 34 spoedig

3959 3739 113 26 naderde
4090 3748 31 18 en
4140 3741 77 25 recht
4234 3749 33 24 op
4286 3742 48 25 den
4352 3742 89 25 kotter
4459 3742 176 26 aanstooinde.
4661 3741 70 25 Toen
4749 3739 32 26 de
4796 3738 90 25 beman-

3959 3774 64 30 ning
4039 3772 150 30 bemerkte,
4208 3772 46 26 dat
4273 3774 31 25 do
4320 3775 151 24 stoomboot
4489 3775 54 25 niet
4560 3781 52 19 van
4631 3774 76 26 koers
4723 3770 180 31 veranderde,

3958 3804 106 26 maakte
4090 3804 30 31 zrj
4147 3804 86 25 alarm
4259 3806 54 25 met
4331 3806 32 25 de
4380 3798 174 39 schcepsklok
4573 3814 30 18 en
4622 3807 63 25 deed
4704 3806 51 25 alle
4774 3811 128 26 pogingen

3959 3843 40 19 om
4026 3837 32 24 d«
4084 3835 150 25 stoombest
4261 3837 182 30 opmerkzaam
4470 3841 26 22 te
4515 3839 93 25 maken
4628 3840 27 24 in
4674 3839 66 25 welk
4757 3844 98 26 gevaar
4873 3837 28 30 zij

3958 3867 148 28 verkeerde.
4131 3866 77 25 Maar
4225 3866 106 26 helaas!
4351 3868 46 26 het
4413 3869 72 32 hielp
4502 3870 84 28 niets,
4605 3878 58 18 men
4683 3870 98 26 hoorde
4798 3878 28 18 zo
4843 3870 61 25 niet.

3958 3901 81 26 Alzoo
4058 3898 117 28 stoomde
4193 3898 31 25 de
4244 3898 69 30 boot,
4330 3900 54 24 met
4404 3902 30 21 10
4450 3901 69 31 mijls
4537 3902 86 30 vaart,
4642 3909 50 19 aan
4710 3901 193 33 Btuurboordztj

3958 3935 26 25 in
4011 3933 19 25 't
4048 3932 152 26 fokkewaut
4224 3937 31 18 en
4281 3930 87 32 drong
4395 3932 65 25 door
4476 3933 43 24 tot
4535 3940 51 18 aan
4606 3935 31 25 de
4656 3938 76 26 mast,
4749 3943 105 24 waarop
4872 3935 32 25 da

3958 3966 87 27 kotter
4061 3965 28 27 in
4106 3963 48 33 vijf
4169 3961 116 26 minuten
4303 3961 74 25 sonk.
4410 3963 40 25 De
4469 3963 161 34 bemanning
4648 3967 47 24 der
4711 3967 91 26 kotter
4818 3967 84 26 stelde

3960 4006 52 28 nog
4029 3998 51 27 alle
4097 3994 130 37 pogingen
4245 3993 26 26 in
4290 3993 20 25 't
4319 3993 71 26 werk
4408 4000 41 19 om
4468 3994 31 25 de
4514 3994 41 32 jol
4573 3997 40 24 nit
4632 3998 26 25 te
4676 4006 12 18 z
4695 4000 76 30 Jtten,
4782 4000 65 26 doch
4858 4006 43 19 eer

3960 4033 21 26 't
3990 4033 54 26 hun
4062 4030 105 35 gelukte
4185 4029 31 25 de
4230 4026 40 33 jol
4286 4025 85 26 boven
4391 4025 31 25 de
4440 4028 193 39 yerschansinjr
4650 4031 25 22 te
4693 4030 117 33 krijgen,
4828 4033 59 24 ston-

3960 4068 50 27 den
4037 4065 28 33 zij
4093 4062 74 30 reeds
4193 4061 53 26 tot.
4254 4059 53 26 hun
4325 4057 58 27 keel
4400 4057 28 26 in
4444 4057 20 24 't
4475 4059 91 28 water,
4584 4065 107 27 waarop
4708 4063 69 25 twee
4794 4064 46 25 der
4859 4065 30 24 be-

3960 4101 124 32 manning
4101 4104 52 26 nog
4169 4096 27 25 in
4215 4094 31 26 de
4260 4091 40 33 jol
4318 4090 102 26 konden
4437 4090 141 32 springen,
4605 4091 40 25 die
4665 4093 98 33 bijtijds
4782 4102 52 19 van
4852 4098 48 28 zijn

3963 4137 103 25 touwen
4084 4133 39 26 los
4141 4137 53 19 was
4211 4124 129 37 gemaakt,
4358 4123 65 26 doch
4442 4122 161 33 ongelukkig
4620 4124 84 25 kwam
4724 4127 32 24 de
4770 4126 41 31 jol
4821 4128 83 26 onder

3963 4169 31 26 de
4011 4168 74 34 giek,
4104 4166 40 26 die
4162 4163 65 26 haar
4243 4156 149 33 vernielde,
4414 4163 31 19 tn
4463 4156 31 25 de
4514 4154 157 35 bemanning
4690 4156 65 26 door
4773 4157 32 25 de
4821 4161 79 24 zucht

3961 4211 123 51 mßoveu
4082 4202 151 57 k'k9mende
4254 4225 105 37 gelukte
4380 4222 45 27 het
4441 4224 15 24 3
4474 4220 46 27 der
4537 4220 158 32 bemanning
4711 4220 45 25 het
4776 4221 107 27 breefok-

3960 4269 118 26 kenhout
4102 4267 27 26 te
4155 4265 112 35 grijpen,
4293 4258 93 33 terwijl
4410 4264 46 20 een
4482 4254 45 26 der
4552 4259 126 28 equipage
4703 4252 56 26 zich
4785 4260 50 19 aan
4854 4254 46 26 het

3963 4300 151 27 aehterstak
4140 4306 52 18 van
4218 4297 31 25 de
4269 4294 40 33 jsl
4326 4290 182 32 vastklampt*.
4540 4287 40 32 Op
4597 4286 54 26 hun
4668 4285 161 33 hulpgeroep
4846 4293 53 20 van

3964 4335 132 26 .Steamer
4206 4330 39 32 (zij
4261 4326 123 28 meenden
4403 4325 46 26 dat
4466 4322 44 28 het
4526 4329 45 18 een
4592 4318 144 34 Engelscke
4755 4318 143 33 beotwes)

3960 4367 98 25 kresen
4075 4365 30 31 zij
4123 4367 44 25 ten
4182 4364 98 25 laatste
4296 4363 45 24 ten
4358 4356 150 30 antwoord:
4528 4362 79 19 //wees
4625 4359 72 19 maar
4717 4352 52 28 stil,
4787 4358 40 26 wrj
4840 4352 44 25 zul-

3960 4398 44 26 len
4026 4400 26 28 je
4231 4396 39 26 De
4286 4393 116 34 kapitein
4417 4388 197 30 raanoevreerde
4631 4385 53 26 met
4701 4384 31 26 de
4749 4385 150 25 stoomboot

3960 4431 144 32 zoodanig,
4130 4430 46 26 dat
4201 4429 54 26 drie
4280 4428 46 26 der
4352 4424 156 32 bemanning
4534 4422 40 27 die
4596 4428 48 19 aan
4662 4419 31 27 de
4710 4417 189 26 breefokkenra

3960 4465 98 31 hingen
4072 4463 78 32 langs
4168 4463 32 25 de
4215 4462 64 31 zijde
4299 4467 51 19 van
4368 4460 31 25 do
4416 4457 148 26 stoomboot
4580 4456 125 26 kwamen,
4723 4457 105 24 waarop
4845 4454 53 22 Hun

3960 4498 104 26 touwen
4080 4495 103 27 werden
4200 4487 188 38 toegeworpen.
4406 4491 76 26 Twee
4499 4491 99 25 hunner
4615 4488 96 34 pakten
4729 4485 31 26 do
4779 4483 120 43 tonwen^,

3960 4532 60 24 toen
4039 4538 45 17 een
4102 4528 100 26 hunner
4221 4525 132 27 bemerkte
4371 4525 46 25 dat
4435 4525 31 25 do
4483 4524 71 25 hond
4566 4531 51 18 van
4631 4522 47 26 den
4689 4519 117 32 schipper
4817 4524 64 18 »,•<>!

3960 4563 57 25 zich
4035 4561 81 26 onder
4130 4561 50 31 zijn
4189 4566 85 18 armen
4286 4557 110 30 bevond,
4406 4557 66 25 doch
4482 4557 64 24 door
4554 4554 45 26 Int
4607 4554 98 32 grijpen
4716 4560 50 19 van
4776 4552 44 25 net
4828 4552 71 22 touw

3961 4593 181 35 weggeslagen
4159 4591 78 31 werd,
4247 4598 31 19 en
4286 4590 118 26 kwamen
4413 4589 60 25 toen
4482 4587 93 26 verder
4586 4590 52 24 met
4649 4587 93 31 behulp
4750 4585 45 26 der
4804 4584 80 26 storm-

3960 4629 53 26 teer
4032 4636 51 17 aan
4102 4626 80 26 Doord
4200 4632 50 19 van
4267 4623 32 28 de
4306 4622 157 30 stoomboot,
4481 4620 154 26 lutiissehjn
4646 4628 52 19 was
4709 4628 45 19 een
4763 4619 45 26 dor
4817 4617 83 34 jollen

3961 4668 52 20 van
4031 4661 32 25 do
4080 4658 150 27 stoomboot
4247 4657 24 24 te
4284 4656 80 26 water
4372 4655 113 32 gelaten,
4496 4655 96 24 waarin
4603 4654 31 25 de
4644 4656 214 30 opperstuurman
4867 4659 32 15 en

3960 4703 46 17 een
4024 4691 203 33 scheepsjongen
4245 4696 86 20 waren
4349 4694 180 27 gesprongen,
4547 4687 39 25 di*
4606 4685 45 26 het.
4668 4691 131 26 genoegen
4809 4683 72 27 moch-

3960 4727 44 25 ten
4020 4726 107 26 smaken
4146 4724 32 25 de
4194 4724 66 22 twee
4278 4721 112 25 anderen
4407 4722 27 22 te
4449 4719 105 25 redde».
4573 4720 40 31 Op
4631 4719 31 25 de
4681 4726 83 25 vraag
4776 4719 53 24 «nit
4839 4717 46 25 hoe-

3960 4759 59 28 veel
4043 4765 126 28 personen
4195 4753 111 30 bestond
4332 4753 31 27 de
4604 4757 54 19 was
4684 4749 46 27 hot
4747 4750 152 26 antwoord:

3961 4793 64 31 «■vijf
4294 4788 72 24 Daar
4391 4794 28 17 er
4443 4787 58 24 vier
4517 4783 80 34 gered
4615 4792 87 18 waren
4720 4782 115 27 ontbrak
4852 4782 47 26 dns

3960 4825 32 26 de
4016 4824 120 31 schipper
4163 4828 58 25 nog.
4254 4819 65 26 Vele
4345 4818 129 33 pogingen
4493 4817 103 25 werden
4613 4817 159 32 aangewend
4789 4822 41 18 era
4850 4815 50 24 ook

3960 4858 58 25 hem
4037 4859 26 24 te
4081 4854 111 30 redden,
4211 4853 66 26 doch
4294 4852 65 26 alles
4378 4854 26 22 te
4421 4850 126 33 vergeefs,
4565 4857 28 18 er
4611 4856 53 20 was
4682 4848 67 26 niet»
4768 4854 51 20 van
4839 4847 59 26 hein

3960 4892 26 22 te
4006 4890 150 30 bespeuren.

3991 4920 40 26 De
4056 4919 150 26 Btoomboot
4230 4917 69 25 sette
4324 4916 99 31 daarop
4449 4913 65 26 haar
4544 4919 50 19 reis
4619 4913 78 25 voort
4714 4918 65 18 naar
4796 4912 102 26 Dover,

3959 4954 69 25 werd
4052 4950 174 27 onderzocht,
4253 4956 30 18 sn
4302 4948 126 25 ontdekte
4453 4949 63 22 tien
4541 4945 46 25 dat
4611 4951 28 18 er
4665 4952 45 17 een
4736 4941 48 34 gat
4801 4942 24 26 il.

3959 4984 66 31 boeg
4043 4990 53 18 was
4114 4981 126 32 gekomen
4277 4978 39 25 De
4333 4978 116 30 kapitein
4469 4978 46 22 liet
4532 4978 117 28 stoppen,
4667 4977 104 21 maakte
4793 4976 30 22 do
4844 4983 34 17 wa-

3956 5017 151 30 terpompen
4124 5021 52 17 aan
4195 5011 47 26 den
4270 5017 70 25 gang
4357 5016 41 18 om
4426 5010 44 24 hut
4495 5010 105 22 voorste
4618 5006 158 27 waterschot
4794 5006 57 32 leeg
4869 5007 26 25 te

3954 5054 118 25 pompen,
4091 5044 138 25 waardoor
4246 5043 32 24 de
4298 5042 61 24 boot
4377 5049 45 15 ecu
4441 5041 61 24 voet
4519 5040 103 28 lichtte,
4642 5039 102 25 daarna
4760 5037 70 26 werd
4848 5039 45 26 het

3954 5082 46 30 gat
4019 5079 52 26 met
4088 5076 63 33 spek
4168 5075 112 33 gestopt.
4298 5073 39 25 De
4354 5073 51 24 reis
4422 5070 71 26 werd
4511 5078 34 18 nu
4563 5069 128 33 vervolgd
4708 5078 31 18 en
4755 5069 31 26 de
4795 5072 83 24 stoom-

3958 5113 61 25 boot
4037 5109 146 26 arriveerde
4202 5107 48 26 den
4267 5104 148 33 volgenden
4433 5111 107 25 margen
4557 5104 27 25 te
4602 5102 63 26 acht
4681 5109 50 19 uur
4748 5104 26 25 te
4793 5104 99 31 Dover,

3954 5152 72 20 waar
4043 5144 32 25 de
4091 5139 263 35 schipbreukelingen
4371 5144 52 18 aan
4441 5135 51 26 wal
4508 5139 73 28 gez^t
4599 5135 112 25 werden.
4728 5135 35 32 Zij
4776 5135 116 32 begaven

3954 5180 54 25 zich
4028 5184 66 20 naar
4111 5176 50 26 den
4179 5173 65 27 Ned.
4265 5170 98 31 consul,
4381 5169 41 27 die
4440 5169 50 26 hen
4507 5176 52 19 van
4576 5167 47 26 het
4639 5167 111 33 noodige
4769 5174 124 26 voorzag,

3954 5219 107 20 waarna
4078 5210 30 33 zrj
4134 5210 53 25 hun
4213 5207 52 25 reis
4280 5205 103 27 konden
4409 5203 164 30 voortzetten
4599 5210 33 19 en
4648 5200 73 28 alzoo
4742 5200 107 35 Trijdag
4866 5206 26 22 te

3956 5243 203 30 Hollevoetsluis
4176 5241 178 28 aankwamen.

3989 5319 122 30 Omtrent
4135 5316 50 28 den
4211 5314 91 28 moord
4325 5321 33 26 op
4383 5310 50 27 den
4459 5309 229 34 Apeldoornschen
4706 5315 56 27 weg
4780 5308 111 33 gisteren

3956 5354 120 31 kortelijk
4095 5349 122 30 vermeld,
4233 5348 65 27 leest
4315 5354 57 19 men
4389 5347 26 25 in
4434 5346 31 25 de
4482 5344 86 27 Jrnh.
4589 5344 37 24 Ct.
4643 5341 45 28 het
4706 5341 143 33 volgende:

3989 5382 291 31 «Eeriristerenmiddag
4297 5381 77 30 tegen
4401 5379 54 25 drie
4474 5385 63 18 uren
4557 5378 21 24 is
4597 5375 135 26 Elisabeth
4752 5374 141 31 Gerritsen,

3954 5420 150 26 huisvrouw
4129 5425 53 18 van
4206 5415 52 26 Jan
4285 5411 141 30 Wilbrink,
4450 5412 25 24 le
4506 5408 175 32 Beekbergen,
4706 5407 136 28 vennoord
4860 5414 31 25 op

3953 5453 51 25 den
4019 5447 230 34 Apeldoornschen
4267 5452 57 25 weg
4339 5444 70 31 nabij
4428 5444 31 24 dc
4479 5443 103 25 Woeste
4598 5441 97 25 Hoeve.
4721 5439 35 33 Zij
4767 5439 72 27 heeft
4845 5446 46 19 een

3952 5485 73 26 steek
4051 5485 27 25 in
4104 5483 50 25 den
4180 5480 59 25 hals
4264 5478 158 30 ontvangen,
4448 5474 41 25 die
4515 5474 65 24 haar
4606 5478 135 25 nagenoeg
4757 5472 48 24 den
4825 5472 67 24 Btrot

3952 5517 97 28 afstak,
4075 5513 96 26 zoodat
4198 5511 30 32 zij
4245 5510 97 25 binnen
4357 5507 110 30 weinige
4486 5504 190 31 oogenblikken
4695 5511 46 17 een
4757 5503 48 31 lijk
4821 5509 71 20 moet

3951 5549 48 28 zijn
4017 5545 119 32 geweest.
4284 5570 7 7 ,
4332 5571 5 5 .
4357 5570 6 7 ,
4441 5569 7 6 .
4466 5563 19 14 a
4603 5567 30 11 ,j.
4826 5567 5 11 ,

3987 5567 45 37 -1*
4064 5575 152 28 vermoorde
4241 5571 51 25 had
4317 5570 54 26 zich
4398 5569 54 26 met
4469 5569 48 25 den
4537 5567 187 31 vrachtwagen
4743 5574 65 19 naar
4826 5568 65 26 haar

3953 5610 107 26 broeder
4089 5609 120 31 begeven,
4233 5606 40 22 die
4291 5602 137 32 ongesteld
4447 5607 66 22 was;
4533 5601 28 32 rij
4580 5600 105 26 meende
4703 5600 48 26 ook
4773 5602 52 25 met
4843 5603 48 24 den

3952 5649 89 25 wagen
4061 5640 154 26 huiswaarts
4232 5636 26 25 te
4276 5635 100 27 keeren,
4395 5640 66 20 maai
4717 5634 52 26 niet
4787 5635 46 24 wel
4845 5642 32 24 ge-

3952 5674 98 31 voelde,
4069 5687 31 4 —
4182 5669 89 27 weken
4297 5668 109 32 geleden
4431 5674 53 19 was
4509 5665 30 35 lij

3952 5694 98 46 begaf'
4062 5705 28 33 zrj
4117 5704 57 27 zich
4200 5707 26 21 ts
4251 5704 61 26 voet
4346 5707 30 25 op
4545 5707 13 19 n
4585 5707 65 26 paar
4677 5700 92 26 boeren
4796 5699 41 27 die
4865 5699 25 26 Sn

3953 5741 44 25 het
4026 5739 61 26 land
4114 5739 113 33 plaggen
4252 5738 111 27 staken,
4388 5740 79 26 zagen
4495 5734 65 25 haar
4587 5740 33 26 op
4639 5732 48 27 dtn
4706 5740 56 25 weg
4780 5739 30 17 en
4839 5739 52 18 v:in

3952 5776 31 25 de
4017 5769 257 37 tegenovergestelde
4305 5767 64 33 zijde
4402 5774 19 19 ei
4433 5776 14 19 n
4481 5772 183 28 manspersoon
4701 5765 64 26 haar

3951 5807 71 26 moet
4038 5806 102 25 komen.
4165 5796 70 35 'ï'een
4253 5804 59 24 deze
4330 5802 96 26 laatste
4443 5802 48 24 hen
4512 5802 59 24 kert
4589 5800 99 37 daarop
4703 5796 99 30 voorbij
4818 5802 71 24 gmg,

3952 5849 48 20 zac
4024 5839 35 30 hij
4084 5846 26 19 er
4137 5837 123 27 onthutst
4286 5836 54 28 uit,
4365 5835 96 25 zoodat
4478 5833 30 30 zij
4526 5833 58 24 hem
4605 5828 197 30 onwillekeurig
4819 5832 70 18 meer

3952 5874 162 31 aandachtig
4139 5877 136 27 opnamen.
4307 5869 71 26 Toen
4396 5869 45 24 het
4457 5867 112 33 gerucht
4584 5870 52 19 van
4652 5862 48 24 den
4716 5857 92 26 moord
4826 5864 46 19 ver-

3952 5884 89 52 breid
4065 5906 87 31 werd,
4179 5911 85 25 gaven
4290 5902 32 26 de
4346 5901 94 26 boeren
4467 5896 117 28 terstond
4602 5896 90 24 kennis
4708 5897 52 18 van
4776 5889 111 32 hetgeen

3952 5915 145 53 ïrf^rien
4122 5926 104 38 hidden
4252 5942 32 18 en
4310 5940 84 20 wezen
4420 5930 60 25 zelfs
4506 5929 32 25 de
4563 5928 85 30 plaats
4674 5929 67 21 aan,
4766 5928 72 18 waar
4857 5923 31 24 de

3952 5981 66 19 vou
4010 5948 33 51 gw
4069 5973 85 26 moest
4176 5967 139 28 vermoord
4338 5966 57 31 zijn.
4430 5959 139 30 WerkeHjk
4586 5954 67 27 werd
4672 5953 107 57 _«^r,
4798 5953 90 26 .daar

3953 6007 136 24 trevonden
4131 6004 35 27 'Aü
4193 5999 175 30 verklaarden
4393 6000 105 20 tevens,
4524 5991 46 24 dat
4585 5994 31 22 zij
4633 5989 48 22 den
4701 5992 107 24 persoon
4820 6005 6 8 ,
4845 5989 41 22 die

3954 6040 51 24 ben
4033 6039 91 25 achter
4133 6035 58 26 Wh
4195 6037 11 22 t
4231 6033 50 26 had
4310 6027 99 34 gaande
4431 6021 137 35 gemaakt,
4594 6019 47 25 wel
4659 6017 98 26 souden
4775 6017 96 26 lurken-

3956 6046 51 20 tiin
4033 6046 90 19 *cnw*
4135 6046 130 30 ""^'l*
4273 6065 15 20 h
4310 6046 14 15 *
4323 6065 59 20 kpnr
4383 6060 4 14 >
4389 6066 32 18 eB
4446 6065 12 15 Z
4461 6057 13 19 H
4499 6061 46 17 een
4571 6048 176 34 vreemdeling
4773 6058 27 17 in
4826 6050 61 27 deze

3953 6081 86 40 *F\
4046 6064 566 58 mAS%^*™AT*olWUK*t
4633 6084 25 22 i»
4677 6083 31 22 de
4726 6080 162 33 Langstraat

3952 6103 247 54 Btree\'n^omen
4217 6137 30 19 en
4265 6128 64 26 door
4344 6124 30 24 de
4390 6118 100 35 justitie
4509 6115 126 27 verdacht
4644 6112 77 26 werd.
4741 6113 65 26 De„
4825 6123 61 19 man

3954 6148 52 19 was
4024 6133 273 56 "»f'^L^
4317 6145 7 6 •
4339 6149 107 32 Utrecht
4465 6150 124 32 gekomen
4606 6149 26 21 te
4650 6148 65 28 zön,
4740 6146 69 26 later
4826 6156 45 19 ver-

3954 6171 53 26 h»d
4024 6170 69 26 eerst
4116 6169 146 27 opgegeven
4283 6168 38 15 rn«
4434 6183 33 24 de
4492 6181 79 25 bsnrt
4589 6185 50 18 van
4656 6177 187 34 Beekbergen,
4860 6183 27 24 te

3953 6189 404 72 W,™^
4371 6213 129 35 .fgrfegd.
4532 6210 53 33 Zijn
4613 6196 273 44 rechter-voAmóuw

3964 6240 71 46 ,ZL
4051 6267 31 19 He
4098 6267 92 19 «noren
4208 6262 51 20 van
4278 6253 59 25 kort
4354 6250 26 24 to
4396 6254 78 19 voren
4493 6242 208 33 uitgewasschen
4721 6246 27 24 te
4763 6253 58 25 Mjn.

3954 6270 80 48 dro,f
4051 6267 93 52 dL\__
4246 6287 47 24 de»
4320 6280 89 27 moord
4428 6279 67 24 mo.t
4515 6274 203 34 waarschijnlijk
4735 6278 27 25 in
4781 6280 107 27 diefstal

3954 6307 239 50 wordVßezocht
4233 6321 39 22 De
4297 6319 33 20 90
4348 6315 90 24 cents,
4456 6313 80 22 welke
4554 6308 31 26 de
4604 6308 176 38 öngelttkkife
4798 6320 92 20 vrouw

3954 6365 35 27 bii
4015 6361 56 28 rich
4095 6356 66 30 nad,
4191 6351 45 31 J§n
4261 6348 65 24 haar
4344 6346 158 26 ontnamen;
4519 6350 33 24 ep
4571 6343 47 25 den
4748 6363 5 4 .
4780 6346 35 28 ad
4830 6354 59 21 men

3956 6409 15 12 5
3973 6379 33 37 L
4024 6380 44 40 rè-n
4085 6385 117 32 dubbelt'!
4558 6409 6 5 .
4613 6410 14 8 

3989 6430 53 24 »De
4057 6419 139 33 verdachte
4213 6417 21 24 is
4252 6422 26 18 in
4296 6418 40 20 vü
4343 6410 106 27 zekerde

3985 6498 39 25 De
4039 6488 143 32 rechtbank
4200 6487 26 24 te
4245 6481 131 28 Deventer
4391 6485 89 22 Terooi

3956 6540 28 17 ei,
4026 6528 40 24 die
4084 6521 60 27 4of
4160 6522 15 21 5
4194 6523 76 26 peren
4289 6522 48 19 van
4357 6515 81 25 ouder
4457 6524 46 15 e;u
4526 6522 19 26 pi

3956 6570 65 21 men,
4037 6559 41 26 tot
4095 6557 15 24 5
4128 6559 84 27 «agen
4230 6548 115 27 celstraf.

3987 6634 38 25 De
4043 6626 167 37 opstuwende
4226 6626 171 26 westenwind
4423 6626 72 26 heeft
4531 6626 45 26 htt
4594 6626 81 25 water
4696 6625 26 25 in
4741 6624 32 26 de
4791 6624 89 25 buiten-

3956 6667 65 32 dps
4037 6664 109 32 gelegen
4162 6659 97 27 landen
4286 6667 51 19 aan
4363 6659 143 33 Overijsels
4532 6659 105 26 zeekust
4661 6665 25 26 p.
4710 6664 34 19 m.
4767 6657 46 28 lVs
4832 6654 61 26 voet

3956 6700 65 26 doen
4039 6697 86 31 rijzen.
4149 6694 39 26 De
4206 6693 175 27 oeverlanden
4400 6696 80 24 onder
4498 6691 149 33 Staphorst,
4665 6689 110 33 Meppel,
4794 6687 83 26 Zwart-

3956 6732 70 30 sluis,
4043 6730 215 32 Wanneperveen
4276 6736 63 25 enz.,
4356 6730 77 25 staan
4452 6724 86 28 totaal
4556 6724 90 26 blank.
