4060 5762
177 159 30 24 R.
231 158 30 26 N.
285 164 35 19 n°
341 159 52 28 159,
418 161 81 24 entre
521 159 321 33 Saint-Loup-du-Dorat
866 165 24 25 et

148 189 109 30 Meslay
276 197 6 20 ;
308 191 30 22 R.
367 191 28 24 N.
423 189 15 33 m
454 189 15 33 0
484 189 46 33 173
560 191 50 30 bis,
637 197 80 22 entre
744 195 93 25 Craon
865 197 25 25 tt

144 219 358 28 Saint-Martin-du-Limet
519 230 7 20 ;
549 223 28 24 R.
604 224 31 24 D.
661 230 32 19 n®
719 227 21 26 8,
764 227 125 25 traversa

146 250 33 25 de
207 250 89 25 Laval
327 254 58 27 (rue
413 253 130 31 d'Ernée)
565 262 6 20 ;
598 255 48 24 Cli.
676 256 28 25 G.
733 257 26 24 C.
790 262 34 19 n»
852 259 38 28 25,

144 283 80 24 entre
250 282 100 30 Vuiges
371 285 27 24 et
419 283 150 26 Chamnies
589 293 6 21 ;
619 286 47 25 Ch.
690 288 30 24 G.
743 289 27 22 C.
795 293 33 19 n»
850 289 38 27 56,

143 314 81 24 entre
247 314 244 27 Sainte-Suzanne
513 318 26 24 et
560 318 28 25 la
608 318 91 26 limite
722 320 33 24 de
778 321 26 22 lu
828 321 46 22 Sar-

143 345 48 22 the
210 353 7 20 ;
239 346 30 22 R.
293 346 30 24 D.
348 351 34 20 n°
406 347 21 27 7,
454 350 78 22 entre
555 350 41 24 Gd
618 350 269 27 Saint-Fraimbault

143 379 28 20 et
191 374 155 27 Montreuil
364 378 56 26 ;R.
494 385 34 17 n»
550 380 35 27 12,
606 381 79 24 entre
705 381 25 25 le
751 383 91 30 Ribay
861 385 27 24 et

141 406 107 25 Javron
267 416 7 19 ;
289 409 48 24 Ch.
357 410 28 22 G.
405 410 26 24 C.
451 415 33 19 n°
500 411 38 27 23,
552 412 80 24 entre
648 411 221 27 Saint-Germaiu-

142 437 201 28 ie-Guillaume
367 439 26 25 et
419 439 161 26 Chailland.

170 483 92 24 CHEZ
289 484 65 24 LES
381 484 286 26 PHILATELISTES.
750 488 118 25 L'assem-

139 511 64 25 blée
234 513 135 30 générale
398 515 38 24 du
469 516 70 30 Çlub
570 517 191 31 Philatélique
791 521 34 22 de
856 522 26 24 la

139 543 143 30 Mayenne
309 550 71 22 aura
406 544 59 27 lieu
490 547 26 25 le
543 548 152 26 dimanche
720 549 30 26 21
776 549 90 26 décem-

139 573 48 24 bre
213 575 64 26 1924,
302 575 15 24 à
341 576 30 24 10
519 579 123 30 précisée
667 580 71 25 dans
763 581 27 24 la
813 582 70 24 salle

139 604 149 27 ordinaire
319 606 56 25 ides
406 608 137 25 réunions
580 609 133 31 (impasse
749 618 50 19 rue
830 614 52 24 des

137 634 89 22 Foix).

165 667 91 22 Ort.'re
279 669 37 24 du
337 667 65 28 jour
420 678 6 15 :
446 670 106 25 lecture
574 672 48 24 des
644 673 235 30 procès-verbaux

137 696 34 24 de
200 696 180 28 l'assemblée
410 699 145 27 ordinaire
585 705 25 21 et
638 704 37 25 de
703 705 176 26 l'assemblée

136 728 228 25 extraordinaire
383 737 6 21 ;
412 732 118 28 rapport
554 733 92 25 moral
666 736 27 22 et
716 736 141 26 financier
874 728 5 35 :

135 757 246 27 renouvellement
413 761 50 24 des
498 764 141 25 membres
674 767 35 25 du
745 767 109 26 bureau
874 757 5 35 •

133 788 146 30 paiement
298 789 50 25 des
366 791 168 26 cotisations
553 802 6 20 ;
578 797 148 27 questions
743 789 136 34 diverses.'

165 831 92 25 POUR
283 834 65 24 LES
374 835 202 27 CAFETIERS.
602 853 31 4 -
658 840 50 25 Les
720 842 142 27 .cafés-res-

133 862 131 25 taurants
294 866 27 22 et
352 866 228 28 établissements
609 870 156 27 similaires
796 879 65 24 pour-

132 894 66 21 ront
222 895 90 22 rester
335 898 113 24 ouverts
475 899 106 24 durant
607 902 39 24 les
671 904 78 24 nuits
775 904 50 25 des
848 906 28 24 2i

132 924 26 22 ft
177 925 28 22 2o
224 925 150 27 décembre
394 928 25 22 et
439 928 39 26 du
497 931 27 24 31
544 931 149 27 décembre
713 934 58 25 1924
791 941 38 18 au
847 935 27 26 31

130 958 113 24 janvier
263 956 65 25 1925.

158 999 22 21 A
211 998 21 24 L
243 999 214 27 EXPOSITION
488 1004 201 28 REGIONALE
717 1009 48 24 DU
796 1010 71 25 TRV

152 1030 66 22 AIL.
296 1031 94 25 Parmi
418 1032 40 24 les
483 1037 154 26 exposants
661 1038 69 25 dont
752 1039 41 25 les
817 1045 33 20 œu-

130 1062 61 20 vres
209 1062 65 22 sont
291 1062 130 26 retenues
439 1069 72 22 pour
529 1065 182 31 l'exposition
729 1070 33 25 de
781 1071 81 25 Paris

129 1094 72 19 nous
219 1091 132 25 relevons
372 1094 40 24 les
436 1098 81 20 noms
539 1097 34 26 de
594 1097 65 26 MM.
684 1100 94 25 Brault
811 1102 43 25 ébé-

128 1121 80 26 niste,
228 1122 15 22 à
262 1122 86 25 Laval
367 1131 7 18 ;
393 1124 103 28 Gruau,
515 1126 189 32 charpentier,
723 1130 17 25 à
758 1133 86 24 Laval
865 1121 2 37 •

126 1150 151 27 Pommier,
301 1154 165 26 ferblantier
485 1157 15 24 à
520 1157 244 30 Sainte-Suzanne
782 1170 6 20 ;
808 1163 45 26 Cos-

126 1185 60 31 sçn.
208 1182 99 26 sellier
328 1183 18 25 à
367 1185 142 31 Mayenne
529 1182 5 40 :
556 1189 176 31 Nougarolis,
756 1195 96 27 patron-

125 1215 63 20 nier
211 1219 18 17 a
255 1214 84 25 Laval
359 1214 5 40 ;
389 1218 25 22 et
439 1217 163 31 Reguillier,
628 1221 196 33 photographe
850 1227 17 24 à

125 1246 73 19 LâVâ
204 1246 14 19 I.

152 1285 70 25 UNE
242 1287 162 27 TOURNEE
425 1292 209 27 PARISIENNE
653 1298 21 21 A
693 1297 122 27 LAVAL.

125 1317 91 22 Lundi
240 1319 148 27 prochain,
413 1322 31 24 22
469 1323 155 30 décembre,
650 1332 34 19 en
710 1329 90 25 soirée
837 1332 26 24 la

148 1351 106 20 ournee
275 1349 124 30 Roryval
420 1352 99 25 jouera
543 1361 35 18 au
602 1356 119 27 Théâtre
745 1362 102 26 munici-

125 1377 46 27 pal
189 1384 7 19 ;
219 1377 92 31 Viens,
335 1381 31 25 tu
387 1385 97 22 verras
507 1384 194 27 Montmartre.

397 1495 194 28 ETAT-CIVIL

298 1525 33 22 du
348 1528 81 20 mardi
448 1530 22 19 ic
484 1528 128 26 décembre
628 1533 47 22 19&

117 1607 136 31 Tii6valks.
254 1593 24 18 Ce
311 1602 26 5 ~
363 1593 50 20 Den
416 1599 7 15 '
428 1599 11 15 S
465 1594 90 22 Paulin
559 1593 5 45 '
591 1600 51 19 aux
666 1599 142 27 Brasseries
829 1604 28 21 de

120 1670 11 11 ,
142 1639 15 20 D
158 1641 18 45 f
178 1641 27 21 ei
206 1645 26 40 Z,
250 1644 172 41 -!***&•
657 1652 71 26 taire.
755 1657 26 20 69
804 1661 52 20 an?,

118 1671 19 15 s.
152 1671 31 20 p.,
206 1671 32 20 68,
259 1672 46 18 rue
325 1671 32 21 de
373 1672 104 24 -Nantes.

139 1724 176 25 ETAT-CIVIL.
378 1730 172 24 Publications
569 1736 28 19 de
618 1737 124 25 mariages

148 1756 14 15 D
164 1756 13 15 ®
183 1779 13 14 h
200 1783 13 9 „
203 1754 35 19 De
240 1757 14 31 iî
372 1757 105 21 coiffeur
507 1763 14 20 à
550 1761 254 28 Sitlé-le-Guillaïunw',
830 1768 24 21 et

119 1779 65 39 Àl.ï,,
236 1781 94 26 fortin,
354 1785 130 24 employée
508 1787 31 21 de
561 1793 139 18 commerce
724 1793 13 20 à
764 1794 90 21 Evron-

213 1834 13 12 A
233 1807 12 20 I
244 1820 7 7 '
252 1812 30 17 €r
298 1813 17 19 y
317 1807 4 39 -
348 1812 146 25 iM®BMister.
523 1815 26 20 et
576 1815 126 24 Victorine
732 1817 118 27 ï-aratois.

113 1833 142 22 couturière
272 1840 13 17 à
306 1837 90 20 Evron.

113 1859 98 43 îiJitf/n
239 1861 103 40 7i,î,'""'
345 1869 12 15 s
489 1867 14 20 é
506 1872 20 19 <>-
546 1869 98 21 divorcé
663 1871 33 22 de
712 1872 139 26 Adoptas

242 1887 133 26 rétameur,
399 1892 32 22 43,
451 1893 72 20 route
546 1894 30 20 do
596 1896 76 19 Neau.

126 1968 67 125 1A

106 2177 54 26 S\l
168 2148 183 58 \T-foSEPH
383 2154 44 26 CE
428 2156 87 51 ?tl
544 2161 20 22 A
559 2191 9 15 ,
605 2161 53 45 H
687 2164 157 30 FANFARE

105 2185 81 41 fitiit
207 2211 27 15 i,
259 2212 19 14 c
299 2213 41 13 ■.
383 2198 31 6 ~
435 2187 39 25 La
494 2189 124 28 Fanfare
640 2193 204 33 Saint-Joseph,

105 2209 81 25 fêtait
207 2210 30 26 la
257 2211 98 28 Sainte
377 2216 91 28 Cecile
490 2220 152 30 dimanche
666 2226 112 25 dernier
811 2209 5 44 l
834 2236 11 9 •»

105 2270 18 24 à
143 2270 81 26 Saint
235 2250 96 48 Rom?
402 2250 1 48 ,
403 2250 104 25 entend
511 2258 30 19 ™
561 2255 13 24 à

103 2276 172 43 mrfïïr
295 2308 12 11 .
361 2310 8 8 ,
369 2278 33 25 Le
425 2285 181 26 programme
631 2287 43 25 fut
696 2290 148 27 d'ailleu>-s

104 2308 74 43 limn
206 2335 20 15 ii
291 2337 14 13 k
322 2309 124 27 exécuté.
468 2314 58 24 Une
544 2316 81 30 quête
644 2319 44 26 fut
707 2321 66 27 faite
794 2329 50 19 oar

105 2335 2 41 •
133 2337 41 20 me
204 2335 170 31 Rainibault.
404 2347 209 30 accompagnée
641 2350 32 24 de
702 2352 26 25 M
768 2355 73 21 Rpn*»

103 2361 119 35 Leclerc.
253 2369 145 30 président
430 2375 33 25 de
494 2354 30 48 ik
550 2380 105 26 société
696 2383 87 27 Après
813 2386 30 25 ia

924 946 131 43 ,BONNE
1082 948 239 27 DESTRUCTION.
1348 967 34 6 _

915 977 35 24 du
976 977 60 27 bois
1058 980 37 22 du
1122 980 93 27 Cl-'.iré,
1238 983 35 24 M.
1296 984 99 26 Almire
1420 986 100 26 Vallée,
1546 994 86 19 accom-

915 1012 86 26 pagne
1026 1010 32 24 de
1082 1012 63 24 MM.
1167 1012 100 26 Gérard
1293 1013 26 26 et
1344 1013 98 27 Grudé,
1467 1023 15 19 a
1505 1018 50 27 fait
1578 1019 71 25 lever

914 1044 35 19 un
976 1041 100 25 renard
1101 1043 63 28 qu'il
1192 1049 14 18 a
1231 1044 41 24 été
1300 1051 74 20 assez
1400 1045 123 28 heureux
1548 1050 86 26 d'abat-

906 1069 39 27 tre
967 1071 63 24 dun
1055 1078 69 24 coup
1148 1074 30 25 de
1201 1074 76 26 fusil.

935 1100 74 26 C'est
1036 1102 22 25 le
1087 1104 25 25 3°
1136 1107 97 25 renard
1260 1104 102 32 détruit
1388 1109 94 31 depuis
1511 1117 37 19 un
1576 1113 67 25 mois

904 1136 51 25 par
978 1137 45 19 ces
1048 1134 148 30 intrépides
1221 1136 151 26 chasseurs.

932 1195 170 26 INCENDIE.
1176 1199 40 24 L'n
1240 1200 130 26 incendie
1393 1202 66 24 s'est
1482 1204 111 26 déclaré
1616 1206 25 24 le

901 1225 27 24 lo
945 1226 157 28 décembre,
1123 1228 71 26 dans
1213 1230 28 25 la
1258 1232 72 26 nuit,
1349 1237 64 20 vers
1433 1234 12 24 1
1463 1233 27 25 li.
1511 1234 37 27 30,
1567 1234 73 26 dans

904 1260 38 20 un
966 1256 138 27 bâtiment
1127 1261 115 24 servant
1264 1260 37 26 de
1319 1261 120 32 hangar,
1465 1264 18 24 à
1504 1265 28 25 la
1556 1267 71 24 ferm
1638 1256 2 38 ■

900 1285 34 25 de
950 1286 175 32 Vaurogues.
1143 1291 138 30 exploitée
1299 1298 52 25 par
1368 1293 35 25 M.
1422 1293 126 30 Quinton
1566 1297 74 27 Léon

945 1322 61 24 ans,
1026 1319 30 22 et
1076 1323 191 27 appartenant
1287 1323 17 25 h
1324 1323 73 25 Mme
1416 1330 90 20 veuve
1526 1326 98 26 Lesaul-

899 1351 67 20 nier.
987 1348 37 26 Le
1042 1348 122 33 hangar,
1182 1352 45 26 750
1244 1352 92 30 kilogs
1354 1354 35 25 de
1407 1356 94 28 paille,
1521 1358 117 28 fougè-e

899 1383 26 18 e.
951 1378 100 26 herbes
1078 1380 98 26 sèches
1202 1384 26 22 et
1257 1383 94 27 divers
1378 1385 85 25 outils
1489 1389 148 28 aratoires,

901 1411 39 19 un
959 1410 119 24 rouleau
1097 1417 33 18 en
1150 1413 69 27 bois,
1240 1420 56 18 une
1313 1416 129 28 charrue,
1463 1419 67 25 1.500
1551 1421 90 26 kiloss

899 1437 31 25 de
953 1443 126 25 pommes
1102 1442 18 24 à
1142 1442 77 26 cidre
1239 1446 26 24 e',
1285 1446 45 24 500
1349 1447 91 28 kilogs
1463 1448 32 27 de
1520 1449 67 28 foin,
1612 1452 25 25 le

899 1469 59 22 tout
981 1470 99 25 estimé
1104 1478 15 18 a
1144 1474 71 25 1.500
1239 1474 104 28 francs,
1369 1479 48 24 ont
1443 1479 41 24 été
1508 1481 120 26 détruits

899 1500 90 27 Quant
1005 1507 37 19 au
1061 1502 145 27 bâtiment,
1225 1506 27 24 la
1270 1508 77 26 perte
1363 1513 35 19 ne
1416 1511 67 28 peut
1500 1512 54 25 «tre
1574 1513 46 25 éva-

912 1534 56 20 uee.
992 1531 50 24 Les
1065 1531 98 32 dégâts
1185 1535 64 25 sont
1270 1540 129 24 couverts
1419 1545 37 21 en
1476 1543 91 27 partie
1590 1548 51 21 par

899 1560 40 25 les
960 1567 177 20 assurances.
1543 1559 25 9 «•
1591 1559 6 14 i

926 1635 195 30 OLIRAGF.S.
1187 1641 46 25 5...
1253 1643 133 32 Baptiste.
1403 1646 30 25 37
1452 1652 59 20 ans.
1531 1649 106 26 livreur

892 1669 67 21 cnez
991 1669 37 22 il.
1061 1669 94 27 Carre,
1192 1672 150 30 négociant
1375 1681 32 19 en
1442 1678 142 26 charbons
1617 1690 15 15 -i

892 1698 149 27 Mayenne,
1061 1701 163 26 conduisait
1245 1709 57 19 une
1323 1706 190 27 camionnette
1535 1716 48 18 sur
1607 1717 15 15 i.«
1625 1721 7 15 t

892 1727 78 24 route
993 1729 33 25 de
1051 1729 180 45 Charclijgné
1253 1734 17 24 à
1292 1735 116 32 Lassay.
1434 1739 19 25 1,
1456 1747 14 18 0
1494 1740 73 27 froid
1592 1743 26 25 in-

888 1756 80 26 tense
992 1759 40 25 Un
1056 1761 80 28 glaça
1165 1763 40 24 les
1228 1766 103 26 mains.
1359 1769 20 22 U
1404 1770 100 26 voulut
1528 1773 39 24 le.;
1594 1780 25 18 ré-

892 1786 137 31 chauffer,
1055 1793 26 21 et
1102 1792 83 25 lâcha
1208 1794 25 25 la
1259 1796 138 26 direction
1420 1802 137 30 quelque.;
1580 1805 40 25 ins-

892 1817 84 26 tants.
1004 1820 117 28 Comme
1146 1825 26 24 la
1200 1828 79 22 route
1307 1828 66 26 était
1400 1835 99 24 grasse
1537 1835 24 24 la
1589 1843 45 17 .■•!-

891 1851 144 24 îrnonette
1067 1853 58 26 alla
1154 1854 72 26 dans
1258 1857 24 25 le
1311 1858 76 27 fossé
1414 1863 31 24 et
1470 1838 33 52 le
1532 1866 103 27 trouva

888 1878 151 27 fortement
1074 1883 118 27 abimée.
1231 1887 133 31 I/affaire
1402 1898 30 19 se
1467 1896 163 27 comnlioua

885 1945 7 11 •
905 1941 80 20 atrnn
1019 1932 41 28 rt'À'
1072 1945 8 15 i
1083 1920 17 22 P
1139 1922 17 18 T
1175 1922 33 19 UV
1212 1924 7 28 '-
1222 1918 40 24 ,(?r
1284 1919 48 26 deS
1352 1926 38 20 rol
1396 1918 4 43 '
1403 1928 47 20 roc
1453 1925 7 24 '
1462 1931 7 17 1
1472 1931 31 19 «»
1522 1928 34 25 de
1578 1933 50 20 son

885 1942 111 44 ijalron.
1019 1943 115 27 déclara
1157 1952 80 20 avoir
1260 1951 43 24 été
1324 1952 117 26 victime
1461 1956 71 26 d'un
1558 1959 57 25 arci-

885 1975 54 43 -ISe
1026 1976 97 24 voulai
1123 1975 4 43 ,
1128 1975 5 43 l
1137 1978 7 33 !
1167 1978 135 32 dépasser
1322 1984 74 25 deux
1414 1985 126 27 voitures
1563 1991 53 24 atte-

888 2011 129 39 nrmiatol
1044 2011 35 19 ne
1097 2037 7 6 ,
1103 2014 14 18 6
1119 2009 1 41 .
1131 2009 106 25 Etaient
1264 2017 52 24 Pas
1344 2014 164 32 dérangées.
1537 2022 90 27 Après

887 2034 128 30 enquête,
1035 2041 37 19 on
1088 2037 148 27 découvrit
1251 2043 25 25 le
1294 2049 156 27 mensonge
1465 2048 40 25 du
1522 2056 105 22 garçon

883 2094 6 18 i
905 2093 52 19 firv
989 2096 18 15 r
1015 2072 50 24 qiU
1084 2069 66 24 ftnit
1146 2101 6 4 -
1172 2076 52 24 par
1244 2076 107 22 aVOUGr
1354 2069 5 43 -
1383 2076 18 24 s
1404 2096 15 5 -
1452 2085 33 18 se
1505 2081 43 24 vit
1569 2087 46 25 gra-

883 2093 299 48 tleLlmi.,proces-
1182 2107 19 18 ï
1204 2108 14 28 ?
1219 2102 51 26 rba
1271 2104 11 25 l
1304 2111 72 24 pour
1400 2109 132 32 outrages
1557 2113 15 24 à
1596 2115 27 25 la

883 2125 197 30 gendaimerie
1103 2135 53 25 par
1178 2134 177 27 déclaration
1377 2143 195 31 mensongère.

1540 2232 83 50 AS

1248 2302 373 60 SSV.°ÎA!irS'K

883 2349 28 17 ta
915 2346 18 20 il
1045 2339 15 30 il
1072 2350 155 24 Instruction
1248 2356 139 24 criminelle
1407 2362 25 18 et
1454 2361 76 22 Ptnri
1561 2363 60 20 fnrf#

878 2370 188 52 ÏÏnTT;;.
1081 2376 79 46 T'-
1178 2380 32 22 rr
1252 2382 31 20 de
1296 2383 59 24 Cl,aC

643 2500 386 100 SML©

94 2733 31 11 ~.,A
124 2702 21 22 ,
142 2735 7 8 S
149 2702 19 22 r
168 2735 9 8 S
171 2702 184 27 OCIAT,OX
379 2708 193 27 AUTONOME
596 2712 65 25 DES
686 2714 129 27 INSTITU-

93 2765 8 15 i
119 2734 14 46 [
143 2734 18 22 u
167 2735 24 45 ?,
191 2735 15 22 s
203 2767 35 13 .v
239 2737 7 21 ,
249 2737 48 44 T..
313 2738 31 24 1N
350 2734 1 46 '
352 2739 226 26 STITI;THU:t;s
611 2744 146 28 publics
790 2748 43 25 DE

93 2766 43 21 I,A
168 2766 45 22 MA
220 2767 97 25 Ni.-ïiï*-.
405 2771 128 26 Résultat
559 2774 37 24 <ie
626 2774 139 27 l'élection
796 2780 37 24 du

91 2826 115 26 Duivau
207 2798 133 53 n^i^
344 2810 9 14 i
379 2806 34 25 i)0
419 2798 2 54 -
426 2807 24 19 ir
474 2802 26 26 lc
507 2798 1 54 .
526 2810 13 17 r
541 2806 291 39 pno^cvllemqpt.du

120 2859 136 39 In%j;i|ay.
383 2869 129 25 vi'-u'...,.
534 2869 58 27 l'.Jiu.
608 2871 152 30 .sufi.ragfa
774 2880 59 19 .cfc.

83 2891 123 28 .primés,
228 2891 53 30 6?0;
304 2894 132 31 majorité
457 2897 125 31 absolue,
605 2901 51 26 316,
791 2891 2 37 '
822 2891 5 37 ,

118 2923 58 22 uni
202 2924 106 26 obtenu
335 2921 33 30 cl
391 2930 74 22 «m*.
483 2929 61 26 élus
576 2921 4 40 :
611 2933 144 28 président
793 2936 35 24 M.

89 2953 81 27 Yvel,
194 2953 167 30 instituteur
383 2965 15 18 a
424 2959 141 31 Saint-Lô,
591 2963 44 24 62-4
657 2965 77 28 voix;
758 2965 57 26 vice-

86 2985 155 31 presiderit,
279 2987 34 24 M.
344 2988 106 30 Bazire,
490 2991 167 28 instituteur
681 2995 17 25 à
725 2996 87 26 Casau-

86 3017 22 21 ti
123 3015 37 28 ly.
182 3017 53 28 622;
259 3019 243 33 vice-présidente,
527 3022 65 25 Mlle
615 3025 135 31 Gaillard,
774 3028 41 25 ins-

86 3048 126 24 tnutrice
247 3056 17 17 a
286 3050 196 33 Montebourg,
507 3054 44 24 627
565 3061 6 20 ;
606 3058 151 26 secrétaire
790 3060 27 24 M

86 3077 139 37 Douyille,
248 3080 165 27 instituteur
435 3083 17 24 à
472 3085 94 30 ïessy,
588 3086 56 30 62û;
664 3089 149 27 secrétaire-

86 3110 136 27 adjointe.
244 3111 67 26 Mlle
334 3113 139 32 Lavallée,
498 3117 172 27 institutrice
694 3122 17 24 à
735 3120 77 27 Trois-

84 3139 72 43 ??,!?'
260 3144 141 28 trésorier,
431 3146 43 24 M..
497 3148 92 31 Hélye,
617 3150 167 27 instituteur
809 3155 17 24 à

90 3172 145 30 iribenou,
260 3174 53 30 624;
338 3177 299 33 trésorière-adjointe,
663 3183 65 26 Mlle
754 3185 54 24 Dou-

83 3203 78 27 chin,
182 3204 175 28 institutrice
379 3208 17 24 à
418 3208 193 32 Guilbervilie,
633 3214 52 24 627.

99 3233 66 26 -Les
189 3237 142 25 membres
356 3239 33 25 de
413 3240 28 24 la
468 3241 104 26 société
599 3246 64 24 sont
686 3246 77 30 priés
789 3249 34 24 de

83 3270 14 19 s
109 3266 129 25 adresser
265 3274 37 19 au
326 3275 133 21 nouveau
487 3273 112 25 Bureau
627 3275 17 25 à
670 3278 91 27 partir
787 3280 37 24 du

83 3298 30 24 lo
129 3298 111 27 janvier
259 3300 149 25 prochain.

120 3344 149 26 SOCIETE
317 3346 330 30 DEPARTEMENTALE
696 3354 106 25 D'AGRI-

83 3374 167 26 CULTURE.
318 3379 87 26 Grâce
425 3385 59 20 aux
501 3383 168 27 démarches
686 3387 33 24 de
738 3386 35 24 M.
794 3386 25 25 le

81 3407 135 24 sénateur
239 3409 165 31 Damecour,
430 3412 145 27 président
599 3415 33 25 de
654 3416 31 24 la
711 3416 107 27 Société

79 3438 243 31 départementale
347 3441 204 31 d'agriculture
575 3444 33 25 de
634 3446 30 24 la
690 3446 120 26 Manche

78 3469 27 24 le
130 3475 138 21 concours
292 3471 107 31 spécial
423 3474 33 24 de
480 3475 30 22 la
534 3482 67 18 rave
626 3477 104 26 bovine
756 3484 46 19 nor-

77 3502 106 27 înande
202 3501 165 28 réunissant
386 3503 40 27 les
445 3504 148 27 meilleurs
611 3509 139 26 animaux
769 3511 48 24 des

77 3531 69 30 cinq
170 3531 210 32 départements
407 3536 33 25 de
467 3537 171 25 Normandie
664 3546 71 20 aura
759 3542 58 26 lieu

77 3562 73 26 dans
174 3563 28 25 la
224 3563 123 26 Manche
372 3573 34 18 en
431 3568 66 27 1925,
522 3568 74 26 ainsi
621 3576 53 24 que
699 3572 117 26 l'Oucsi-

76 3594 79 24 Ec\ai
172 3594 38 26 l'a
228 3595 67 31 déjà
312 3599 139 24 annoncé.

86 3640 7 8 -
105 3625 53 26 Les
181 3632 122 24 groupes
328 3628 34 24 de
385 3628 96 26 l'Orne
507 3632 115 26 veulent
646 3633 72 26 faire
739 3637 61 22 coïn-

73 3656 79 26 cider
178 3659 26 22 le
233 3664 138 19 concours
399 3659 107 31 spécial
534 3664 48 27 qui
611 3665 94 24 devait
733 3666 83 24 avoir

74 3686 59 26 lieu
154 3687 66 25 chez
237 3694 57 20 eux
311 3694 69 19 avec
396 3691 40 25 les
452 3692 107 30 primes
576 3693 163 28 d'honneur
757 3697 43 25 cul-

74 3718 109 26 turales
202 3722 48 27 qui
270 3724 96 24 seront
384 3723 154 26 décernées
557 3731 37 18 en
613 3725 66 28 1926,
699 3729 51 22 ont
769 3728 31 26 dé-

74 3749 63 26 cidé
158 3751 35 24 de
216 3751 102 25 laisser
338 3757 100 24 passer
459 3754 64 25 leur
542 3757 66 24 tour
628 3763 34 18 en
685 3757 67 24 1925'

868 2718 116 27 duelien
1007 2728 50 28 sut;
1076 2724 39 26 les
1135 2725 83 26 tarifs
1239 2728 34 25 de
1293 2730 168 32 transports,
1481 2735 35 25 de
1535 2737 72 26 l'eau

870 2813 151 59 sraVfbk
1022 2820 14 18 0
1030 2850 17 19 n
1050 2822 6 18 I
1068 2822 119 61 dlTpus
1196 2825 73 24 POUr
1289 2828 34 25 aS
1326 2830 6 17 '
1337 2829 12 18 r
1368 2823 107 30 ènvue
1492 2828 38 25 du
1548 2835 17 25 P
1569 2831 39 24 IUS

1084 2874 99 34 inaire,
1208 2877 220 35 vice,-président
1450 2888 34 25 de
1507 2889 86 28 l'Asso-

1100 2914 57 22 une
1176 2911 168 28 charmante
1363 2917 161 26 allocution
1545 2921 47 27 éga-

940 2935 31 22 nt
989 2936 26 41 *i'
1017 2942 30 20 es
1065 2937 161 33 applaudie,
1247 2942 41 25 dit
1307 2944 70 30 qu'il
1396 2937 135 37 s'associe
1545 2928 61 48 lux

862 2963 115 28 ■paroles
996 2966 39 25 du
1052 2969 148 27 président
1218 2975 25 22 et
1263 2974 113 26 déclare
1395 2979 70 30 qu'il
1486 2983 104 22 soumet-

865 2993 43 27 tra
925 3001 39 18 au
981 2996 115 26 Conseil
1114 3002 161 30 municipal
1296 3011 44 19 ses
1358 3009 194 28 propositions
1571 3019 35 18 en

863 3053 106 22 troiPt
980 3032 15 18 C
997 3032 39 41 !î!!
1036 3034 15 18 C
1058 3059 6 17 i
1072 3035 48 19 inc
1139 3030 28 27 la
1187 3028 149 32 réduction
1358 3038 48 24 des
1424 3038 91 28 droits
1534 3041 58 26 d'oe-

863 3054 53 24 tioi
944 3057 26 24 et
996 3058 35 24 de
1057 3059 9 22 1
1080 3066 61 20 eau.
1169 3061 34 26 Il>
1219 3065 113 26 déclaré
1356 3070 113 25 ensuite
1498 3078 54 20 que
1578 3074 28 24 la

865 3089 116 21 caserne
1006 3098 9 11 ~
1043 3091 103 25 Zurich
1172 3104 11 11 »
1209 3093 106 28 devant
1341 3098 58 25 être
1420 3102 110 27 reprise
1553 3110 53 19 par

861 3115 746 84 pas^SïWSU'SîSSSffS:

1387 3163 221 60 ~>vjg

859 3237 41 46 riif
900 3243 84 40 J^ff
987 3246 18 18 n
1006 3246 11 38 î
1019 3241 43 25 t,lé
1067 3248 20 35 ?i
1096 3250 21 17 a
1119 3243 15 40 ?
1137 3246 64 28 opte
1218 3248 77 25 alors
1311 3256 40 20 un
1369 3256 64 21 vœu
1450 3260 35 18 en
1502 3256 102 26 faveur

918 3270 65 24 vote
1006 3272 123 26 familial
1152 3276 27 24 et
1200 3276 54 26 fait
1277 3280 63 26 sien
1361 3287 73 21 ceux
1459 3288 143 21 exprimés

859 3302 52 24 par
928 3304 51 19 son
996 3302 155 30 président.
1459 3293 143 22 exprimes

886 3328 141 28 Ajoutons
1055 3339 54 28 que
1137 3335 28 26 la
1194 3339 122 26 réunion
1346 3343 43 25 fut
1420 3348 181 22 agrémejitêp

857 3361 53 26 par
926 3365 57 21 une
1000 3363 129 27 audition
1146 3369 139 25 musicale
1302 3372 111 27 donnée
1429 3353 159 48 i>ar?aM?i

856 3393 81 25 «que
963 3393 176 35 municipale
1165 3400 28 20 et
1215 3400 104 27 qu'elle
1344 3409 30 18 se
1398 3406 124 26 termina
1557 3380 26 52 S

856 3426 126 50 famhlés
1002 3452 149 31 présemes
1146 3426 21 26 4
1179 3433 15 19 °
1198 3433 104 27 rangÊS
1328 3439 57 20 3UX
1409 3437 116 26 enîan,s
1551 3441 47 25 des

855 3495 210 59 men/'aK'
1470 3544 8 26 d
1480 3514 116 59 %°X

854 3559 93 22 nient»
973 3563 87 25 ayant
1087 3563 63 26 subi
1174 3563 154 31 l'invasion
1355 3579 17 18 a
1394 3574 78 26 donn
1475 3576 13 17 A
1525 3583 71 20 pour

853 3586 28 26 la
904 3593 138 25 première
1067 3594 53 25 fois
1141 3596 162 33 dimanche,
1326 3608 51 19 soi.
1400 3606 126 26 banquet
1550 3615 46 17 nn.

948 3628 15 17 a
981 3622 7 24 1
1095 3627 120 27 Heudes.
1237 3630 162 34 Remarqué
1414 3637 31 25 la
1460 3641 135 26 présence

852 3654 216 56 Groupement
1085 3661 37 48 'M
1136 3663 6 18 '
1265 3661 66 26 F,év
1332 3641 35 69 A

856 3700 28 22 T«
907 3690 13 33 i
933 3690 13 33 1
959 3690 12 33 .
1013 3690 8 19 z
1023 3690 7 33 ?
1061 3705 7 9 »
1097 3690 26 21 M
1128 3690 5 33 -
1165 3690 91 31 Lebel,
1287 3697 110 24 notaire
1437 3699 157 24 viee-nr<scf.

852 3746 84 14 vonac
946 3720 13 18 C
960 3716 14 45 i
999 3720 18 32 P
1052 3720 71 25 Bde
1148 3720 30 26 40
1201 3724 151 30 membres.
1380 3729 35 24 Ce
1441 3732 152 27 charmait

950 3751 59 40 J?«i
1029 3754 14 19 r
1045 3752 146 39 ejinissaif,
1215 3754 15 24 à
1251 3756 31 24 la
1302 3758 92 26 même
1413 3762 77 25 table
1520 3770 73 21 pou-'

850 3774 28 25 la
898 3780 141 25 première
1061 3778 54 27 fois
1136 3783 98 30 depuis
1253 3787 30 26 la
1302 3794 102 24 guer-e
1431 3783 159 37 des'exilés

850 3811 119 45 c«r^l
974 3816 14 17 r
979 3846 14 11 „
992 3810 81 28 éffion
1071 3844 7 12 ,
1078 3817 12 18 s
1110 3815 15 22 d
1131 3822 14 34 !'
1166 3816 73 26 Nord
1259 3821 26 22 et
1355 3821 70 26 l'Est
1454 3827 77 25 avait
1551 3835 19 19 U
1572 3834 18 19 n

850 3839 111 25 <-aiactè
964 3853 8 11 x
979 3846 13 18 e
1015 3843 177 30 paiticulier;
1215 3854 32 20 ce
1270 3854 35 19 ne
1331 3852 43 25 fut
1396 3859 53 22 pas
1473 3855 25 24 1«
1522 3856 47 25 bv
1583 3870 7 5 -

849 3869 66 27 quet
943 3870 152 32 ordinaire,
1123 3876 96 26 c'était
1246 3886 54 19 une
1328 3883 56 26 fèv;
1407 3886 35 25 d-j
1470 3889 109 25 famiîin

848 3906 301 52 jraîeté'ne^cplsh^J
1154 3909 11 22 1
1192 3909 18 24 à
1218 3912 27 34 .'
1258 3913 70 27 aise;
1356 3915 30 24 ,a
1415 3918 64 31 P'us
1509 3919 79 27 saine

847 3961 28 20 M
905 3939 97 43 Rmît
1093 3944 48 38 V
1142 3939 25 27 lp
1165 3972 8 9 .
1193 3948 14 18 r
1211 3947 33 34 s^
1246 3948 51 19 npr
1299 3939 4 43 -
1331 3947 43 24 Au
1398 3939 189 41 Champagne,

846 3993 58 25 très
922 3972 5 48 -
941 3972 126 48 uDlauriT
1206 3973 73 25 dans
1303 3980 12 31 '.
1316 3980 26 19 m
1365 3977 71 27 beau
1459 3980 130 27 discours

846 4024 50 25 des
928 4000 47 48 îab
990 4002 77 47 fan/'
1170 4007 7 7 '
1217 4010 67 20 avec
1303 4010 124 24 erno,ion
1446 4012 142 30 l'odyssée

881 4030 155 44 Lnri\
1054 4046 34 27 \
1113 4037 15 20 e
1168 4039 115 26 régions
1309 4041 145 31 envahies,
1483 4042 103 31 fuyant

846 4059 113 45 ]-f,vr,Vô
1019 4059 87 27 boPhp
1109 4059 5 45 -
1135 4065 26 24 le
1162 4095 7 9 ,
1165 4070 13 18 s
1173 4095 6 9 ,
1198 4067 44 25 eta
1244 4072 50 24 Pes
1311 4070 35 24 de
1367 4071 65 26 ville
1453 4080 35 19 en
1508 4076 67 26 ville

846 4117 39 18 flit
912 4093 25 43 fù
953 4093 15 43 t
984 4093 14 43 6
1013 4093 14 43 a
1054 4093 144 28 Granvjlle
1232 4098 28 24 et
1281 4098 131 27 l'accueil
1450 4107 46 28 qui
1524 4108 64 24 leur

843 4116 94 48 îiîi/?
944 4121 19 25 lt
970 4116 31 48 .P
1003 4128 32 20 ar
1055 4155 6 9 4
1055 4124 30 25 Ja
1104 4127 168 28 population
1292 4131 30 24 et
1339 4137 54 25 par
1414 4135 31 25 la
1465 4139 103 25 munici-

843 4149 87 27 palité
951 4153 26 22 et
998 4155 263 28 particulièrement
1283 4167 52 24 par
1355 4163 27 25 le
1402 4168 122 27 regretté
1546 4170 30 24 M

843 4188 151 41 FUvpt°"i'i.
1152 4189 35 25 ad
1189 4189 28 28 i°
1221 4189 41 26 int
1289 4200 15 17 a
1330 4199 31 19 ce
1385 4200 133 24 moment.
1545 4189 38 37 M*

841 4246 71 20 reux
933 4250 32 17 en
989 4246 52 20 r-Ptf
1054 4222 15 44 6
1069 4222 33 44 ni
1107 4222 31 44 r?
1187 4226 18 40 V
1207 4228 14 18 r
1239 4222 131 27 conibien
1391 4227 18 25 f
1431 4228 67 26 était
1518 4230 50 27 heu-

841 4247 70 19 roux
932 4250 33 19 en
987 4247 70 26 cette
1077 4252 197 26 circonstance
1292 4256 35 25 <le
1348 4259 120 22 pouvoir
1485 4261 83 20 témoi-

840 4277 72 24 gner
928 4274 217 31 publiquement
1162 4287 31 18 sa
1212 4286 239 27 reconnaissance
1468 4292 27 22 et
1512 4293 69 25 celle

840 4304 34 22 de
902 4312 44 19 ses
972 4312 202 28 compatriotes
1200 4319 102 22 envers
1328 4318 30 24 la
1382 4322 198 30 municipalité

870 4351 32 34 m'
906 4343 8 17 1
930 4339 92 46 RnPfl'i
1103 4371 6 5 •
1126 4348 19 25 P
1146 4349 31 20 ra
1180 4350 8 35 ï
1188 4350 30 19 lv
1221 4345 93 28 inaisc
1335 4350 24 25 si
1381 4330 196 52 accueillante.

869 4377 6 12 1
900 4374 4 35 ■
914 4374 4 35 •
957 4375 18 30 A
1023 4389 6 9 »
1051 4377 45 18 nia
1102 4377 45 24 ire,
1170 4374 73 26 clans
1264 4384 56 18 une
1339 4381 169 28 charmante
1531 4387 33 22 im-

839 4398 185 30 provisation.
1052 4403 41 25 dit
1117 4407 130 24 combien
1276 4409 19 25 il
1320 4410 67 26 était
1416 4414 102 26 touché
1546 4417 33 25 rie

839 4434 46 18 ces
907 4434 133 27 marques
1063 4436 34 22 de
1122 4437 161 30 sympathie
1307 4443 26 22 et
1357 4443 35 25 de
1417 4449 150 22 reconnais

837 4463 211 50 ?onV™J
1055 4466 8 24 l
1057 4501 8 12 ,
1076 4496 6 6 .
1088 4467 43 22 fer
1124 4499 7 14 ,
1133 4468 26 22 ai
1165 4470 7 21 '
1199 4474 17 25 e
1219 4470 43 25 art
1289 4478 35 19 au
1328 4486 18 12 -
1372 4476 141 26 membres
1537 4481 39 25 du

839 4492 111 24 Conseil
974 4499 165 27 municipal.
1168 4500 69 28 Puis
1261 4509 31 19 ce
1318 4506 43 22 fut
1387 4509 26 24 le
1437 4509 65 22 four
1528 4512 47 21 des

836 4520 151 28 chanteurs
1010 4527 25 21 et
1057 4527 56 25 fins
1136 4528 120 32 diseurs.
1284 4533 65 26 Mlle
1374 4535 98 27 Protin
1507 4517 69 51 MM?

1007 4556 136 31 Schmidt,
1172 4561 126 31 Degroef,
1326 4565 168 28 Maroteaux
1519 4571 46 25 flls

852 4616 8 17 t
859 4590 18 18 U
879 4590 53 43 î<f'i
989 4593 13 17 P
1033 4593 8 18 I
1043 4593 6 34 Î
1055 4594 32 19 !PI
1087 4590 26 43 ''.
1129 4592 43 24 €tc
1176 4611 15 9 -
1222 4593 182 31 rivalisèrent
1430 4600 145 27 d'entrain

834 4616 71 43 2-J®
926 4617 54 24 han
983 4620 67 26 <juet
1069 4622 59 26 prit
1146 4624 40 24 fln
1208 4631 35 18 au
1264 4626 98 26 milieu
1381 4630 34 25 de
1435 4631 28 24 la
1482 4633 92 25 gaieté

1002 4649 34 26 M.
1063 4651 100 30 Eudes,
1189 4655 124 31 hôtelier,
1338 4663 80 26 reçut
1443 4662 113 27 d'unani-

833 4681 61 20 mes
914 4680 200 30 compliments
1133 4685 32 26 de
1182 4687 65 25 tous
1264 4683 43 28 les
1324 4691 142 26 convives.

1304 4717 237 31 (Communique).

860 4754 233 31 ASSOCIATION'
1128 4761 155 28 AMICALE
1318 4766 250 27 GRANVILL4ISF

1266 4808 30 5 ~~
1324 4795 157 30 Dimanche
1511 4807 44 25 pro-

831 4817 86 26 chain
935 4819 26 25 21
980 4819 156 32 décembre,
1157 4824 17 25 à
1192 4826 13 25 3
1224 4825 102 27 heures
1344 4830 124 28 précises
1499 4839 70 19 aura

1010 4853 34 24 de
1067 4853 120 31 l'Elysée
1208 4857 182 31 Granvillais,
1413 4861 28 26 la
1461 4863 53 24 fête
1534 4866 34 24 de

827 4877 67 50 CrJ,
930 4911 26 15 m,
974 4889 11 27 '•
1054 4916 7 11 ,
1120 4916 20 11 „
1143 4886 32 25 de
1215 4887 200 28 l'Association
1443 4893 125 27 Amicale

828 4910 191 27 Graimllaise
1044 4916 51 26 des
1121 4916 242 31 Fonctionnaires.
1390 4923 59 30 Une
1478 4926 89 27 partie

828 4944 113 22 concert
966 4950 60 19 sera
1055 4946 110 25 donnée
1192 4955 67 20 avec
1285 4950 21 25 le
1331 4958 141 21 concours
1496 4956 57 26 d'nr-

828 4972 81 26 tistes
930 4976 148 25 amateurs
1098 4978 34 25 de
1155 4980 30 24 la
1207 4982 104 25 société
1333 4984 26 24 et
1381 4991 53 21 par
1454 4988 50 25 des
1526 4995 27 18 ar-

828 5006 79 22 tistes
933 5006 144 26 amateurs
1101 5008 169 28 granvillais
1294 5014 48 30 qui
1368 5017 48 22 ont
1440 5017 67 24 tenu
1532 5024 34 19 en

826 5036 72 24 colle
918 5040 197 24 circonstance
1137 5041 17 24 à
1175 5048 30 19 se
1226 5042 112 30 joindre
1361 5047 17 24 à
1401 5047 27 26 la
1452 5049 103 26 société

857 5066 41 25 Au
930 5073 183 26 programme
1143 5072 124 30 figurent
1300 5075 159 28 également
1491 5080 76 25 deux

824 5101 96 24 pièces
946 5105 34 20 en
1009 5100 12 24 1
1049 5101 67 25 acte.
1149 5102 58 25 Une
1234 5105 175 33 magnifique
1437 5111 128 26 tombola

827 5133 64 20 sera
913 5130 71 24 tirée
1009 5138 35 17 au
1071 5138 83 20 cours
1175 5137 35 22 dé
1234 5137 30 22 la
1286 5138 120 26 réunion
1431 5140 69 26 dont
1525 5143 39 24 les

824 5160 56 24 lots
902 5163 50 22 ont
973 5167 73 24 pour
1068 5164 7 24 l
1080 5172 17 19 a
1117 5164 115 32 plupart
1253 5166 43 26 été
1318 5170 97 27 offerts
1439 5173 109 25 gracieu-

824 5192 110 24 sement
952 5197 52 25 par
1023 5194 47 24 des
1088 5197 209 30 commerçants
1315 5200 169 28 granvillais
1512 5204 51 25 Les

823 5223 142 24 membres
985 5224 34 24 de
1044 5225 196 27 l'Association
1265 5232 48 26 qui
1337 5235 48 21 ont
1409 5233 58 28 pris
1489 5238 72 24 pour

824 5252 70 24 celte
914 5255 119 27 journée
1056 5262 39 19 un
1117 5257 100 30 enfant
1239 5259 31 22 de
1292 5262 130 30 Vhôpital
1443 5267 118 24 devront

822 5289 31 19 se
879 5284 115 25 trouver
1022 5287 104 27 devant
1155 5288 26 27 la
1211 5290 78 31 porte
1318 5291 32 26 de
1380 5294 136 31 l'hospice
1545 5298 15 25 à

822 5319 26 20 il
874 5319 26 20 ii.
926 5319 30 21 30
976 5320 58 21 très
1056 5320 131 30 précises,
1212 5322 34 25 où
1272 5322 35 25 ils
1331 5326 165 27 trouveront
1520 5334 39 19 un

822 5346 50 24 des
892 5347 139 25 membres
1052 5348 37 26 du
1110 5350 112 26 Bureau
1241 5354 34 25 de
1296 5353 197 30 l'Association
1526 5360 33 22 le

822 5379 111 21 Bureau
961 5380 89 26 ayant
1076 5381 146 32 beaucoup
1252 5385 15 24 à
1297 5385 72 26 faire
1397 5393 31 19 ce
1455 5380 102 34 lon'r-là

821 5411 110 26 compte
959 5415 48 18 sur
1036 5411 26 22 la
1091 5412 93 26 bonne
1213 5414 112 27 volonté
1356 5418 48 24 dos
1435 5418 124 28 familles

821 5444 73 20 pour
918 5440 86 27 qu'un
1031 5440 48 26 des
1102 5445 144 26 membres
1272 5451 33 20 ou
1332 5452 38 20 un
1398 5451 57 22 ami
1482 5451 60 25 vien-

820 5474 35 19 ne
883 5477 15 19 H
928 5471 215 28 urendez-vous.
1175 5476 182 27 L'ouv'érture
1388 5479 48 25 des
1465 5484 93 26 portes

821 5503 72 28 pour
909 5502 26 27 la
954 5502 54 26 fête
1029 5510 70 21 aura
1114 5504 58 28 lieu
1188 5506 48 26 42
1253 5507 26 26 h.
1298 5509 33 26 30.
1380 5510 37 25 Le
1435 5511 120 24 Bureau.

644 3993 139 25 Villedieu

99 4017 126 26 SOIREE
254 4018 226 27 RECREATIVE.
566 4023 157 26 Dimanche
751 4025 35 24 der-

69 4048 64 22 nier
151 4050 72 24 dans
243 4050 28 22 la
292 4050 71 24 salle
383 4051 185 28 paroissiales
587 4054 40 24 les
647 4054 100 30 jeunes
769 4056 22 22 fil-

67 4077 43 26 les
131 4078 37 24 du
190 4080 158 35 Patronage
371 4084 50 21 ont
438 4082 96 25 donné
555 4089 72 25 pouc
647 4084 30 25 la
694 4085 90 24 deuxiè-

67 4111 45 21 me
132 4109 54 24 fois
204 4109 65 24 leur
285 4110 91 22 soirée
393 4113 144 20 annuelle.

97 4141 41 22 Au
158 4142 77 21 lever
253 4141 39 25 du
312 4142 100 24 rideau
435 4141 5 34 :
461 4143 38 24 La
517 4146 111 24 Fronde
650 4150 73 25 pour
739 4149 58 22 rire

65 4169 129 25 comédie
213 4175 35 19 en
267 4173 11 22 1
296 4172 61 25 acte
374 4173 34 24 de
428 4173 46 25 Ch.
495 4175 35 24 Le
549 4175 60 30 Roy
627 4175 113 31 Villars,
758 4183 32 24 ap-

65 4201 83 27 porta
176 4207 54 18 une
257 4204 66 22 note
352 4202 33 25 de
413 4202 120 26 franche
561 4207 27 22 et
614 4207 79 25 saine
720 4208 84 30 gaité-

66 4232 77 22 Dans
169 4232 27 24 la
223 4231 128 31 Légende
379 4233 38 24 du
442 4234 71 25 Père
537 4235 124 30 Janvier,
687 4239 118 30 saynète

66 4266 33 19 en
128 4263 8 22 1
167 4263 60 22 acte
255 4263 33 22 de
314 4264 37 24 RI.
380 4264 119 31 Rabain,
527 4266 40 25 les
594 4267 100 28 jeunes
722 4270 73 24 filles

63 4290 236 28 délicieusement
328 4294 159 24 costumées
522 4302 33 19 en
588 4298 112 26 saisons
731 4300 58 24 riva-

64 4320 118 25 lisèrent
208 4323 34 24 do
270 4325 84 28 grâce
385 4326 26 22 et
438 4325 172 32 d'élégance.
640 4330 37 24 Le
704 4330 99 26 drame

63 4352 174 31 patriotique
265 4355 71 22 Tout
361 4355 197 31 Simplement,
586 4358 35 25 de
650 4361 92 25 Vaulx
768 4363 35 24 de

61 4383 168 30 Champion,
255 4384 44 24 fut
317 4384 67 30 joué
404 4391 70 20 avec
496 4388 90 25 talent
608 4395 52 22 par
681 4391 40 25 les
745 4391 44 30 jeu-

61 4417 52 18 nes
132 4414 116 25 artistes
270 4421 54 24 que
347 4421 73 19 nous
442 4422 37 20 ne
501 4419 133 25 saurions
656 4421 64 27 trop
742 4422 48 26 féli-

60 4442 78 21 citer.

91 4474 194 31 Monologues,
325 4478 231 32 chansonnettes,
595 4482 138 27 mélodies
770 4489 28 19 se

59 4505 187 27 succédèrent
266 4511 27 20 Ht
315 4508 96 24 furent
431 4509 58 24 très
511 4512 161 28 applaudis.

90 4537 41 22 Au
150 4541 85 20 cours
254 4538 34 24 de
309 4538 28 25 la
357 4538 110 31 séance,
489 4546 56 20 une
565 4544 81 27 quête
666 4545 45 26 fut
731 4545 67 26 faite

58 4570 38 18 au
117 4566 85 28 profit
220 4567 34 22 de
274 4569 117 24 l'œuvre
411 4571 97 24 tandis
528 4572 66 28 qu'à
613 4573 24 24 la
659 4574 40 25 fln
719 4576 33 24 de
771 4577 27 22 la

57 4596 93 25 soirée
171 4597 34 24 M.
228 4597 25 25 le
274 4597 142 26 chanoine
436 4600 100 28 David,
559 4609 28 18 se
608 4604 109 25 faisant
737 4605 50 25 l'in-

57 4625 122 30 terprète
198 4629 33 22 de
250 4629 72 26 tous,
345 4630 138 25 remercia
502 4633 27 22 et
548 4632 106 27 félicita
676 4636 66 25 Mlle
763 4637 35 25 I.e

58 4655 48 25 1)0.
138 4657 148 25 directrice
312 4659 34 24 de
373 4661 128 28 l'œuvre,
531 4664 27 24 et
586 4669 44 19 ses
657 4665 141 27 dévouées

57 4687 239 20 collaboratrices.

85 4877 40 24 LA
150 4877 87 26 PLUS
261 4879 138 25 GRANDE
423 4880 162 28 FAMILLE.
659 4884 117 26 L'assem-

54 4906 61 24 blée
132 4909 133 30 générale
282 4910 34 24 de
333 4910 30 26 la
381 4911 26 24 F.
429 4911 28 25 G.
476 4912 28 24 F.
522 4920 18 18 a
557 4919 34 18 eu
608 4913 58 26 lieu
685 4922 107 19 comme

54 4942 71 20 nous
144 4938 123 26 l'avions
283 4942 141 27 annoncé,
446 4942 161 30 dimanche,
626 4945 18 22 à
659 4946 13 21 :!
691 4945 102 25 heures

52 4967 34 24 de
106 4968 194 31 l'après-midi,
322 4971 71 24 salle
413 4972 34 22 de
467 4972 122 30 l'Elysée
609 4975 182 30 Granvillais,

51 5002 67 21 sous
137 5000 27 24 la
183 5000 168 30 présidence
371 5002 33 24 de
424 5002 35 25 M.
482 5003 203 27 Lemarchand.

83 5028 87 30 Après
200 5030 210 30 l'apiprobation
437 5034 51 25 des
516 5036 128 28 comptes
672 5037 39 24 du
742 5039 39 25 tré-

52 5060 97 26 sorier,
171 5060 27 25 M
228 5061 124 30 Jamard,
376 5062 25 25 le
422 5065 145 26 président
752 5074 39 19 un

52 5089 128 26 discours
200 5092 57 24 très
276 5092 168 26 documenté
465 5096 26 22 et
513 5095 57 25 très
588 5098 144 30 applaudi,
755 5105 37 19 au

50 5125 84 21 cours
154 5122 106 28 duquel
279 5124 86 27 après
384 5125 80 24 avoir
481 5126 54 25 fait
554 5132 165 26 remarquer
737 5135 53 22 que

51 5151 34 24 de
107 5153 63 21 tous
190 5152 41 25 les
252 5154 94 28 points
365 5156 37 22 de
423 5156 27 25 la
472 5157 106 25 France
599 5158 50 25 des
667 5160 107 24 associa-

48 5183 77 21 tions
150 5184 170 24 semblables
344 5190 30 20 se
398 5185 119 26 fondent
539 5190 27 21 et
588 5189 200 30 s'organisent,

50 5211 19 24 il
91 5215 58 21 met
169 5219 33 17 en
227 5213 81 24 relief
331 5216 63 22 tous
416 5216 40 25 les
477 5218 156 31 avantages
653 5220 136 28 précieux

48 5248 56 24 que
119 5243 112 31 chaque
249 5244 64 24 chef
330 5246 34 24 de
380 5248 110 24 famille
508 5250 69 28 peut
593 5250 69 25 tirer
677 5252 33 22 de
726 5252 51 24 l'as-

50 5274 146 27 sociation,
215 5276 79 24 aussi
314 5276 84 25 fait-il
417 5280 83 28 appel
519 5278 17 24 à
552 5280 92 24 toutes
663 5282 41 24 les
723 5282 50 26 bon-

48 5308 51 19 nes
113 5303 129 25 volontés
259 5311 71 22 pour
346 5309 124 22 recruter
485 5309 33 25 de
535 5314 152 22 nouveaux
705 5313 66 25 adhé-

48 5334 84 15 rent;.

78 5363 20 24 Il
118 5366 139 24 demande
274 5373 33 18 en
325 5369 80 22 oulrc
423 5363 4 39 :
444 5375 39 18 un
498 5372 198 27 dégrèvement
713 5379 73 24 pour

45 5393 122 32 charges
189 5395 33 24 de
241 5396 109 24 famille
370 5405 50 19 sur
438 5399 27 25 la
485 5402 193 26 contribution
700 5405 69 24 mobi-

46 5425 78 27 lière,
150 5431 57 19 une
235 5426 145 26 réduction
423 5430 47 27 des
496 5431 63 30 prix
587 5432 198 30 d'instruction

46 5458 73 25 pour
148 5456 41 22 les
216 5458 116 24 enfants
360 5460 48 24 des
438 5460 124 25 familles
592 5464 184 26 nombreuses

46 5489 57 20 une
124 5485 200 30 amélioration
346 5490 33 26 de
399 5490 27 26 la
446 5491 37 26 loi
504 5492 144 27 militaire,
671 5500 54 19 une
746 5497 38 22 ré-

927 172 85 25 mese,
1032 175 57 22 une
1109 171 137 27 sérénade
1265 172 44 27 fut
1326 175 115 28 donnée
1459 181 18 24 à
1495 178 34 26 M.
1553 181 26 26 le
1598 183 69 26 Gurê

935 198 32 26 de
990 200 182 27 Samt-Remi.

950 230 207 32 L'après-midi,
1192 240 52 34 par
1278 243 54 19 une
1367 239 191 32 température
1590 244 59 27 vrai-

928 263 78 25 ment
1020 262 141 28 clémente
1176 270 26 20 et
1221 267 103 28 devant
1339 275 41 20 un
1397 272 96 30 public
1508 275 157 27 nombreux

921 292 27 25 la
974 292 124 27 Fanfare
1124 295 196 34 Saint-Joseph
1345 301 100 30 donna
1469 308 39 20 au
1535 306 117 28 kiosque

921 328 69 19 sous
1006 325 30 24 la
1055 327 141 27 direction
1217 330 35 25 de
1271 337 48 20 son
1342 333 73 27 chef,
1437 334 35 25 M.
1495 335 157 27 Drouaillei

924 359 38 19 un
984 359 115 22 concert
1123 359 57 26 très
1202 361 141 30 apprécié,
1369 366 65 31 puis
1457 372 32 20 se
1511 369 93 26 rendit
1626 377 38 19 au

924 386 132 26 domicile
1084 390 33 22 de
1147 391 27 22 la
1204 393 133 27 quêteuse
1356 404 7 15 :
1391 396 72 26 Mme
1491 398 171 31 Raimbault,

920 418 39 22 lui
980 418 110 25 donner
1109 425 54 20 une
1182 423 145 27 sérénade.

948 448 34 25 Le
1004 450 65 26 soir,
1091 458 39 18 un
1150 454 125 31 banquet
1293 457 57 25 très
1369 457 64 27 bien
1452 462 77 24 servi
1548 462 17 24 à
1585 463 59 24 l'Hô-

917 480 38 25 tel
983 480 37 25 du
1048 482 70 25 Lion
1146 484 76 27 d'Or,
1250 487 66 25 chez
1343 489 35 24 M.
1409 491 112 28 Hadiot,
1548 494 94 26 réunis-

1055 515 96 21 ')l™b
1152 522 6 17 '
1166 522 30 20 P6
1270 517 27 25 la
1318 520 103 25 société
1441 524 27 21 et
1489 523 76 25 leurs
1587 524 57 25 invi-

917 541 50 28 tés,
987 542 38 25 M.
1050 543 74 26 René
1148 546 119 30 Leclerc.
1289 549 146 31 président
1453 561 6 17 :
1482 554 33 25 M.
1540 556 100 25 Dubois-

918 578 131 25 rresney,
1071 575 111 28 député,
1204 580 26 22 et
1251 579 34 24 M.
1306 582 34 25 de
1362 582 26 25 la
1408 583 174 27 Garanderie
1604 589 39 26 pri-

915 634 46 17 .™
980 609 115 41 .E
1096 606 21 24 sl
1120 612 20 39 I
1141 609 92 24 elTlent
1263 612 27 24 la
1317 617 18 25 P
1338 614 76 24 aro]e
1417 606 5 45 '
1450 617 27 24 ct
1506 617 7 25 '
1517 621 28 20 es
1572 618 70 26 chan-

915 634 21 24 te
945 639 47 20 tirs
1017 634 84 26 firent
1124 643 100 25 passer
1248 646 57 21 aux
1329 645 135 26 convives
1487 653 54 20 une
1565 654 74 21 excjl-

915 663 72 28 -
1010 667 98 24 soirée.

1955 214 435 93 fmjmm

1889 348 109 40 POUR
2020 352 51 40 LA
2089 354 175 44 DEFENSE

1788 398 73 40 DES
1890 400 190 45 LIBERTÉS
2107 406 250 45 RELIGIEUSES

1922 481 17 25 d
1939 487 18 39 f
1961 488 13 19 r
1975 488 22 38 ?
1997 483 41 24 ier
2041 503 6 7 '
2079 487 26 22 ,r
2106 471 28 39 °î
2134 493 13 19 s
2295 491 137 28 hommes

1701 541 9 11 p
1839 516 15 20 e
1928 514 33 22 f,fl
1977 515 94 25 toutes
2086 517 41 25 les
2145 524 165 24 communes
2323 526 35 25 de
2375 526 47 25 l'ar-

1698 537 209 30 rondissement
1942 549 51 19 sur
2014 544 176 31 l'lnvitation
2213 553 37 25 du
2275 555 107 26 Comité
2405 559 28 24 de

1708 605 30 17 er
1760 575 92 46 27/
1856 580 30 18 se
1913 575 19 24 C
1933 563 1 58 r
1936 574 47 26 ath
1982 608 8 13 ,
1987 575 94 31 ohaw
2085 563 5 58 '
2118 586 71 22 pour
2211 586 139 27 entendre
2376 563 57 57 par!

1954 612 15 18 °
2033 614 13 19 6
2081 611 33 25 de
2138 612 78 28 Jculfi
2238 615 41 25 lib
2282 619 72 24 ertés
2379 625 37 20 me-

1695 699 13 9 *
1791 665 22 34 ®.
1814 666 71 26 abou
1884 699 6 5 .
1889 667 43 26 rin
1936 665 5 44 -
1969 671 39 25 du
2036 671 122 30 barreau
2184 677 35 24 de
2245 679 89 26 Tours
2372 681 60 26 leur

1695 699 17 19 a
1734 694 157 30 développe
1917 700 25 24 le
1969 703 73 25 suiet
2068 705 116 26 suivant
2212 694 5 37 :

1722 738 11 12 «
1760 728 77 27 Pour
1858 731 43 27 les
1924 735 116 25 libertés
2065 738 189 32 alsaciennes,
2280 745 98 26 contre
2404 748 27 24 la

1691 759 133 27 tyrannie
1847 765 200 26 maeonniaue.
2073 777 9 12 »
2363 755 14 17 e
2404 755 27 17 18

1719 791 35 27 M.
1782 794 115 27 Guérin.
1922 798 103 25 dénuté
2049 801 35 24 de
2109 803 28 24 la
2164 803 126 28 Manche,
2316 810 113 25 parlant

1690 826 18 22 à
1724 829 52 19 son
1792 828 73 22 tour,
1885 828 63 25 leur
1963 836 21 18 a
2000 830 30 25 lu
2048 834 26 22 et
2093 835 159 26 commenté
2269 842 41 20 un
2330 841 98 24 article

1689 857 60 24 plis
1769 861 53 22 par
1837 859 50 24 lui.
1907 863 37 20 au
1963 860 116 28 hasard,
2099 865 72 27 dans
2192 866 213 30 VOuest-Eclair
2425 881 6 15 :

1688 921 131 13 nnpmont
1993 894 69 24 Puis
2087 896 19 25 il
2132 905 17 17 a
2176 900 122 26 soutenu
2322 901 92 32 énergi-

1688 921 59 41 îîilo
1785 951 20 12 ii
1867 953 8 9 ,
1899 927 85 21 cause
2010 927 51 24 ttes
2089 928 219 30 congrégations
2334 938 76 21 mena-

1687 951 71 24 cées.
1783 951 22 25 Il
1831 959 15 17 a
1867 953 120 26 termine
2011 959 35 22 eh
2070 959 109 25 faisant
2198 963 86 28 appel
2308 966 17 22 a
2347 965 65 28 l'opi-

1687 985 67 20 mon
1778 981 144 27 publique,
1946 991 72 20 pour
2040 993 53 22 que
2115 992 93 24 soient
2230 993 156 31 épargnées
2409 999 15 24 à

1703 1048 41 12 om
1754 1017 30 21 ra
1787 1018 6 41 !
1793 1018 45 21 lCe
1837 1049 17 11 ,-v
1917 1018 85 25 luttes
2020 1020 150 26 intestines
2186 1025 48 27 qui
2255 1029 48 22 ont
2322 1029 24 22 si
2366 1035 45 24 gra-

1685 1075 131 26 diMDav,
1820 1051 13 17 c
2015 1051 30 26 l!i
2067 1052 111 27 dignité
2202 1058 28 22 et
2251 1058 28 25 la
2304 1058 119 27 sécurité

1713 1108 87 27 Après
1820 1109 40 27 les
1881 1114 230 28 remerciements
2134 1120 33 26 de
2190 1120 61 30 Mgr
2271 1123 26 22 le
2317 1122 102 27 vicaire

1684 1141 169 40 capitulaire
1885 1149 60 19 aux
1969 1148 129 24 orateurs
2122 1152 27 22 et
2173 1156 37 19 au
2230 1152 111 26 dévoue
2366 1156 40 25 pré-

1682 1170 94 25 sident
1795 1173 37 25 M.
1851 1174 27 24 la
1898 1178 90 24 comte
2007 1179 34 24 de
2061 1179 98 30 Gibon,
2179 1181 104 27 l'ordre
2301 1185 38 24 du
2359 1187 60 27 jour

1681 1201 138 50 SnLl"'
1824 1207 9 22 1
1843 1235 18 15 ,.
1860 1205 9 24 1
2063 1217 30 18 es
2096 1213 9 22 t
2133 1214 54 24 mis
2217 1221 58 20 aux
2301 1219 66 22 voix
2395 1220 24 22 et

1682 1234 102 26 adopté
1806 1243 18 18 a
1841 1237 9 24 1
1864 1240 169 22 unanimité.

1680 1266 137 48 nr,mTn?,i
1818 1273 6 18 S
1840 1272 43 43 ?'
1886 1269 37 24 Up
1943 1270 15 22 *
1961 1265 5 50 l
1967 1276 19 31 .«
1988 1272 43 25 cte
2031 1265 1 50 '
2033 1277 34 20 ur
2063 1305 9 9 ,
2068 1280 13 19 s
2102 1265 5 50 <
2111 1276 25 24 le
2158 1278 259 27 l'arrondissement

1678 1297 105 46 Kîcli?*
1812 1335 7 8 ,
1886 1331 6 12 ,
1897 1305 26 19 DÎ
1923 1306 8 31 ?
1936 1302 22 24 rt
1962 1307 9 35 }
1994 1307 50 20 sur
2063 1305 8 24 *
2075 1311 14 18 e
2113 1306 106 26 terrain
2241 1311 131 26 national
2391 1315 26 24 et

1678 1325 107 27 faisant
1812 1331 84 27 ao-nel
1919 1339 18 19 a
1962 1333 64 25 tous
2050 1336 41 25 les
2113 1338 146 31 Français,
2285 1345 131 27 croyants

1678 1365 137 45 îoimm.B
1838 1393 14 18 h
1861 1367 30 20 6B
1893 1364 5 46 '
1919 1364 2 46 •
1923 1371 26 18 SP
1948 1398 7 12 ,
1970 1364 116 27 Dlacallt
2107 1375 35 18 0111
2165 1371 103 26 ''«lors
2289 1376 33 24 de
2343 1377 73 22 toute

1689 1422 25 15 ai
1720 1390 27 47 =l
1761 1396 20 41 ?,
1885 1426 6 12 ,
1893 1397 74 25 narU
1991 1403 50 19 s,lr
2062 1400 24 25 10
2107 1402 53 22 len
2161 1390 4 47 '
2167 1403 48 24 aill
2239 1406 131 25 national
2394 1410 22 21 et

1678 1422 105 26 faisant
1811 1426 83 24 apuel
1919 1435 17 15 a
1962 1429 66 26 tous
2053 1430 41 25 les
2119 1431 137 31 Français
2282 1440 135 26 croyants

1676 1459 37 19 ou
1730 1457 176 25 incroyants,
1925 1461 48 22 oui
1991 1462 52 22 ont
2060 1463 26 24 le
2104 1466 156 26 sentiment
2275 1468 34 25 de
2328 1462 77 32 i'hoti-

1706 1522 8 9 T
1714 1491 34 20 ur
1812 1488 34 44 <?e
1869 1491 27 24 la
1918 1491 110 30 iustice.
2052 1495 168 32 s'engagent
2243 1501 17 22 à
2282 1500 120 32 s'organi-

1675 1520 45 41 ser
1743 1522 50 20 sur
1817 1520 27 24 le
1867 1521 107 26 terrain
2001 1525 161 31 naroissial,
2190 1531 143 31 cantonal,
2357 1533 45 25 dio-

1675 1551 97 22 césain
1798 1552 26 22 et
1847 1553 138 26 national,
2011 1561 35 19 en
2074 1558 90 28 union
2190 1566 67 20 avec
2280 1563 28 26 la
2333 1564 67 27 Fédé-

1676 1579 92 25 ration
1791 1581 39 24 du
1852 1586 116 25 senérai
1989 1589 35 25 de
2047 1590 162 30 Castelnau.
2233 1594 58 25 afin
2314 1597 89 26 d'obte-

1670 1616 57 22 sur.
1750 1619 17 19 a
1788 1612 9 24 1
1811 1618 135 21 encontre
1969 1618 38 26 du
2029 1619 130 28 laïcisme
2183 1625 115 27 officiel,
2324 1630 30 22 la
2374 1636 27 18 re-

1671 1645 207 25 connaissance
1905 1648 138 30 intégrale
2069 1652 50 26 des
2144 1655 90 27 droits
2256 1658 40 26 du
2321 1661 84 25 catho

1674 1671 107 28 hnsme
1802 1681 38 20 en
1863 1678 119 26 matière
2007 1684 129 28 scolaire,
2160 1688 141 28 familiale
2326 1691 26 25 et
2373 1698 31 18 so

1669 1807 18 25 C
1702 1795 63 37 <"r'
1785 1819 7 6 -
1793 1780 32 25 ni
1826 1781 74 51 ,iom,
1911 1783 26 35 /S
1964 1780 5 52 i
1976 1786 19 24 C
1998 1780 4 52 '
2030 1799 31 33 ~7
2087 1789 117 27 Sanlf,(U
2230 1793 122 32 dernier,
2380 1799 24 24 le

1822 1812 80 25 donn
1905 1812 21 44 '•
1955 1817 73 25 ''ans
2050 1819 41 26 les
2117 1822 104 25 Salons
2245 1825 37 26 d&
2304 1827 99 28 l'Hôtel

1689 1847 13 50 è
1704 1879 12 18 s
2355 1861 48 54 r

1664 1900 81 60 Sffi
1996 1910 162 32 r6XCellent
2186 1917 84 26 orche
2274 1920 41 25 Str
2316 1930 15 18 0
2360 1923 44 30 qui

1663 1967 125 52 a4%t°
1789 1970 43 25 Cte
1859 1975 11 21 r
1864 2002 34 17 ,H
1894 1972 9 22 r
1909 1967 5 52 '
1917 1977 13 18 R
1955 1974 18 22 f:
1976 1981 26 18 °'
2004 1976 18 22 ll
2030 1996 19 20 u-
2074 1980 90 24 maira
2167 1967 5 52 -
2198 1982 77 25 avait
2296 1984 67 24 ''••nu
2387 1988 17 25 à

1659 2027 48 22 bal
1941 2007 133 28 aereable
2094 2010 92 25 soirée
2211 2014 26 24 et
2261 2017 93 22 ouvrit
2376 2017 27 24 le

1689 2060 77 26 Nous
1793 2067 51 20 ne»
1859 2066 135 26 saurions
2024 2076 100 20 Dasser
2152 2080 69 19 sans
2249 2080 150 24 remercier

1662 2091 40 26 les
1726 2094 146 28 agréables
1893 2102 149 24 serveuses
2065 2104 32 24 de
2119 2106 27 22 la
2167 2106 120 28 buvette.
2313 2112 86 24 Mrnes

1662 2152 111 25 ineriWe
1811 2126 90 26 Ba,lln
1904 2147 6 6 -
1933 2126 15 51 S
1964 2126 15 51 1
1995 2126 124 51 aimables
2140 2137 73 25 dans
2235 2140 63 24 leur

1688 2187 38 24 De
1754 2190 72 25 Dlus.
1856 2197 73 19 nous
1956 2198 124 25 sommes
2106 2197 129 28 heureux
2263 2203 116 27 d'annon-

1659 2222 47 20 cer
1729 2223 54 21 que
1807 2218 59 28 très
1891 2225 244 32 prochainement,;
2159 2230 26 27 le
2210 2232 47 25 C.S
2272 2235 18 22 C
2326 2242 35 19 va

1657 2254 132 22 nouveau
1807 2252 112 28 donner
1937 2262 39 20 un
1996 2259 91 24 grand
2106 2261 45 22 bai

1689 2314 157 32 MUSIQUE
1867 2317 224 30 MUNICIPALE.
2113 2337 30 4 -

1659 2347 25 26 et
1706 2348 107 27 gratuit
1837 2350 132 28 (premier
1990 2353 33 24 de
2046 2353 26 27 la
2094 2355 93 30 série),
2210 2357 77 28 jeudi
2309 2361 28 24 18
2357 2363 26 22 dé-

1659 2379 111 24 cembre
1793 2380 65 30 1924.
1878 2383 37 22 de
1936 2383 28 24 20
1985 2383 27 24 h.
2035 2386 30 25 45
2087 2386 17 24 à
2125 2387 28 26 2i
2174 2388 26 25 h.

1689 2408 8 24 I
1713 2414 161 24 rogramme
1898 2420 6 17 :
1925 2414 20 24 1.
1970 2413 113 33 Voyage
2104 2424 35 18 en
2158 2419 144 28 Provence
2335 2425 48 24 alle-

1656 2445 51 25 gro
1730 2441 33 22 de
1785 2445 123 26 concert,
1932 2445 30 25 A.
1987 2445 116 31 Giraud;
2122 2451 21 22 2.
2171 2451 26 30 n)
2223 2452 35 25 Le
2281 2454 99 28 Crépus-

1658 2471 70 28 cule,
1754 2471 129 32 mélodie,
1909 2476 12 22 J
1957 2477 152 31 Massenet;
2134 2481 26 30 b)
2186 2483 32 24 Al
2222 2489 30 18 ce
2255 2485 40 24 nie
2322 2486 73 30 (air),

1656 2502 71 44 P'ri
1768 2510 14 19 e
1782 2511 15 38 f
2016 2510 96 28 Gluck,
2148 2518 76 25 pour
2249 2520 131 21 mezzo-so-

1654 2537 103 25 prano;
1780 2536 24 24 3.
1831 2536 20 25 L
1864 2536 174 33 Artésienne,
2065 2543 117 28 prélude
2205 2545 34 25 de
2264 2548 30 24 la
2316 2549 60 25 Svm-

1851 2572 30 41 »'
1885 2571 40 22 zet
1930 2571 5 43 '
1961 2571 142 26 orchestre
2127 2572 221 35 symphonique':
2376 2582 17 22 {.

1655 2595 27 30 a)
1713 2595 103 26 Chmts
1846 2600 113 30 Russes,
1990 2604 103 25 extrait
2124 2607 35 24 du
2191 2608 144 31 Concerto,
2365 2613 28 24 E.

1655 2627 78 27 Lalo;
1755 2627 27 32 b)
1805 2627 146 34 Berceuse,
1976 2633 30 25 G.
2029 2634 97 31 Fauré,
2150 2643 74 25 pour
2243 2640 105 30 violon;
2370 2644 14 22 5

1654 2659 20 21 o
1700 2661 44 22 ma
1772 2660 180 33 Charmante,
1977 2665 77 26 valse
2078 2667 84 30 lente,
2190 2670 20 24 G
2369 2675 13 22 fi

1652 2687 131 27 Andanfc
1802 2694 27 22 et
1848 2693 159 31 Polonaise,
2030 2699 28 22 P.
2081 2699 148 30 Rougnon,
2248 2701 54 26 trio
2321 2709 72 22 pour

1654 2721 103 28 violon,
1785 2725 148 26 clarinette
1958 2728 26 24 et
2011 2731 96 28 piano;
2135 2732 19 22 7.
2185 2732 37 25 La
2252 2734 65 24 voir
2342 2737 48 25 (tes

1652 2754 124 30 tiocnes,
1804 2756 115 28 rêverie,
1945 2758 28 25 A.
2000 2758 122 32 Luigini,
2151 2764 141 26 orchestre
2319 2772 56 19 svm-

1649 2784 152 31 phonique;
1822 2787 22 24 8.
1870 2789 132 27 Doccace.
2026 2791 106 28 allegro
2156 2799 48 20 sur
2224 2796 40 26 les
2288 2797 98 27 motifs

1651 2815 31 24 de
1689 2815 5 39 •
1703 2816 9 22 1
1726 2816 248 34 Opera-Comique,
1997 2823 27 25 F.
2049 2823 96 31 Suppé

1671 3100 143 47 D'UN
1843 3105 155 50 JOUR
2029 3109 37 43 A
2100 3110 244 45 L'AUTRE

1861 3183 74 25 Pour
1956 3187 40 24 les
2021 3187 145 30 Pompiers

1670 3229 43 25 Un
1729 3230 107 27 lecteur
1854 3233 34 25 de
1906 3234 19 25 1'
1943 3233 191 27 Ouest-Eclair
2151 3239 57 24 m'a
2225 3239 70 26 écrit
2314 3247 7 19 :

1755 3276 154 32 Monsieur.

1669 3306 13 22 J
1695 3307 130 26 assistais
1846 3311 137 25 vendredi
2006 3318 58 19 aux
2086 3313 138 28 obsèques
2244 3313 70 26 d'un
2336 3320 26 19 ca-

1638 3338 198 28 poral-sapeur
1860 3339 32 26 de
1913 3344 30 22 la
1963 3343 177 28 Compagnie
2159 3345 48 24 des
2231 3345 144 30 Pompiers

1632 3367 37 24 de
1694 3367 164 31 Cherbourg
1883 3372 26 25 et
1931 3372 130 30 pendant
2086 3374 28 25 la
2140 3377 159 26 cérémonie
2324 3377 48 30 qui

1635 3399 133 28 groupait
1788 3402 64 26 tous
1873 3402 41 26 les
1937 3404 139 26 membres
2095 3405 37 25 de
2153 3407 30 25 la
2200 3406 175 31 Compagnie)

1631 3430 107 26 autour
1762 3430 41 26 du
1831 3433 122 26 cercueil
1982 3435 34 24 do
2044 3436 63 27 leur
2133 3438 123 27 regretté
2284 3443 72 20 cama-

1633 3461 76 27 rade,
1744 3462 46 26 j'ai
1822 3469 34 20 eu
1886 3463 155 27 l'occasion
2067 3468 35 25 de
2134 3469 72 24 faire
2237 3470 136 28 quelques

1631 3491 210 27 constatations
1861 3500 54 24 que
1936 3496 28 28 je
1984 3501 71 20 vous
2075 3498 71 25 livre
2167 3508 6 13 :

1661 3521 52 25 Les
1747 3523 146 30 Pompiers
1931 3527 33 25 de
2000 3527 174 30 Cherbourg,
2211 3530 99 30 depuis
2344 3531 26 26 la

1631 3557 102 22 guerre
1755 3554 71 25 dont
1847 3555 43 25 les
1912 3556 103 26 débuts
2041 3560 40 25 les
2106 3560 208 28 dépouillèrent
2337 3562 34 26 de

1631 3583 77 24 leurs
1734 3586 149 28 costumes,
1909 3588 80 24 n'ont,
2010 3589 106 28 jamais
2140 3593 119 26 possédé
2282 3594 74 25 d'uni-

1631 3613 92 26 forme
1747 3620 38 19 au
1807 3621 66 19 sens
1896 3619 58 24 réel
1977 3620 26 24 et
2026 3620 102 25 absolu
2148 3622 40 24 du
2212 3625 66 21 mot.
2304 3625 66 24 c'est

1631 3645 73 24 ainsi
1729 3651 63 24 que,
1818 3646 145 32 vendredi,
1987 3651 143 27 plusieurs
2154 3653 143 27 portaient
2322 3654 48 25 des

1630 3676 171 27 chaussures
1821 3678 9 27 j
1837 3684 89 20 aimes
1946 3683 28 21 et
1995 3681 41 24 les
2060 3684 96 24 autres
2174 3684 52 25 des
2246 3685 122 25 souliers

1630 3710 79 21 noirs
1724 3709 5 33 ;
1748 3713 56 22 que
1822 3709 43 25 les
1881 3716 122 24 sapeurs
2024 3712 106 25 étaient
2148 3715 83 25 vêtus
2250 3717 34 24 de
2302 3717 67 25 trois

1628 3736 90 26 sortes
1741 3738 34 24 de
1799 3739 142 26 costumes
1964 3743 28 25 et
2015 3748 54 22 que
2094 3750 51 19 sur
2166 3748 100 25 quatre
2289 3754 61 19 sous-

1626 3768 129 26 offlciens.
1767 3774 35 19 on
1817 3772 117 25 pouvait
1950 3776 165 26 remarquer
2130 3775 51 26 des
2198 3775 168 30 différences

1630 3797 215 28 d'habillement
1873 3801 57 26 très
1957 3803 187 31 frappantes..

1654 3828 32 24 .Te
1703 3834 46 20 me
1768 3830 61 25 suis
1848 3833 124 26 informé
1993 3835 27 25 et
2039 3835 50 27 j'ai
2109 3842 50 19 cru
2178 3840 187 27 comprendre

1628 3863 37 27 qu
1677 3865 69 20 avec
1763 3861 77 25 leurs
1857 3862 30 24 15
1900 3862 97 26 francs
2015 3866 185 27 d'indemnité
2217 3870 35 22 de
2267 3870 85 26 chaus-

1626 3894 90 25 sures,
1735 3895 53 21 nos
1805 3898 120 22 sapeurs
1943 3900 35 19 ne
1997 3896 155 28 pouvaient
2166 3906 54 20 ipar
2238 3902 129 27 exemple

1625 3921 110 25 obtenir
1755 3927 56 20 une
1834 3933 9 12 «
1866 3925 167 27 uniformité
2053 3937 11 12 >
2085 3930 130 26 parfaite.
2238 3931 107 26 Evidem-

1625 3953 78 22 ment
1720 3952 43 25 les
1778 3958 122 24 sapeurs
1918 3957 27 24 et
1964 3958 77 25 leurs
2060 3959 79 25 chefs
2176 3963 50 21 ont
2243 3963 65 25 bien
2327 3964 38 25 dû

1625 3984 116 24 insister
1759 3984 104 28 auprès
1880 3985 35 25 de
1935 3985 30 25 la
1983 3990 196 27 municipalité
2199 3997 74 22 pour
2291 3994 57 24 obte-

1624 4017 47 19 nir
1697 4013 11 22 1
1717 4015 171 26 attribution
1917 4017 34 25 de
1980 4020 115 25 vestons
2121 4022 35 25 de
2186 4023 60 25 cuir
2275 4025 27 24 et
2329 4025 33 25 do

1623 4044 99 27 bottes,
1742 4045 74 24 mais
1833 4046 78 25 leurs
1929 4048 157 28 demandes
2107 4054 48 22 ont
2176 4055 38 22 dû
2232 4055 58 25 être
2309 4056 40 27 pri-

1611 4075 1 39 |
1620 4075 77 22 mées
1724 4080 52 22 par
1802 4075 19 25 d
1832 4077 98 25 autres
1957 4080 138 26 réformes
2121 4082 150 31 beaucoup
2297 4087 65 27 plus

1620 4106 187 26 importantes
1837 4108 26 24 et
1886 4108 43 26 les
1956 4109 146 31 Pompiers
2131 4114 146 26 attendent
2302 4119 44 22 tou-

1620 4135 109 26 jours...
1754 4137 21 22 Il
1800 4139 41 22 est
1861 4140 93 25 même
1972 4142 137 26 probable
2131 4146 72 26 qu'is
2224 4148 136 25 pourront

1619 4166 27 22 et
1667 4166 120 27 devront
1812 4168 128 27 attendre
1962 4170 163 31 longtemps
2148 4180 129 22 encore...

1650 4196 35 22 Ne
1710 4202 189 25 pensez-vous
1923 4206 53 25 pas
1998 4208 54 22 que
2079 4206 40 24 les
2144 4206 196 28 Sapeurs-Pom-

1618 4231 76 22 piers
1717 4227 58 31 qui.
1798 4232 113 26 jamais,
1938 4238 34 19 ne
1997 4235 210 25 marchandent
2231 4238 61 26 leur
2316 4240 28 24 dé-

1618 4260 159 25 vouement,
1805 4261 48 26 qui
1878 4261 131 28 toujours
2030 4267 67 22 sont
2120 4267 78 28 prêts
2223 4269 17 22 à
2264 4271 94 24 courir

1617 4291 38 19 au
1681 4293 115 20 secours
1825 4291 33 25 de
1885 4292 79 25 leurs
1990 4297 191 28 concitovens,
2212 4298 50 30 qui
2289 4302 66 24 vont

1616 4323 87 25 jusqu
1715 4320 17 22 à
1755 4326 30 19 se
1805 4322 74 26 faire
1899 4324 63 25 tuer
1985 4330 72 22 pour
2080 4331 54 21 eux
2206 4330 149 30 l'exemple

1615 4350 37 22 de
1670 4350 64 25 Blin
1755 4351 43 24 est.
1818 4357 102 20 encore
1938 4354 74 28 dans
2030 4357 93 25 toutes
2143 4358 41 27 les
2204 4361 151 26 mémoires

1631 4382 5 39 •
1661 4385 19 18 «
1683 4385 14 18 e
1698 4384 34 33 Yr
1734 4384 14 18 a
1754 4382 56 39 '?nt
1832 4383 58 25 être
1910 4384 97 26 mieux
2028 4385 98 27 traités
2147 4395 53 21 par
2218 4391 28 22 la
2264 4394 72 22 muni-

1613 4411 115 27 cipalité
1744 4414 27 21 et
1787 4414 69 26 qu'il
1873 4416 40 22 est
1926 4421 58 25 peu
2002 4416 33 25 de
2053 4420 126 25 citoyens
2194 4421 50 28 qui
2261 4422 91 26 soient

1612 4442 65 27 plus
1715 4442 99 31 dignes
1853 4444 104 28 qu'eux
1997 4448 50 25 des
2085 4450 142 27 largesses
2264 4454 73 25 nubli-

1613 4475 70 20 ques
1695 4473 39 22 ?...
1759 4483 9 11 »

1643 4500 39 25 La
1700 4508 106 22 preuve
1826 4509 54 24 que
1899 4507 28 28 je
1948 4511 117 26 partage
2086 4512 59 25 tout
2165 4513 18 24 fi
2203 4511 53 26 fait
2275 4514 60 28 l'opi-

1612 4537 70 19 nion
1710 4534 34 22 de
1776 4541 66 19 mou
1876 4540 234 28 correspondait,
2139 4543 71 26 c'est
2241 4550 54 21 que
2324 4545 22 24 le

1612 4567 60 21 prie
1693 4564 13 37 l
1719 4564 14 37 1
1746 4564 162 37 Ouest-Eclair
1928 4569 34 25 de
1984 4570 112 27 publier
2113 4578 35 19 sa
2169 4574 81 24 lettre
2270 4577 27 22 et
2315 4576 32 25 de

1611 4594 72 22 taire
1707 4597 146 25 connaître
1874 4598 17 24 à
1910 4599 51 28 qui
1981 4600 34 24 de
2034 4602 78 26 droit
2131 4609 46 19 ses
2199 4605 148 26 doléances

1610 4626 169 27 auxquelles
1799 4628 170 26 6'associeTa
1993 4630 206 28 certainement
2220 4636 78 25 toute
2321 4636 26 27 la

1610 4655 167 28 population
1802 4656 248 32 Cherbourgeotse.

1630 4684 28 33 A
1682 4685 28 27 l»
1730 4684 99 31 vérité,
1851 4687 30 28 je
1902 4693 37 20 ne
1961 4688 196 28 m'illusionne
2178 4698 52 25 pas
2252 4700 50 21 sur
2323 4695 24 25 le

1610 4715 118 24 résultat
1748 4721 18 18 a
1787 4715 117 31 espérer
1928 4726 7 19 ;
1956 4724 38 18 011
2016 4722 145 25 comblera
2184 4729 103 19 encore
2308 4726 39 25 les

1607 4748 145 25 pompiers
1782 4746 124 30 d'éloges
1938 4750 64 22 cent
2031 4752 54 22 fois
2115 4753 115 25 mérités
2261 4756 26 22 et,
2315 4756 32 24 de

1607 4775 200 27 compliments
1832 4778 57 24 très
1910 4779 171 28 au-dessous
2105 4783 34 24 de
2165 4783 77 26 leurs
2265 4785 66 26 méri-

1606 4804 43 24 tes
1672 4812 6 18 ;
1703 4811 35 18 011
1761 4806 43 24 les
1825 4808 148 30 appellera
1996 4811 41 25 les
2060 4812 107 25 soldats
2191 4817 26 22 et
2238 4817 41 22 les
2302 4817 31 24 dé-

1605 4835 132 25 fenseurs
1755 4837 35 24 de
1809 4837 27 26 la
1853 4837 56 26 cité
1930 4835 5 35 ;
1955 4846 37 19 on
2009 4840 64 26 leur
2091 4844 124 26 confiera
2236 4846 27 22 la
2281 4846 50 25 mis-

1605 4869 63 19 sion
1684 4864 181 34 honorifique
1880 4870 34 25 de
1930 4872 112 22 monter
2060 4873 27 25 la
2106 4876 94 27 garde,
2217 4876 129 30 pendant

1605 4894 27 22 la
1654 4894 100 25 veulee
1778 4897 119 25 funèbre
1917 4900 163 31 prochaine,
2105 4905 104 25 autour
2230 4907 37 24 du
2288 4913 38 19 mo-

1604 4926 118 22 nument
1737 4932 59 20 aux
1813 4929 89 26 morts
1918 4930 33 25 de
1968 4931 164 33 Cherbourg
2148 4943 6 20 ;
2171 4937 81 26 mais,
2272 4943 72 21 pour

1604 4954 26 24 le
1649 4956 124 30 surplus,
1791 4957 37 25 jla
1845 4958 120 27 devront
1982 4962 157 26 attendre...
2159 4967 26 22 et
2204 4972 130 22 repasser

1632 4985 45 25 Or,
1704 4987 24 22 si
1754 4987 40 25 Jes
1819 4993 282 30 sapeurs-pompiers,
2131 4997 45 28 qui
2204 5001 66 21 sont,
2291 4998 51 24 des

1603 5014 129 25 hommes
1754 5023 109 20 comme
1885 5020 132 31 d'autres,
2042 5024 142 27 préfèrent
2206 5027 40 25 les
2269 5034 54 19 com-

1602 5046 135 26 pliments
1755 5054 57 18 aux
1831 5049 117 30 injures,
1968 5052 34 24 ils
2021 5054 170 26 aimeraient
2206 5065 53 18 nar
2276 5065 48 18 con-

1604 5079 39 19 ire
1668 5076 146 31 beaucoup
1841 5080 96 24 mieux
1965 5085 126 24 recevoir
2117 5091 38 20 un
2179 5082 98 31 ve'ston
2307 5089 33 22 de

1602 5108 61 21 cuir
1682 5107 26 22 et
1726 5112 54 20 une
1800 5109 92 25 bonne
1910 5111 80 30 paire
2009 5113 33 24 de
2062 5115 97 27 bottes,
2181 5117 105 28 qu'une
2306 5119 34 24 de

1600 5139 46 19 ces
1663 5137 86 24 belles
1768 5138 130 25 périodes
1917 5143 137 26 oratoires
2073 5146 67 22 dont
2158 5152 34 19 on
2213 5153 30 19 se
2262 5154 58 19 mon-

1600 5167 40 21 tre
1662 5171 119 21 souvent
1799 5169 138 32 prodigue
1957 5172 19 24 A
1994 5173 60 25 leur
2075 5176 93 28 égard.

1598 5194 35 45 riJ
1651 5225 17 14 k
1662 5202 28 19 IX
1708 5202 39 19 au
1741 5228 6 6 ,
1749 5198 38 24 ssi
1839 5200 97 26 vivent
1958 5202 33 26 de
2013 5204 93 26 bonne
2126 5212 86 22 soupe
2233 5211 26 22 et
2280 5216 57 19 non

1598 5224 34 24 de
1650 5225 72 26 beau
1741 5228 123 31 langage
1881 5241 20 14 ».
2171 5238 30 21 E.
2219 5239 27 20 C

1625 5294 145 26 SOCIETE
1795 5298 44 24 DE
1861 5298 250 33 GYMNASTIQUE
2133 5307 38 24 I.A
2194 5306 116 28 JEUNES-

1596 5326 40 24 SE
1654 5327 324 44 cujnmvnar.oiSE.
1995 5347 17 5 _
2039 5335 19 22 l
2060 5341 14 18 c
2093 5337 105 25 comité
2215 5346 15 18 a
2244 5339 69 26 rhon-

1596 5362 72 18 ncur
1682 5359 18 24 d
1715 5359 137 25 informer
1869 5368 45 18 ses
1931 5365 142 26 membres
2089 5360 168 35 honoraires
2274 5370 43 24 ain-

1594 5393 22 19 si
1639 5394 54 20 que
1715 5391 25 24 lc
1765 5392 93 28 public
1879 5392 221 32 cherbourgeois
2120 5404 54 24 que
2207 5402 73 24 dans
2303 5402 26 24 la

1594 5419 130 26 dernière
1752 5422 130 30 réunion,
1915 5426 20 24 il
1965 5433 17 18 a
2014 5427 97 26 décidé
2144 5431 33 25 de
2207 5431 122 25 clôturer

1594 5457 6 17 1
1616 5452 91 24 année
1728 5453 58 24 1924
1806 5463 52 24 par
1880 5461 39 19 un
1941 5463 27 22 g;
1976 5460 56 22 and
2053 5463 112 22 concert
2189 5464 47 27 qui
2258 5469 71 19 aura

1596 5489 53 19 ueu
1667 5489 35 19 an
1721 5485 107 26 théâtre
1845 5486 34 25 de
1897 5489 102 25 l'Aima
2015 5491 27 24 le
2059 5493 26 24 31
2101 5493 149 27 décembre
2265 5502 64 19 sous

1591 5515 30 26 la
1651 5515 168 31 présidence
1846 5518 163 28 d'honneur
2036 5522 35 25 de
2104 5523 37 24 M.
2171 5525 24 21 J.
2226 5524 102 22 Hamel

2473 203 1 43 [
2484 203 229 35 (constructeur),
2741 208 20 24 a
2786 209 72 24 cette
2884 213 109 28 grande
3019 214 99 31 sqijâû,
3146 221 71 21 nous

2483 233 129 30 pouvons
2624 234 52 30 4ss
2692 239 183 26 maintenant
2888 231 116 35 assuife
3015 240 107 35 qiiïuïïè
3136 243 54 32 &m-

2473 263 1 41 -|
2480 265 35 24 de
2536 266 125 25 tombola
2681 269 124 30 gratuite
2824 276 64 19 sera
2909 273 100 27 offerte
3030 276 18 25 à
3065 279 92 26 toutes
3176 280 41 25 les

2480 301 158 25 personnes
2656 301 136 25 assistant
2812 308 15 18 a
2849 306 71 25 cette
2937 306 65 26 fête.

2510 328 73 25 Nous
2606 330 164 30 donnerons
2791 334 40 26 les»
2850 337 104 26 «iétails
2979 340 37 25 du
3035 346 181 24 programme

2480 358 71 28 dare
2571 366 39 20 un
2630 365 142 28 prochain
2794 366 129 27 numéro.

2477 452 83 44 AU
2595 456 253 47 CONSEIL
2881 464 331 48 MUNICIPAL

2512 543 35 25 Le
2575 546 104 27 Conseil
2708 549 157 33 Municipal,
2897 557 137 27 convoqué
3066 560 141 25 d'urirencé

2478 578 67 25 pour
2567 576 91 31 régler
2679 581 131 27 certaines
2830 585 141 30 questions
2992 589 128 27 urgentes
3149 592 58 25 s'est

2473 607 145 48 Vami-îiH
2653 611 54 24 SOlr
2709 596 4 59 -
2738 613 20 22 11
2780 620 13 18 s
2797 613 6 6 '
2804 619 30 19 es
2837 614 8 24 '
2867 621 66 19 occ,l
2936 622 15 24 P
2955 618 14 22 é
2991 621 165 26 notamment
3171 596 35 56 lie

2478 635 5 45 1
2496 638 158 30 acquisition
2674 647 35 19 ou
2735 645 30 22 de
2789 645 25 24 la
2836 646 112 27 location
2970 648 38 25 du
3028 652 91 28 jardin
3139 656 54 24 colo-

2616 671 78 32 letfuf
2708 671 5 45 .
2735 680 32 19 on
2792 677 21 24 le
2836 678 59 27 sait,
2916 679 25 25 la
2962 679 61 26 ville
3045 689 26 18 se
3096 690 111 26 propose

2472 699 25 45 t
2520 731 105 20 pnn»pli
2739 712 43 39 lit*
2794 706 136 33 (hWtique.
2952 712 84 28 Après
3057 713 150 27 discussion

2473 735 24 19 ic
2520 732 105 24 Conseil
2646 742 19 18 -a
2804 745 28 19 ce
2856 745 45 24 qui
2924 741 56 25 suit
3008 750 6 17 :

2510 771 13 12 «
2549 763 39 22 La
2609 763 70 25 Ville
2701 771 34 19 va
2760 769 128 27 adresser
2911 777 53 20 aux
2988 774 144 30 Domaines
3156 784 51 19 une

2471 797 87 47 cation'
2623 796 31 22 °'
2654 797 7 21 f
2661 797 8 22 '
2673 802 33 19 cit
2706 797 25 24 '"
2734 804 12 18 c
2751 815 6 8 '
2778 804 13 19 s
2794 806 14 19 o
2812 796 5 48 ;
2820 802 9 22 t
2852 803 32 24 de
2908 803 111 28 cession,
3043 808 51 24 soit
3116 810 30 25 de
3169 810 38 24 lo-

2507 862 11 12 «
2541 855 37 22 En
2601 862 45 19 cas
2667 860 32 21 do
2719 862 112 25 cession,
2854 863 39 25 les
2914 865 59 30 pris
2993 868 96 24 offerls
3110 875 50 22 par
3180 872 19 24 la

2467 886 63 22 ville
2556 891 117 28 sora;epit.
2699 889 39 25 les
2761 892 123 30 suivants
2917 901 6 18 :
2950 896 74 26 Pour
3051 901 25 21 la
3104 901 94 25 '.otalité

2469 915 35 25 du
2533 917 107 27 terrain.
2667 921 90 26 80.000
2784 922 92 27 francs
2910 934 6 20 ;
2947 932 67 25 pour
3041 937 51 19 une
3118 934 60 25 part
3190 939 8 18 e

2467 947 158 30 seulement,
2647 952 91 22 60.000
2760 953 100 24 francs.
3117 941 45 20 pu
3171 941 27 15 ne

2535 978 4 47 ,
2539 978 18 25 E
2662 981 33 26 de
2714 984 128 32 'locatipn,
2862 992 69 24 pour
2949 993 53 20 une
3022 992 85 24 durée'
3125 993 58 25 mini-

2467 1013 73 20 mum
2563 1012 32 24 de
2617 1011 31 25 50
2672 1013 106 28 années,
2799 1017 38 22 les
2857 1018 59 28 prix
2939 1020 115 25 seraient
3073 1025 34 22 de
3129 1024 69 24 5.0041

2466 1039 92 25 francs
2582 1048 71 24 pour
2676 1045 154 25 l'ensemble
2855 1050 37 21 du
2914 1050 91 28 jardin
3027 1054 25 24 et
3076 1055 32 22 de
3128 1055 70 25 3.500

2456 1068 1 43 J
2464 1076 70 25 pour
2555 1077 51 22 une
2627 1075 103 28 portion
2751 1077 157 26 seulement.
2930 1090 11 11 »

2497 1102 35 25 Le
2558 1103 115 27 Conseil,
2719 1113 48 18 sur
2793 1109 25 26 lu
2845 1110 132 27 demande
3006 1115 32 25 de
3067 1115 130 27 l'autorité

2464 1135 183 30 académique,
2663 1142 15 17 a
2693 1140 66 24 émis
2777 1144 34 19 un
2829 1146 59 19 vœu
2904 1142 141 26 favorable
3061 1146 15 22 à
3094 1148 25 22 la
3135 1154 47 20 sup-

2464 1166 120 27 pression
2611 1165 64 26 d'un
2699 1168 76 28 poste
2797 1170 189 28 d'institutrice
3009 1176 15 22 à
3048 1175 90 26 l'école
3164 1180 33 22 du

2463 1200 60 19 auai
2549 1196 33 24 de
2608 1198 144 31 l'Entrepôt
2777 1202 27 25 e;
2826 1202 65 25 d'un
2916 1206 74 27 poste
3015 1206 182 28 d'instituteur

2461 1227 132 34 a.leco'le
2620 1228 32 24 de
2676 1230 8 24 1
2695 1234 102 24 avenue
2820 1235 100 24 Carnot
2946 1237 26 25 et
2992 1238 64 24 d'un
3080 1240 78 25 autpc
3182 1241 15 24 à

2463 1258 90 24 lecole
2581 1260 32 22 de
2637 1260 26 22 la
2692 1266 47 19 rue
2766 1269 52 19 aux
2848 1265 66 26 Blés.
2959 1267 53 24 Par
3037 1271 99 25 contre,
3162 1278 34 18 on

2460 1291 115 22 créerait
2593 1296 37 18 un
2654 1292 74 27 poste
2751 1293 189 28 d'instituirice
2960 1304 56 18 aux
3037 1299 86 26 écoles
3143 1303 41 22 sui-

2458 1320 97 22 vantes
2585 1326 7 19 :
2617 1328 50 19 rue
2693 1325 32 24 de
2751 1324 104 31 l'Aima,
2880 1332 47 19 rue
2953 1329 66 25 NoSl
3040 1331 27 25 et
3092 1338 103 19 avenue

2459 1351 105 21 Carnot.

2999 1390 27 27 (.1
3044 1394 110 27 Suivre.)

2526 1472 45 38 LE
2595 1474 241 40 CHAUFFAGE
2857 1479 53 38 DU
2935 1480 182 39 THEATRE

2479 1579 37 24 ï-e
2537 1581 71 30 petit
2630 1583 141 25 entrefilet
2790 1586 138 25 consacré
2949 1586 63 27 hier
3032 1594 38 19 au
3091 1589 81 25 chatifT-

2452 1613 65 26 rage
2541 1611 170 27 défectueux
2733 1615 39 24 du
2799 1616 106 26 théâtre
2928 1624 72 19 noiu?
3026 1626 18 19 a
3066 1620 70 25 valu
3159 1620 24 24 la

2451 1641 79 25 lettre
2556 1644 130 25 suivante
2711 1645 34 24 de
2767 1645 28 26 M
2828 1646 139 31 Payerne,
2988 1651 144 25 directeur
3151 1651 32 25 de

2450 1675 80 22 notre
2545 1672 84 26 scène
2646 1676 176 25 municipale
2843 1672 5 28 :

2595 1730 11 13 «
2624 1721 71 26 Cher
2714 1722 152 31 Monsieur,

2477 1773 9 13 «
2504 1766 32 22 Je
2552 1766 37 22 lis
2607 1766 72 25 dans
2696 1766 19 26 Y
2719 1767 195 27 Ouest-Eclair
2930 1772 79 25 voire
3028 1772 100 27 article
3148 1779 33 19 au

2445 1798 76 25 sujet
2538 1796 38 24 du
2595 1795 151 31 chauffage
2766 1799 38 25 du
2820 1799 118 27 théâtre.
2957 1802 52 24 Les
3026 1808 155 25 personnes

2445 1830 58 19 non
2523 1827 123 24 averties
2663 1831 167 27 pourraient
2850 1832 59 25 être
2928 1833 131 26 amenées
3079 1835 17 22 à
3117 1834 52 28 reje-

2445 1858 43 22 ter
2503 1858 27 25 la
2545 1859 78 25 faute
2640 1865 48 19 sur
2704 1860 25 24 le
2744 1861 150 25 directeur.
2911 1864 32 25 Je
2955 1870 72 20 vous
3043 1866 138 26 demande

2445 1886 34 24 de
2499 1889 112 24 vouloir
2630 1890 65 26 bien
2717 1891 110 26 insérer
2845 1899 46 19 nia
2911 1897 195 28 protestation.

2474 1928 11 12 «
2504 1918 35 25 I<e
2556 1919 151 33 chauffage
2724 1923 40 24 du
2780 1923 110 26 théâtre
2908 1928 41 21 est
2968 1930 100 22 assuré
3086 1933 52 25 par
3154 1930 27 24 la

2443 1950 69 25 ville
2533 1954 26 22 et
2582 1952 17 22 à
2619 1957 44 20 ses
2686 1954 71 25 frais
2790 1956 34 24 Le
2844 1956 150 32 concierge
3015 1963 41 20 est
3078 1959 103 28 chargé

2444 1981 47 24 des
2516 1982 67 24 feux
2606 1982 52 26 des
2681 1983 76 25 deux
2783 1987 165 26 calorifères
2974 1990 26 21 et
3021 1988 144 31 s'acquitte-

2443 2013 56 24 rait
2520 2014 203 30 parfaitement
2748 2016 34 24 de
2803 2023 34 20 sa
2857 2019 81 24 tâche
2961 2021 45 22 s'il
3028 2027 35 19 ne
3086 2021 94 25 devait

2441 2042 181 33 obtempérer
2642 2053 57 18 aux
2721 2047 98 26 ordres
2843 2048 17 25 à
2882 2050 40 25 lui
2943 2050 89 25 dictés
3056 2057 52 22 par
3129 2056 50 19 son

2441 2073 65 26 chef
2530 2075 150 25 immédiat
2706 2073 5 38 :
2733 2079 37 24 M.
2797 2080 184 26 l'Architecte
3002 2082 104 28 chargé
3130 2085 50 22 des

2439 2105 124 27 services
2583 2106 34 26 de
2635 2108 102 25 voirie,
2757 2114 61 19 gaz,
2841 2117 61 17 eau,
2923 2112 119 21 théâtre.

2470 2145 11 14 «
2496 2137 119 33 D'après
2633 2144 28 18 ce
2680 2139 117 24 dernier
2823 2146 35 18 un
2876 2144 61 22 seul
2953 2144 151 25 calorifère
3118 2145 57 26 doit

2439 2166 59 25 Être
2517 2174 35 19 en
2572 2170 104 26 action.
2698 2171 41 24 On
2763 2171 106 26 allume
2890 2173 26 22 le
2936 2176 105 22 second
3064 2179 38 19 un
3123 2180 52 24 peu

2439 2200 87 22 avant
2539 2200 30 24 la
2582 2199 228 31 représentation
2837 2203 45 27 Or,
2897 2205 30 25 la
2942 2204 96 25 fumée
3052 2205 107 28 s'éehap-

2438 2232 70 28 pant
2525 2236 53 25 par
2595 2231 43 25 lee
2654 2232 126 25 bouches
2799 2235 89 22 avant
2908 2236 26 24 le
2950 2235 224 27 réchauffement

2438 2262 33 25 de
2487 2262 27 22 la
2532 2262 122 25 colonne
2669 2263 81 27 d'air,
2769 2263 17 22 il
2805 2264 60 25 faut
2882 2264 100 25 ouvrir
2996 2268 41 25 les
3054 2268 120 24 fenêtres

2437 2295 73 20 pour
2524 2291 117 24 chasser
2657 2294 71 21 cette
2746 2294 105 21 fumée/

2500 2324 39 24 De
2562 2323 73 31 plus,
2661 2326 26 25 le
2711 2326 149 31 concierge
2884 2327 151 26 chauffeur
3057 2335 34 18 ne
3112 2329 59 24 doit

2434 2360 51 25 pas
2513 2355 148 31 employer
2688 2355 64 31 plus
2779 2356 34 24 de
2891 2363 63 20 sacs
2983 2360 32 25 de
3044 2361 69 24 coke
3138 2366 33 18 en

2427 2382 1 34 !
2434 2386 27 25 14
2486 2386 83 28 jours
2595 2393 72 24 pour
2695 2387 39 25 les
2761 2388 74 25 deux
2863 2389 133 26 brasiers.
3026 2391 145 25 Comment

2432 2418 183 24 voulez-vous
2629 2422 53 26 que
2696 2418 26 25 le
2738 2419 118 27 théâtre,
2871 2422 26 22 et
2911 2421 112 25 surtout
3037 2425 30 22 la
3079 2425 92 26 scene,

2432 2447 92 25 soient
2550 2448 137 27 chauffés,
2719 2451 21 24 il
2771 2451 164 26 semblerait
2966 2452 113 28 naturel
3107 2458 64 24 que,

2432 2479 126 30 pendant
2590 2477 40 26 les
2661 2480 98 30 froids,
2791 2481 40 24 les
2863 2483 167 25 calorifères
3059 2484 112 26 fussent

2431 2510 164 26 maintenus
2623 2511 131 30 allumés,
2785 2513 128 25 d'autant
2940 2516 65 30 plus
3032 2520 53 22 que
3115 2516 56 24 l'on

2431 2541 52 22 fait
2509 2543 47 25 des
2583 2543 169 27 répétitions
2777 2543 193 30 journalières
2995 2549 25 21 et
3047 2552 54 22 que
3129 2546 40 22 les

2430 2571 113 26 artistes
2562 2575 65 24 sont
2648 2574 89 28 sujets
2757 2580 35 19 au
2816 2575 74 25 froid
2910 2581 109 20 comme
3040 2578 43 22 les
3104 2577 50 24 sim-

2428 2602 60 24 ples
2515 2604 125 21 mortels.

2458 2643 11 12 <t
2491 2633 51 26 J'ai
2564 2634 163 26 moi-même
2750 2637 131 28 présenté
2902 2643 56 18 une
2978 2639 185 26 réclamation

2427 2665 17 25 à
2461 2666 28 24 la
2510 2666 206 31 municipalité.
2731 2667 32 24 Je
2779 2667 61 26 suis
2856 2668 144 31 .persuadé
3015 2675 54 24 que
3085 2672 35 24 M.
3141 2672 22 24 le

2426 2694 98 30 Maire,
2551 2699 56 22 nnii
2635 2699 38 22 du
2698 2698 118 28 théâtre,
2842 2699 125 25 donnera
2992 2702 51 24 des
3067 2700 96 25 ordres

2426 2726 176 25 nécessaires
2628 2735 72 24 pour
2726 2731 26 22 la.
2778 2731 109 27 grande
2913 2731 181 26 satisfaction
3116 2732 47 24 des

2425 2758 131 24 habitués
2574 2760 24 21 et
2616 2760 52 21 des
2686 2759 122 22 artistes.

2453 2798 11 12 «
2489 2790 133 27 Recevez,
2647 2790 67 26 cher
2739 2790 154 28 Monsieur,
2920 2798 60 21 jïies
3006 2793 151 25 courtoises

2424 2818 178 22 salutations.

2761 2862 11 12 «
2792 2852 86 25 Signé
2898 2863 8 14 :
2923 2856 21 21 J.
2968 2856 129 21 Payerne.
3119 2864 9 12 •

2448 2898 77 27 Kûus
2549 2907 123 19 sommes
2695 2901 58 25 très
2776 2902 129 26 heureux
2927 2902 111 27 d'avoir
3060 2908 81 25 provo-

2421 2930 64 30 qué,
2506 2936 54 25 par
2581 2933 81 26 notre
2681 2933 98 28 petit-*j
2802 2934 66 22 note
2890 2934 98 26 d'hier,
3009 2934 41 26 les
3073 2934 71 32 expli-

2420 2961 110 25 cations
2549 2962 34 25 de
2598 2962 37 25 M.
2655 2963 26 24 le
2691 2960 155 28 'Direc.eur
2864 2965 38 22 du
2920 2956 130 34 Théâtre,
3067 2966 76 22 Celui-

2419 2993 34 27 ei,
2477 2999 35 19 en
2537 2993 73 26 effet,
2636 3001 17 18 a
2678 2994 99 25 raison
2799 2998 35 21 de.
2856 2994 106 33 rejeter
2980 3001 52 18 sur
3053 2996 26 22 le
3103 3002 41 18 ser-

2419 3022 60 26 vice
2504 3025 162 32 municipal
2694 3025 162 32 compétent,
2883 3026 27 25 la.
2935 3026 222 32 responsabilité

2418 3057 48 27 qui
2486 3056 131 26 incombe
2641 3057 18 25 à
2676 3057 41 24 lui
2740 3057 76 25 seul..
2831 3057 167 26 Désormais
3017 3058 43 25 ies
3080 3063 61 25 spec-

2417 3086 109 25 tateurs
2548 3085 85 31 pelés,
2657 3087 229 30 congestionnés,
2914 3094 35 19 ou
2973 3089 183 30 simplement

2417 3117 162 28 enrhumés,
2603 3119 120 24 sauront
2744 3118 17 24 à
2784 3119 48 28 qui
2857 3119 59 24 s'en
2939 3118 123 31 prendre
3080 3123 25 21 si
3130 3119 25 24 le

2415 3148 150 31 chauffage
2588 3149 39 25 du
2643 3149 112 26 théâtre
2776 3150 72 24 n'est
2865 3156 52 25 pas
2939 3150 97 25 mieux
3054 3151 100 24 assuré

2415 3182 26 22 et
2461 3178 67 26 c'est
2551 3180 18 22 à
2589 3180 30 24 la
2636 3180 100 24 mairie
2758 3184 54 24 que
2831 3184 74 21 nous
2926 3182 43 24 les
2988 3185 164 25 engageons

2414 3210 15 24 à
2447 3209 184 26 transmettre
2649 3211 78 25 leurs
2747 3213 202 24 réclamations
2968 3214 26 22 et
3012 3214 77 24 leurs
3105 3213 32 24 do-

2413 3240 124 24 léances.

2415 3315 99 38 LES
2544 3318 240 35 PROJETS
2815 3318 334 35 AMERICAINS

2440 3406 37 25 Le
2497 3406 143 30 capitaine
2660 3407 79 26 Blau,
2760 3407 196 30 représentant
2980 3410 47 25 des
3050 3409 97 26 United

2412 3436 89 25 States
2520 3437 67 25 Une
2606 3438 72 24 dans
2694 3439 40 22 les
2752 3441 78 28 ports
2849 3441 165 28 européens,
3032 3445 28 18 se
3076 3442 57 22 trou-

2408 3465 58 26 vait
2490 3469 33 24 de
2544 3474 119 25 passage
2685 3469 17 25 à
2724 3468 163 31 CherbcAirg
2907 3475 48 20 ces
2975 3470 117 30 jours-ci
3113 3471 33 25 où

2408 3497 19 24 il
2450 3497 67 25 s'est
2536 3500 105 28 occupé
2662 3501 48 25 des
2733 3501 105 30 projets
2861 3501 35 25 de
2913 3501 129 26 création
3064 3502 83 25 d'une

2407 3529 56 25 tête
2484 3529 34 24 de
2538 3529 77 31 ligne
2636 3536 71 24 pour
2727 3530 41 25 les
2790 3533 156 30 paquebots
2967 3534 180 26 amé-;cains,

2407 3560 203 31 spécialement
2636 3567 71 25 pour
2732 3562 25 24 le
2780 3562 165 25 Leviathan.

2435 3589 35 26 Le
2499 3592 142 30 capitaine
2668 3593 71 24 Blau
2763 3599 18 19 a
2805 3593 70 25 tenu
2901 3594 17 24 à
2943 3594 125 31 préciser
3097 3600 48 19 oar

2407 3620 69 25 écrit
2493 3622 41 24 les
2554 3622 157 26 intentions
2732 3625 34 27 et,
2786 3625 87 25 aussi,
2894 3625 41 22 les
2955 3626 190 31 propositions

2405 3651 50 25 des
2474 3651 92 26 U.S.L.
2590 3654 26 22 et
2636 3654 37 22 du
2694 3653 144 31 Shipping
2857 3656 100 25 Board.
2978 3657 51 24 Ces
3047 3663 83 25 propo-

2405 3684 110 26 sitions,
2541 3684 57 24 très
2623 3685 152 30 complètes
2802 3689 27 21 et,
2852 3687 57 22 très
2934 3687 135 27 étudiées,
3097 3689 47 22 oni

2406 3713 41 24 été
2474 3716 142 22 soumises
2646 3717 138 24 mercredi
2815 3717 17 22 à
2857 3717 144 25 l'examen
3031 3718 37 24 du
3097 3723 32 19 Bu-

2402 3749 71 20 reau
2492 3744 26 24 et
2539 3745 32 24 de
2594 3746 30 22 la
2642 3746 185 24 commission
2850 3748 48 24 des
2919 3749 122 24 travaux
3060 3749 34 24 de
3115 3749 28 24 la

2404 3775 141 22 Chambre
2561 3775 37 22 de
2617 3782 169 15 commerce.

2432 3804 50 24 Cet
2507 3810 122 19 examen
2660 3813 30 19 se
2719 3808 133 26 continue
2880 3809 28 24 et
2937 3815 56 19 une
3022 3810 117 30 réponse

2402 3840 64 20 sera
2493 3835 112 25 fournie
2633 3837 66 26 d'ici
2727 3844 54 25 peu
2809 3846 37 19 au
2872 3840 141 32 Shipping
3040 3842 99 25 ItoorJ.

2401 3867 52 25 Les
2477 3867 84 28 plans
2587 3867 177 31 d'accostage
2786 3869 172 30 provisoires
2981 3870 40 25 du
3047 3873 92 24 f.eri,!-

2401 3895 69 25 than
2494 3904 35 17 au
2556 3898 109 27 Homet,
2688 3899 70 25 dont
2783 3899 104 26 l'étude
2910 3902 77 24 avait
3011 3904 43 22 été
3076 3908 47 19 con-

2401 3926 52 26 fiée
2481 3926 17 25 il
2525 3927 37 25 M.
2591 3928 119 28 Chabos,
2741 3930 151 31 ingénieur
2921 3932 48 25 des
2996 3933 89 25 Ponts
3113 3938 26 21 et

2400 3957 164 26 Chaussées,
2597 3960 65 22 sont
2694 3966 34 17 en
2760 3961 64 21 voie
2854 3963 222 20 d'achèvement.

2480 4048 47 35 LE
2554 4048 229 39 MONUMENT
2806 4051 86 35 AUX
2915 4052 136 34 MORTS

2424 4136 37 24 Le
2491 4142 181 25 programme
2706 4140 105 25 officiel
2841 4140 34 25 de
2904 4140 224 32 l'inauguration

2393 4166 40 24 du
2448 4170 170 21 monument
2637 4175 57 18 aux
2713 4170 89 25 morts
2818 4175 37 19 ne
2874 4176 72 19 nous
2966 4180 17 18 a
3001 4173 128 30 toujours

2391 4202 56 22 pas
2465 4199 41 22 été
2525 4199 203 31 communiqué
2750 4206 51 26 par
2820 4202 30 24 la
2867 4202 111 26 mairie.
2996 4204 66 25 Cela
3081 4205 32 22 im-

2391 4230 80 28 porte
2492 4235 56 24 peu
2570 4230 156 30 d'ailleurs,
2753 4232 118 28 puisque
2896 4238 31 19 ce
2948 4238 181 26 programme

2391 4259 72 25 reste
2481 4260 37 24 tel
2535 4264 54 25 que
2607 4264 73 21 nous
2699 4261 112 25 l'avons
2829 4263 66 30 déjà
2914 4264 126 31 indiqué.

2421 4290 22 24 Il
2465 4297 19 24 y
2507 4297 70 20 aura
2602 4292 50 25 des
2676 4293 97 30 places
2797 4293 144 28 réservées
2965 4297 103 25 autour
3092 4296 37 25 du

2391 4324 167 22 monument
2585 4329 72 22 pour
2685 4325 40 24 les
2753 4324 144 28 autorités,
2923 4330 72 25 pour
3021 4326 39 24 les
3089 4326 26 25 fa-

2388 4350 93 26 milles
2502 4352 48 24 des
2571 4356 89 21 morts
2680 4356 69 24 dont,
2767 4356 41 24 les
2826 4361 84 19 noms
2929 4357 64 24 sont
3012 4358 115 24 inscrits

2387 4385 53 20 sur
2457 4382 43 25 les
2517 4382 119 30 plaques
2656 4384 33 24 de
2712 4385 112 27 marbre
2844 4387 27 21 et
2890 4390 72 24 pour
2978 4391 57 19 une
3054 4387 57 24 délé-

2388 4411 98 26 gation
2510 4414 48 24 des
2583 4414 117 24 anciens
2724 4416 198 21 combattants.

2417 4443 50 25 Les
2485 4444 142 25 membres
2647 4446 50 26 îles
2718 4447 124 24 Sociétés
2857 4447 201 31 patriotiques,
3076 4449 30 24 Vé-

2387 4473 104 26 térans.
2513 4475 148 24 Médaillés
2682 4478 144 26 militaire.
2850 4478 165 30 Coloniaux,
3039 4485 60 19 mem-

2386 4504 65 25 bres
2477 4507 33 22 de
2535 4505 26 25 la
2588 4506 105 31 Légion
2720 4508 170 31 d'honneur,
2917 4511 39 22 du
2982 4511 137 25 Souvenir

2386 4534 144 32 Français,
2555 4537 47 30 qui
2624 4539 183 30 comptaient,
2829 4545 54 19 eus
2903 4541 86 26 aussi,
3013 4543 106 24 monter

2385 4566 28 25 la
2440 4567 87 28 garde
2556 4567 163 26 (l'honneur
2746 4571 104 24 autour
2878 4570 39 26 du
2943 4573 176 26 monument,

2385 4594 135 27 n'auront
2543 4603 58 24 pas,
2627 4599 135 30 paraît-il,
2789 4602 32 24 de
2845 4602 96 31 places
2967 4602 151 25 réservées.

2385 4626 73 25 C'est
2473 4628 136 32 peut-être
2628 4631 177 28 regrettable.

2386 4672 57 22 Une
2461 4674 158 24 cérémonie
2641 4676 150 27 religieuse
2810 4682 71 18 aura
2897 4678 56 22 lieu
2972 4680 148 24 dimanche

2489 4704 105 24 devant
2615 4706 24 22 le
2661 4710 167 19 monument
2849 4713 57 17 aux
2929 4711 86 18 morts

2412 4748 90 25 Mmes
2520 4749 177 30 Langlamet,
2715 4753 48 28 qui
2784 4759 15 18 a
2818 4757 34 19 eu
2871 4753 70 25 (rois
2959 4753 46 26 fils
3021 4755 63 25 tués
3102 4756 13 22 à

2382 4776 28 24 la
2426 4783 100 22 guerre
2546 4787 6 18 ;
2569 4779 204 32 Leroy-Gibert,
2792 4783 48 27 qui
2861 4789 15 18 a
2893 4789 35 17 eu
2944 4789 38 19 un
2999 4783 46 25 fils
3063 4786 52 27 tué,

2380 4809 26 20 et
2426 4808 110 24 Noirtin
2555 4809 66 24 dont
2641 4811 25 25 le
2683 4814 73 22 mari
2776 4813 43 24 fut
2836 4812 162 31 également
3014 4815 54 28 tué,
3089 4822 26 17 se

2380 4839 64 24 sont
2624 4840 61 26 hier
2712 4843 164 28 après-midi
2907 4844 15 24 à
2953 4844 99 25 l'Hôtel
3084 4847 31 22 de

2380 4869 71 24 Ville
2473 4871 25 22 et
2523 4871 48 22 ont
2591 4871 87 25 remis
2700 4874 78 21 entre
2799 4872 40 26 les
2863 4873 93 25 mains
2975 4876 37 24 de
3032 4876 37 25 M.
3091 4876 24 24 le

2378 4897 98 28 Maire,
2509 4904 54 20 une
2594 4902 119 28 pétition
2747 4904 130 24 couverte
2909 4904 34 24 de
2973 4906 142 28 plusieurs

2378 4929 145 25 centaines
2542 4931 33 22 de
2593 4930 162 31 signatures
2774 4935 26 22 et
2815 4933 76 25 ainsi
2909 4941 107 24 conçue
3037 4929 4 35 .

2407 4965 11 12 «
2437 4958 52 24 Les
2506 4961 174 30 soussignés,
2700 4961 89 32 pères,
2809 4963 99 30 mères,
2928 4970 112 24 veuves,
3059 4967 52 28 fils,

2378 4987 71 26 filles
2469 4993 22 20 et
2515 4993 115 26 parents
2649 4993 103 24 directs
2772 4993 50 25 (les
2841 4994 106 25 soldats
2965 4996 132 24 cherbour-

2374 5019 78 27 geois
2472 5019 110 26 tombés
2601 5027 37 18 au
2657 5026 85 21 cours
2763 5022 33 25 de
2816 5024 28 24 la
2864 5031 100 22 guerre
2987 5027 124 25 19M-1918

2375 5052 73 24 pour
2469 5049 135 26 défendre
2624 5052 61 24 leur
2709 5053 80 30 foyer
2811 5056 25 21 et
2859 5060 113 20 assurer
2994 5056 27 25 la
3045 5057 65 30 paix

2374 5078 39 25 du
2435 5080 102 24 monde
2551 5088 15 20 .:
2588 5082 175 25 convaincus
2784 5089 54 24 que
2859 5085 76 25 leurs
2957 5087 80 24 chers
3057 5088 40 24 dis-

2372 5112 89 25 parus
2481 5112 46 21 ont
2550 5111 97 25 trouvé
2667 5113 72 24 dans
2760 5113 25 25 le
2804 5115 156 26 sentiment
2978 5119 27 22 et
3022 5117 28 26 la
3072 5119 38 24 foi

2374 5138 137 31 religieux
2536 5141 27 27 (à
2582 5143 122 30 quelque
2724 5144 162 25 confession
2908 5146 84 30 qu'ils
3009 5153 84 24 appar-

2373 5169 135 31 tenaient)
2533 5176 56 19 une
2609 5172 76 24 force
2706 5174 48 30 qui
2777 5176 40 24 les
2836 5176 74 27 aida,
2933 5177 40 25 les
2993 5179 116 24 consola

2373 5199 33 22 de
2424 5199 28 25 la
2470 5200 104 24 misère
2591 5202 50 26 des
2659 5204 149 25 tranchées
2824 5211 111 20 comme
2955 5207 50 25 des
3022 5207 86 26 affres

2372 5229 34 24 de
2431 5230 8 24 1
2450 5231 104 28 agonie
2580 5238 6 21 ;
2613 5233 171 25 demandent
2809 5236 86 32 qu'on
2921 5237 85 24 rende
3031 5238 58 25 hom-

2372 5263 81 26 mage
2477 5261 14 22 à
2516 5267 28 18 ce
2567 5263 152 25 sentiment
2744 5265 138 30 religieux
2903 5267 25 24 le
2950 5268 27 25 21
3001 5269 89 24 décem-

2369 5289 48 24 bre
2439 5289 145 32 prochain,
2608 5293 57 26 lors
2688 5294 33 25 de
2744 5294 224 32 l'lnauguration
2991 5300 37 24 du
3050 5306 38 19 mo-

2369 5321 117 22 nument
2505 5321 77 24 élevé
2597 5328 54 24 par
2668 5324 164 31 Cherbourg
2848 5327 17 24 ù
2882 5327 64 26 leur
2961 5329 143 28 mémoire,

2370 5354 34 18 en
2432 5350 130 26 insérant
2588 5352 85 32 dans,
2685 5354 26 24 le
2737 5361 189 24 programme,
2954 5360 56 24 soit
3034 5361 18 22 à
3078 5361 28 24 la

2367 5380 99 24 veulee
2486 5381 126 30 funèbre,
2635 5383 53 26 soit
2706 5391 39 19 au
2765 5391 124 21 moment
2909 5388 34 24 de
2963 5389 124 30 l'inaugu-

2369 5411 99 24 ration,
2490 5417 54 18 une
2564 5413 159 26 cérémonie
2745 5417 149 30 religieuse
2915 5419 189 28 (bénédiction

2368 5443 38 20 ou
2428 5441 117 30 prières)
2572 5450 6 20 ;
2602 5444 93 28 prient
2719 5445 33 26 M.
2778 5446 24 24 le
2823 5447 92 27 Maire
2936 5450 34 24 de
2993 5451 112 25 vouloir

2366 5470 64 22 bien
2448 5471 99 30 agréer
2565 5474 69 22 cette
2652 5474 141 27 demande
2812 5477 136 26 émanant
2967 5480 33 24 de
3014 5481 86 25 celles

2365 5500 27 22 et
2409 5500 35 25 de
2466 5504 71 22 ceux
2558 5505 48 26 qui
2631 5506 48 22 ont
2700 5507 120 24 souffert
2842 5507 40 25 les
2902 5510 137 28 premiers
3063 5513 38 24 du

2365 5531 65 25 vide
2453 5531 86 27 laisse
2564 5533 18 25 à
2606 5533 61 27 leur
2689 5535 81 33 foyer
2792 5543 54 26 par
2870 5544 71 22 ceux
2966 5543 48 26 qui
3038 5543 65 26 sont

3237 1113 94 27 morts,
3352 1114 26 21 et
3396 1120 53 24 par
3468 1115 24 24 là
3514 1116 91 24 même
3624 1117 115 25 doivent
3758 1120 81 25 avoir
3855 1120 25 24 le
3900 1120 73 25 droit

3236 1142 34 22 de
3287 1142 139 30 protester
3442 1150 33 18 en
3493 1146 64 24 leur
3572 1152 76 19 nom.
3667 1156 11 11 »

3266 1173 87 28 Après
3371 1180 54 18 une
3443 1178 141 22 courtoise
3600 1179 170 27 discussion,
3789 1181 33 21 M.
3841 1181 26 24 le
3886 1181 87 25 Maire,

3233 1208 15 18 a
3272 1202 111 26 déclaré
3406 1205 70 34 qu'il
3498 1206 195 27 n'interdirait
3715 1214 51 24 pas
3790 1212 26 22 la
3839 1213 115 24 manifes-

3233 1233 89 22 tation
3340 1234 151 31 religieuse
3508 1237 126 30 projette
3651 1241 27 21 et
3693 1245 56 22 que
3762 1240 107 24 cplle-ci
3886 1246 66 26 pour-

3233 1264 58 22 rait
3308 1269 31 19 se
3359 1265 131 25 dérouler
3511 1272 34 18 en
3567 1269 104 24 dehors
3691 1270 35 22 de
3746 1270 223 31 l'inauguration

3233 1292 133 26 officielle
3390 1297 155 24 -dimanche
3572 1298 174 30 après-midi.

3260 1324 35 24 Le
3312 1330 182 24 programme
3513 1328 72 22 n'est
3667 1335 103 19 encore
3784 1332 93 25 arrêté
3894 1336 73 21 mais

3233 1357 72 19 nous
3331 1359 122 24 croyons
3478 1357 69 28 qu'il
3573 1361 190 24 ocnmrendra
3794 1369 37 17 un
3859 1363 111 28 cortège

3230 1388 48 24 qui
3296 1385 107 30 partira
3420 1390 65 20 vers
3503 1389 14 22 2
3533 1388 102 25 heures
3652 1390 34 24 de
3703 1390 30 25 la
3749 1391 81 31 place
3844 1394 40 24 du
3901 1395 50 24 Châ-

3229 1416 65 21 teau
3311 1419 25 21 et
3351 1422 32 17 se
3397 1421 105 21 rendra
3519 1423 37 19 au
3570 1419 96 30 jardin
3683 1422 105 27 public.
3802 1422 39 25 Ce
3856 1426 110 25 cortège

3229 1446 187 25 ressemblera
3439 1448 146 31 beaucoup
3608 1449 18 24 à
3650 1456 72 18 ceux
3744 1454 47 26 qui
3817 1459 30 18 se
3869 1455 94 22 dérou-
3980 1446 5 34 '

3231 1474 57 24 lent
3312 1475 103 31 depuis
3435 1478 77 24 deux
3534 1485 52 17 ans
3609 1486 35 18 au
3670 1485 107 22 travers
3801 1482 27 25 la
3850 1483 67 26 ville
3943 1487 24 24 le

3227 1504 66 30 jour
3308 1506 34 24 de
3361 1507 26 25 la
3406 1507 53 24 fête
3476 1508 33 24 de
3526 1509 110 24 Jeanne
3650 1511 91 22 <l'Arc.

3256 1534 22 24 Il
3293 1537 45 22 est
3352 1537 110 24 certain
3477 1543 56 24 que
3548 1539 50 26 des
3612 1539 109 31 prières
3736 1544 98 22 seront
3848 1545 111 27 récitées

3227 1566 105 21 devant
3359 1566 25 22 le
3411 1570 169 22 monument
3605 1576 58 18 aux
3690 1574 89 21 morts
3804 1574 25 22 et
3856 1579 54 24 que
3935 1577 24 22 la

3226 1594 215 25 manifestation
3470 1598 152 26 rolkituse
3650 1606 73 20 aura
3752 1609 54 18 une
3831 1606 128 25 ampleur

3223 1623 85 30 digne
3331 1625 33 24 de
3384 1626 80 25 notre
3485 1629 76 25 ville.

3252 1706 204 28 COMPAGNIE
3471 1710 66 25 DES
3554 1710 360 33 SAPEURS-POMPIERS.

3222 1736 115 26 Comme
3353 1739 110 31 chaque
3483 1742 100 27 année,
3605 1743 27 24 li
3651 1744 110 25 Société
3778 1748 120 25 amicale
3918 1756 26 17 or-

3221 1772 111 26 ganise,
3347 1775 71 24 pour
3435 1772 66 27 1924,
3517 1778 57 19 uno
3592 1774 64 24 Fétu
3671 1776 34 24 de
3718 1778 109 25 l'Arbre
3841 1780 34 24 de
3889 1782 67 24 Noël

3221 1799 98 25 offerte
3340 1807 58 18 aux
3419 1802 102 30 jeunes
3542 1805 116 24 enfants
3679 1807 48 26 «les
3750 1813 190 24 saneurs-pom-

3220 1834 77 22 piers
3311 1832 34 25 de
3363 1833 28 24 la
3407 1834 74 22 ville.

3249 1861 76 25 Cette
3350 1863 54 25 fête
3430 1871 70 19 aura
3524 1866 57 26 lieu
3606 1874 25 19 ie
3653 1869 79 31 jeudi
3756 1872 28 22 25
3808 1873 145 26 décembre

3222 1898 76 24 {jour
3320 1896 34 22 de
3379 1896 87 30 Noël),
3490 1898 15 22 à
3527 1899 27 22 14
3576 1899 111 28 heures,
3711 1902 71 25 saMe
3803 1903 48 26 des
3874 1905 79 24 fête*;.

3249 1925 50 24 I.es
3319 1925 73 25 dons
3416 1932 33 20 en
3470 1929 116 30 espèces
3606 1937 72 25 pour
3702 1933 84 26 achat
3806 1936 35 24 de
3862 1937 91 28 jouets

3220 1962 34 18 ou
3280 1963 32 18 en
3340 1958 100 25 nature
3468 1965 71 24 pour
3560 1962 58 24 lots-
3638 1964 85 24 utiles
3749 1967 17 22 à
3791 1965 162 30 distribuer,

3217 1991 97 20 seront
3331 1989 56 22 très
3403 1990 227 26 favorablement
3646 1996 156 27 accueillis,
3820 1997 56 25 soit
3886 1998 67 25 chez

3219 2017 39 26 les
3283 2020 193 26 bienfaisants
3501 2023 164 30 donateurs,
3690 2028 66 27 eoit,
3782 2029 50 25 dès
3856 2029 17 25 à
3894 2030 45 30 pré-

3216 2054 70 22 sent,
3307 2056 38 20 au
3364 2054 133 28 magasin
3586 2062 124 25 pompes,
3730 2066 52 18 rue
3802 2060 104 25 Gibert.

3244 2094 35 24 A\
3293 2095 31 25 IS
3351 2096 206 26 IMPORTANT
3643 2102 34 24 Le
3704 2102 91 25 maire
3821 2113 17 18 a
3860 2104 77 27 l'hon-

3214 2130 73 21 neur
3311 2128 33 24 dp
3367 2128 72 25 faire
3463 2135 149 21 connaître
3637 2134 14 22 à
3674 2134 66 25 MM.
3763 2134 41 26 les
3826 2138 112 28 proprié-

3214 2161 86 20 taires
3327 2160 34 22 de
3389 2160 138 30 tiievaus,
3557 2165 110 27 nmletc,
3699 2166 132 28 juments,
3860 2169 91 24 mules

3214 2189 33 24 de
3268 2189 64 25 tous
3358 2191 67 28 âges
3450 2197 26 19 et
3504 2193 33 20 de
3566 2194 91 21 toutes
3681 2197 165 28 catégories,
3875 2199 76 21 ainsi

3214 2225 53 25 f|tie
3291 2222 34 24 de
3347 2224 126 25 voitures
3498 2226 113 25 uttelét's
3638 2229 26 22 et
3689 2231 177 27 suspendues
3899 2238 54 21 qui»

3211 2252 34 22 .le
3273 2251 61 21 tous
3358 2254 52 28 age
3410 2261 17 18 6
3450 2258 25 19 pt
3503 2257 33 18 ne
3563 2258 91 19 toutes
3679 2258 158 31 catégories
3873 2264 78 20 ainsi

3209 2283 35 24 de
3266 2284 126 22 voitures
3417 2285 117 22 attelées
3559 2289 25 19 er
3607 2290 188 30 suspendues,
3817 2297 54 22 que
3896 2297 54 22 par

3210 2314 92 24 arrêté
3320 2316 34 21 de
3372 2316 35 25 M.
3426 2319 26 24 le
3474 2317 90 26 pretet
3582 2319 33 22 de
3634 2321 30 20 la
3679 2322 129 28 Manche,
3830 2324 35 24 ils
3883 2327 66 20 sont

3195 2346 2 37 j
3209 2346 83 24 tenus
3318 2347 33 22 de
3378 2349 8 20 !
3399 2354 51 17 lire
3481 2349 22 20 la
3534 2350 176 25 déclaration
3736 2356 133 24 annuelle
3896 2357 52 19 des

3195 2378 1 35 I
3208 2378 138 24 dUimaux
3366 2380 25 21 cl
3411 2378 31 35 de
3457 2378 15 35 6
3488 2378 137 35 venicuies
3646 2383 33 19 eu
3704 2385 60 22 teur
3782 2388 164 25 possession

3195 2408 1 32 :
3208 2408 17 18 a
3244 2408 27 19 la
3289 2411 102 20 mairie
3411 2412 33 19 ne
3462 2412 176 27 uieroours
3660 2415 126 22 usureau
3808 2419 47 21 aes
3875 2419 53 21 con-

3195 2435 1 45 j
3208 2440 176 28 tributioßs),
3407 2447 86 20 avant
3521 2446 25 24 le
3569 2447 26 22 ;:i
3621 2447 150 27 décembre
3795 2451 66 27 lftii,
3886 2451 47 24 iler-

3195 2471 1 35 !
3208 2474 61 21 tuer
3289 2473 84 25 délai.
3398 2473 19 24 Il
3438 2480 61 19 set.:
3522 2479 66 20 tenu
3608 2478 17 22 à
3645 2486 28 17 c.'
3694 2480 116 26 bureau,
3831 2484 38 22 les
3889 2483 43 24 for-

3207 2504 90 24 mules
3313 2505 34 24 de
3364 2506 175 26 déclaration
3554 2509 185 28 nécessaires.
3756 2512 116 26 Aucune
3889 2516 41 24 for-

3207 2536 78 24 mula
3304 2537 30 22 ni
3353 2543 64 19 sera
3436 2541 124 27 envoyée
3580 2545 17 21 à
3615 2542 141 27 domicile,
3781 2545 19 25 il
3822 2546 41 22 est.
3883 2551 47 22 rap-

3206 2565 61 28 pelé
3286 2571 52 25 que
3360 2567 112 26 l'arrêté
3491 2570 37 22 du
3547 2571 30 25 25
3595 2574 155 24 novembre
3769 2575 59 25 1924
3848 2577 33 24 de
3904 2577 35 24 M.

3206 2597 22 24 le
3252 2598 89 33 prefet
3365 2598 33 25 de
3422 2601 30 24 la
3470 2602 122 24 Manche
3614 2603 69 25 tient
3706 2604 57 25 lieu
3783 2607 34 22 de
3833 2603 97 28 '-convo-

3203 2628 96 26 cation
3317 2629 188 27 individuelle
3534 2633 76 25 Cette
3627 2636 104 25 affiche
3749 2643 65 19 sera
3833 2639 93 31 placar-

3202 2660 51 24 dée
3274 2665 73 24 dans
3371 2662 25 25 le
3422 2663 111 25 Bureau
3557 2668 48 22 des
3630 2667 214 28 Contributions
3868 2670 59 25 indi-

3201 2694 90 22 rectes
3312 2695 26 21 et
3358 2694 15 22 à
3399 2695 26 22 la
3445 2698 78 27 porte
3547 2696 161 33 principale
3730 2699 33 24 de
3784 2699 30 26 la
3836 2701 102 25 mairie

3201 2722 33 25 de
3254 2724 171 32 Cherbourg.
3446 2727 76 24 Pour
3541 2730 64 22 tous
3624 2731 252 28 renseignements,
3896 2733 40 25 les

3200 2756 204 28 propriétaires
3428 2760 64 21 sont
3513 2759 77 30 priés
3612 2760 34 25 du
3669 2761 113 25 vouloir
3803 2764 64 25 bien
3892 2765 45 27 s'y

3197 2786 116 22 référer.

3235 2832 66 24 UNE
3317 2833 26 24 M
3352 2835 48 24 VIN
3417 2836 175 26 ARRACHEE
3605 2838 66 24 PAR
3685 2841 19 22 I.
3715 2838 220 28 ECLATEMENT

3201 2864 20 21 ]i
3235 2864 7 21 I
3257 2864 20 21 N
3304 2864 92 25 OBUS.
3476 2869 38 21 Un
3535 2872 84 25 grave
3644 2871 120 25 accident
3788 2871 64 27 s'.&t
3873 2878 46 25 pro-

3198 2895 56 24 duit
3279 2895 66 25 hier,
3369 2896 13 22 à
3406 2897 72 24 midi.
3503 2900 41 24 76.
3568 2904 47 20 rue
3641 2901 35 22 du
3698 2902 176 25 VieuK-Poni.
3894 2904 38 22 M.

3197 2926 81 24 I.ouis
3302 2927 110 25 Huhert,
3439 2929 107 22 ouvrier
3573 2929 169 28 eiiiffonniec,
3769 2935 90 21 marié,
3885 2936 32 27 pi-

3197 2962 30 17 re
3247 2956 30 25 de
3294 2956 110 28 famille,
3422 2959 144 26 travaillait
3581 2963 17 22 à
3615 2961 96 27 mettre
3729 2969 32 18 en
3778 2969 154 21 morceau*,

3196 2988 15 25 à
3237 2987 77 25 l'aide
3340 2988 64 25 d'un
3431 2991 123 24 marteau
3580 2992 130 30 frappant
3733 2999 48 18 sur
3808 3000 51 20 une
3886 3000 31 19 en-

3196 3018 99 31 eiume,
3325 3025 35 17 un
3390 3020 69 24 obus
3487 3021 164 25 récemment
3678 3024 111 30 apporté
3816 3031 51 24 par
3894 3031 37 19 un

3194 3047 86 25 clienl.
3302 3050 185 31 Toul-à-coup
3514 3053 25 24 la
3560 3052 78 27 fusée
3658 3053 83 26 éebal.i
3763 3059 28 20 et
3814 3057 25 22 le
3860 3059 52 21 mal-

3191 3079 123 25 heureux
3339 3081 103 25 Hubert
3465 3083 44 24 eùi
3537 3083 22 24 la
3586 3085 71 22 main
3683 3087 105 27 gauche
3810 3089 100 31 complè-

3195 3112 100 26 tement
3318 3112 174 31 déchiquetée
3513 3116 25 22 cl
3561 3116 118 22 enlevée.
3698 3119 38 22 ,Lo
3762 3124 83 22 pouce
3867 3118 67 26 seul'

3195 3142 78 24 louai!
3295 3149 96 19 encore
3413 3150 48 22 par
3481 3145 131 32 quelques
3631 3148 141 25 lambeaux
3793 3150 31 22 de
3846 3151 81 24 chair.
3933 3142 1 35 1

3180 3172 112 38 [Hubert
3320 3181 13 17 a
3363 3175 41 22 cîe
3433 3176 152 30 transporté
3614 3180 13 24 à
3659 3178 123 30 l'Hôpital
3809 3181 110 24 Pasteur-

3180 3204 34 30 |il
3241 3204 51 25 mis
3314 3206 77 24 entre
3417 3207 39 22 les
3481 3208 85 22 mains
3592 3209 46 22 des
3664 3209 177 31 chirurgiens.
3880 3204 54 32 Un*

3191 3236 76 21 autre
3286 3236 110 25 ouvrier
3413 3237 45 30 qui
3476 3239 144 24 travaillait
3635 3246 33 18 en
3689 3240 60 24 face
3765 3243 35 21 de
3814 3242 50 25 lut,
3883 3249 41 17 re-
3933 3236 1 31 '

3191 3266 45 27 eut
3254 3267 150 24 seulement
3425 3269 48 24 des
3489 3269 93 28 grains
3600 3270 33 25 de
3653 3270 90 30 plomb
3758 3273 46 28 qui
3824 3273 35 25 lui
3879 3275 46 22 ont
3933 3266 1 35 '

3191 3295 51 26 faii
3265 3298 33 24 de
3321 3298 105 30 iégires
3449 3300 138 27 blassures
3609 3301 15 24 à
3647 3301 25 24 la
3696 3302 92 30 figure,
3813 3306 14 22 k
3848 3305 61 30 quel-

3189 3333 67 25 ques
3275 3327 168 26 millimètres
3464 3331 48 26 des
3534 3335 80 25 yeux.

3217 3370 156 25 PUGILAT.
3455 3372 76 25 Deux
3553 3373 137 26 liabilanls
3731 3374 32 25 de
3804 3376 27 25 la
3869 3381 51 21 ru#

3185 3400 193 27 Tour-Carrée,
3409 3404 39 22 l»s
3476 3404 87 24 sieurs
3591 3404 100 26 Gutllot
3720 3407 26 22 et
3772 3406 162 28 Guieillier.ï

3188 3432 79 30 après
3288 3438 56 19 ame
3370 3433 116 25 violente
3509 3435 159 28 discussion,
3693 3441 33 19 en
3749 3438 63 22 sont
3834 3444 89 20 venu»
3933 3432 1 32 .

3185 3468 52 20 aux
3266 3464 94 26 mains,
3384 3469 48 21 rue
3461 3464 150 32 d'Espagne
3638 3468 26 24 ei
3691 3472 28 19 se
3746 3470 60 24 sont
3834 3469 100 25 forte--*

3187 3494 73 22 ment
3304 3495 107 28 cognés.
3456 3497 50 24 Les
3548 3497 103 30 agents,
3679 3498 116 31 appelés,
3822 3501 112 27 «tirent!

3185 3524 174 32 grand'peine
3384 3527 15 22 à
3423 3527 111 31 séparer
3553 3534 46 21 ces
3622 3529 71 26 deux
3716 3530 102 28 entêtés
3841 3524 93 37 pugi-.

3185 3556 81 24 listes.
3659 3556 5 40 ;
3672 3556 5 40 •
3689 3563 40 18 -,■*.
3808 3573 22 12 rh
3846 3556 89 40 .-^,l

3400 3656 69 59 in
3478 3661 44 46 a
3533 3648 244 67 RTAiinp

3208 3804 242 41 TRIBUNAL
3471 3806 411 41 CORRECTIONNEL

3207 3899 47 24 Vol
3256 3906 13 17 s
3285 3900 73 22 tl/ins
3374 3901 40 24 les
3432 3902 125 28 champs.
3620 3902 39 24 I,e
3672 3904 13 22 5
3703 3904 67 22 août
3784 3904 122 28 dernier.

3175 3928 132 28 Langlois
3328 3930 97 28 Marie,
3445 3931 104 25 femme
3568 3932 116 28 Bazilie,
3704 3933 28 24 50
3751 3938 61 21 ans,
3833 3934 76 28 jour-
3918 3928 4 34 '

3174 3959 106 24 nalière
3311 3967 18 17 H
3359 3960 339 31 Saint-Cyr-du-Bailleul.
3732 3965 27 22 et
3789 3970 32 18 sa
3848 3964 73 25 Allas

3175 3989 112 27 Hélène,
3304 3990 69 31 âgée
3390 3992 34 24 de
3443 3992 27 24 13
3487 3997 60 21 ans,
3565 3992 106 25 étaient
3685 3993 143 31 surprises
3842 4000 65 20 vers

3171 4020 26 22 11
3224 4019 26 24 h.
3274 4020 30 24 30
3327 4020 38 25 du
3390 4020 66 28 soir,
3482 4023 165 31 rapportant
3670 4023 67 25 chez
3763 4024 69 25 elles
3856 4020 65 30 des*

3171 4050 100 27 serbes
3318 4051 132 24 d'avoine
3498 4054 103 28 qu'elle
3648 4055 79 24 avait,
3771 4055 133 25 dérobée*

3169 4078 73 27 dans
3259 4085 40 19 un
3315 4081 102 31 champ
3433 4083 193 28 appartenant
3641 4084 18 22 à
3674 4084 35 24 M.
3730 4084 96 24 Désiré
3841 4085 48 25 Jou-

3169 4109 57 27 l)in,
3254 4110 37 25 du
3318 4111 104 31 village
3446 4113 34 24 de
3507 4113 28 25 la
3559 4113 151 26 Roselière.
3737 4113 115 27 Comme
3874 4116 32 25 la'

3169 4140 103 25 femme
3293 4142 106 22 Bazilln
3420 4144 39 21 est
3482 4143 115 28 réputée
3618 4149 107 18 comme
3748 4152 30 18 se
3797 4144 118 26 livrant'

3168 4170 17 22 à
3202 4170 28 24 la
3250 4170 110 30 rapine,
3381 4170 52 26 elle
3452 4174 43 22 est
3513 4173 175 25 condamnée
3709 4175 17 21 à
3743 4175 15 24 2
3776 4175 73 25 mois
3866 4178 38 22 da

3168 4200 98 28 prison
3286 4208 7 21 ;
3309 4206 32 20 sa
3358 4201 58 24 fille
3436 4204 40 24 est
3495 4204 138 30 acquittée
3652 4206 27 22 et
3694 4204 103 26 remise
3815 4206 18 24 à
3849 4212 52 19 son

3165 4230 74 30 père.

3195 4261 177 27 Infanticide.
3438 4263 37 25 Le
3493 4264 136 24 Tribunal
3646 4266 139 25 constitué
3803 4273 34 19 en
3854 4269 35 24 tri-

3165 4290 89 25 bunal
3280 4297 73 24 pour
3380 4293 115 24 enfants
3523 4294 43 22 est
3589 4294 102 32 appelé
3718 4297 18 24 à
3763 4297 84 31 juger
3872 4299 28 25 la

3163 4320 86 27 jeune
3269 4320 149 26 Germaine
3437 4324 67 24 M...,
3527 4324 69 30 âgée
3613 4326 35 22 de
3667 4328 28 24 13
3715 4333 61 20 ans,
3795 4329 59 28 qui,
3873 4329 27 25 le

3163 4351 28 22 20
3210 4351 94 30 juillet,
3324 4354 119 26 dernier,
3463 4354 84 30 après
3566 4356 81 24 avoir
3665 4356 53 24 mis
3738 4363 37 18 au
3794 4359 105 25 monde

3163 4385 39 18 un
3233 4381 99 25 enfant
3361 4383 37 24 du
3429 4390 66 19 sexe
3526 4385 129 28 féminin,
3685 4387 165 26 l'assomma
3880 4391 19 21 à

3163 4416 87 22 coups
3267 4413 33 24 de
3315 4413 85 25 bâton
3418 4414 26 24 et
3457 4419 104 26 essaya
3576 4416 34 24 de
3630 4416 24 25 le
3669 4419 104 26 cacher
3788 4419 111 26 ensuite

3161 4444 67 20 sous
3247 4446 52 19 son
3319 4443 39 22 lit.
3381 4443 37 24 La
3437 4444 85 27 jeune
3542 4444 56 27 M...
3618 4448 41 22 est
3678 4449 124 28 envoyée
3822 4449 73 25 dans

3161 4476 57 17 une
3241 4472 109 25 colonie
3372 4474 201 28 pénitentiaire
3594 4478 126 28 pendant
3741 4479 70 25 trois
3833 4486 60 18 ans.

3162 4500 180 26 Condamnée
3365 4508 34 18 en
3425 4505 80 24 outre
3527 4511 60 19 aux
3607 4507 117 30 dépens.
3750 4509 57 22 Son
3828 4511 69 28 pèra

3161 4532 40 22 est
3222 4531 111 25 déclaré
3352 4533 165 28 civilement
3536 4538 190 28 responsable.

3189 4561 41 24 Jet
3248 4561 33 24 de
3299 4563 106 28 pierres
3425 4566 97 24 contre
3537 4572 40 17 un
3594 4569 84 24 train.
3741 4570 77 25 Jules
3835 4572 19 22 C

3159 4591 27 24 16
3207 4596 63 22 ans,
3293 4593 170 26 demeurant
3485 4594 67 26 chez
3576 4604 33 18 sa
3632 4598 74 24 mère
3730 4605 37 18 au
3789 4591 105 39 villagd

3156 4620 37 24 du
3219 4620 128 27 Cerisier,
3373 4630 34 18 en
3433 4625 379 30 Saint-Brke-de-Landelles
3848 4633 41 24 est

3155 4652 145 26 poursuivi
3330 4659 71 22 pour
3425 4656 86 27 avoir,
3539 4657 26 22 le
3591 4659 28 22 13
3643 4651 180 35 septembre.'
3834 4662 56 28 jeté

3154 4681 50 24 des
3228 4682 110 28 pierres
3366 4689 51 20 sur
3443 4691 37 18 un
3510 4688 76 24 train
3613 4694 31 18 se
3671 4689 142 30 dirigeant
3840 4698 48 18 sur

3157 4711 149 27 fougères,
3328 4714 70 24 dont,
3417 4715 26 25 la
3463 4716 80 28 glace
3563 4719 69 24 d'un
3652 4724 102 24 wagon
3776 4722 39 22 fut
3839 4723 39 25 bri-

3154 4746 53 19 see.
3226 4742 35 22 Le
3278 4742 86 28 jeune
3381 4744 47 24 C...
3449 4747 43 22 est
3508 4748 85 22 remis
3612 4749 18 21 à
3647 4755 32 15 sa
3698 4752 81 19 mère.

3181 4830 81 25 PRIX
3287 4831 46 25 DU
3359 4832 80 25 PAIX
3474 4851 28 4 _
3527 4838 56 24 par
3605 4840 92 24 arrêté
3718 4843 161 31 municipal,

3148 4864 27 20 Ji?
3196 4865 64 22 prix
3282 4864 37 22 du
3346 4869 66 20 nain
3436 4867 34 22 dp
3496 4872 226 25 consommation
3746 4878 132 20 cottrj'it.!

3149 4891 48 25 est.
3219 4899 15 17 sl
3257 4892 130 28 Mort,ilii.
3411 4896 57 25 fixé
3489 4903 107 21 comme
3619 4902 57 24 suit
3698 4907 6 9 1

3176 4923 73 25 Pain
3266 4923 37 26 de
3321 4926 11 22 1
3357 4926 63 25 kilo.
3445 4929 6 24 1
3476 4929 33 24 fr.
3533 4930 25 25 45
3580 4923 5 40 :
3607 4933 67 28 pain
3694 4936 33 24 de
3748 4937 11 22 1
3781 4937 24 22 k.
3824 4939 45 24 500

3146 4968 13 8 ~
3177 4952 27 24 fr
3233 4955 27 25 Jy
3281 4962 7 17 :
3308 4962 69 19 nain
3399 4958 33 25 de
3451 4961 15 24 2
3488 4961 80 27 kilo*.
3591 4962 13 24 2
3625 4963 31 25 fr.
3679 4963 28 26 85
3729 4974 6 18 ;
3758 4972 65 22 pam
3843 4957 35 37 dé

3146 4988 14 19 J
3180 4988 80 22 kilos.
3282 4988 14 22 \
3321 4990 31 21 ir.
3374 4990 31 24 io
3425 4998 7 17 ;
3456 4991 67 25 pain
3546 4994 33 22 de
3601 4994 13 24 6
3637 4995 57 27 kil.,
3715 4997 17 22 8
3751 4997 33 25 fr.
3806 5000 39 24 60.

3171 5029 149 27 SERVICE
3340 5034 144 27 POSTAL.
3504 5040 65 22 —Le
3591 5040 30 25 20
3644 5043 109 25 janvier
3862 5048 15 24 \

3146 5062 25 39 I.ii
3188 5062 103 24 heures
3319 5073 14 14 a
3354 5067 138 28 saint-Lô,
3510 5069 139 27 direction
3669 5073 50 25 des
3737 5075 96 26 Postes
3850 5082 28 19 et

3167 5092 116 26 élc-rau
3293 5100 41 19 ie.s
3363 5101 51 20 ruo
3433 5100 104 25 Carnot
3556 5105 32 22 i>°
3609 5104 13 24 2
3626 5104 19 27 J.
3665 5105 21 25 ji
3703 5112 30 18 se
3736 5112 13 17 r
3750 5113 15 18 a
3784 5108 79 30 procé-

3135 5125 1 45 -1
3227 5125 20 45 J
3259 5125 5 45 '
3265 5126 40 24 ,d,
3307 5133 11 30 !
3319 5127 27 25 ui
3348 5133 7 18 '
3360 5134 33 18 ca
3396 5131 58 22 'wn
3477 5132 33 24 de
3533 5132 178 32 l'entreprise
3730 5138 34 24 de
3788 5140 76 24 trans-

3143 5157 61 25 port
3224 5156 51 25 des
3295 5157 139 27 dépêchés
3454 5164 18 22 à
3491 5164 136 26 effectuer
3645 5172 37 18 en
3704 5170 171 26 automobile

3138 5193 43 40 tri
3295 5194 31 19 m
3337 5191 37 24 Le
3399 5193 169 30 Neufbourjr,
3598 5197 17 25 à
3640 5197 234 32 Juvigny-le-Ter-

3171 5249 73 26 Pour
3269 5252 41 24 les
3337 5255 168 28 conditions,
3534 5263 30 19 sa
3587 5262 164 28 renseigner
3776 5263 54 25 soit
3855 5267 18 22 à

3138 5280 17 45 J.
3156 5285 13 19 a
3197 5281 138 26 direction
3365 5284 52 25 d«s
3449 5288 97 25 Postes
3576 5291 26 22 et
3634 5291 189 33 Télégraphes
3852 5296 18 24 à

3308 5319 53 20 solt
3354 5347 8 12 .
3392 5324 8 34 ',
3402 5319 61 22 ians
3491 5320 40 22 Jes
3559 5320 52 25 bur
3611 5327 76 20 «aux
3715 5326 34 25 de
3777 5326 93 28 postes

3138 5347 33 19 ils
3194 5343 122 26 Mortam
3338 5347 26 22 et
3386 5347 33 26 de
3441 5349 275 30 Juvienv-le-Tertre.

3233 5394 175 28 TRAGEmE
3430 5399 43 25 DE
3494 5400 168 28 LOURDES.
3683 5418 30 5 -
3732 5405 71 26 C'est
3823 5413 33 19 au-

3139 5425 83 26 jourd
3233 5425 50 25 hui
3302 5426 28 22 17
3348 5427 156 31 décembre,
3524 5432 18 24 à
3557 5432 28 25 16
3605 5433 109 31 heures,
3736 5441 35 19 en
3790 5438 67 24 niaii-

3138 5456 59 26 née,
3226 5457 26 21 et
3278 5457 18 25 à
3318 5457 30 24 20
3373 5459 26 25 h.
3426 5460 30 25 30
3481 5467 34 19 en
3541 5464 99 26 soirée,
3667 5466 71 26 sa<Ue
3763 5467 107 27 Jaann*

3138 5486 18 22 d
3167 5486 60 26 Arc,
3254 5492 50 20 rue
3326 5487 39 27 du
3391 5490 135 31 Couvent,
3552 5498 54 24 crue
3625 5496 27 25 le
3674 5497 110 26 célèbre
3809 5499 52 22 fllm-

3136 5545 9 24 l
3157 5520 97 48 écran?
3256 5523 17 24 3
3363 5519 34 26 dt
3423 5520 123 28 Louriet
3547 5544 8 11 -
3582 5530 63 24 aen
3669 5528 128 31 WMM
3819 5530 54 26 ta*

291 81 175 41 Bfeaéiè
487 85 124 38 1«24«

1881 112 359 38 &'Quest<Selair
2271 112 1 39 !

3902 152 0 51 35

3265 984 124 44 MON
3412 987 260 45 ARMURE
3687 1005 138 30 eôt£N
3850 994 87 45 OR
