4060 5762
267 712 209 27 ETINCELLES
500 716 229 26 LITTERAIRES

322 777 64 33 |Oici
405 777 57 20 une
481 772 72 25 série
573 774 34 24 de
627 784 11 12 «
657 774 70 25 bons
748 775 85 26 livres
853 785 9 12 »

360 803 48 30 qui
432 809 35 19 ne
493 806 158 30 manquent
673 810 52 25 pas
750 804 33 25 de
808 813 38 18 mo-

357 835 69 22 rale.
456 835 41 24 Ici
522 840 54 26 pas
605 836 146 26 d'onction
781 837 71 25 senti-

322 865 1 34 i
357 865 133 30 mentale,
517 872 52 24 pas
596 868 33 24 de
654 868 129 28 phrases,
811 874 52 25 pas

357 896 33 24 de
409 901 158 25 romances,
586 902 52 25 pas
659 898 34 24 de
713 899 87 28 fleurs
820 906 28 18 ar-

354 926 151 31 tificielles,
524 928 73 25 mais
615 934 57 19 une
690 931 81 22 vertu
791 932 54 22 aler-

356 958 33 27 te,
415 956 124 31 vivante,
566 958 152 31 française.
743 960 51 26 Tel
817 963 41 24 est

353 987 102 31 l'éloge
483 993 54 25 que
566 990 106 31 faisait,
703 998 38 19 au
768 994 91 28 temps

115 1018 35 25 de
171 1024 32 20 sa
222 1018 133 28 jeunesse
373 1019 146 30 littéraire,
539 1022 38 24 M.
596 1022 87 25 Henri
705 1024 151 27 Brémond,

116 1048 34 27 de
168 1049 174 27 l'Académie
359 1051 161 30 Française,
541 1057 38 20 au
598 1052 76 32 sujet
691 1054 51 26 des
761 1055 97 25 contes

113 1078 34 27 de
168 1080 76 30 Mme
262 1081 76 26 Julie
358 1082 154 30 Lavergne.

145 1127 22 24 A
185 1127 72 25 cette
279 1128 109 30 époque
409 1129 48 24 des
475 1129 132 26 cadeaux
631 1131 33 24 de
683 1131 69 25 Noël
770 1133 28 25 et
816 1134 37 24 du

115 1157 69 24 Jour
201 1156 27 25 le
250 1157 67 28 l'an,
341 1159 28 30 je
392 1165 37 18 ne
450 1161 115 24 saurais
585 1162 98 25 mieux
704 1162 72 26 faire
800 1168 53 25 que

111 1192 71 21 vous
204 1188 217 26 recommander
445 1193 40 21 les
507 1196 111 20 œuvre?
643 1194 35 24 de
698 1195 45 22 cet
768 1194 69 26 aima-

110 1219 45 25 ble
181 1219 126 25 écrivain
330 1221 72 25 dont
422 1221 28 31 je
475 1228 71 19 vous
567 1224 31 24 ai
619 1224 67 30 déjà
710 1226 89 28 parlé.
822 1227 31 24 Je

111 1248 83 26 viens
216 1253 37 24 de
278 1251 40 25 les
344 1253 91 27 relire,
459 1259 47 20 ces
533 1254 93 25 beaux
651 1256 86 25 livres
761 1257 90 30 bleus,

105 1281 144 30 #uxquels
278 1281 27 26 la
332 1283 74 30 piété
435 1284 70 26 d'un
531 1285 47 25 fils
606 1286 48 25 n'a
683 1292 52 25 pas
762 1289 90 26 voulu

109 1311 85 32 fu'on
220 1313 154 31 appliquât
398 1315 43 25 les
469 1316 190 31 majorations
689 1324 34 19 en
752 1325 97 25 usage,

106 1344 28 24 C.t
155 1344 51 27 qui
228 1350 37 18 ne
286 1345 113 26 coûtent
422 1351 54 25 que
498 1348 26 24 le
547 1348 65 30 prix
633 1349 39 24 du
694 1350 65 30 plus
783 1351 28 24 in
815 1352 25 25 si

105 1374 123 35 fniflant
249 1381 102 20 roman
373 1384 6 17 :
397 1378 14 24 7
432 1377 48 26 frs.
501 1378 38 25 50.
562 1380 79 25 Voici
660 1381 119 27 d'abord
797 1384 52 24 Les

104 1406 100 30 beiges
224 1407 132 30 d'Antan,
376 1409 14 22 2
406 1408 56 27 vol.
482 1410 57 25 in-8
556 1410 52 26 écu
622 1419 6 21 ;
647 1413 65 30 puis
731 1414 51 25 Les
802 1415 31 24 Lé-

105 1436 106 31 gendes
230 1439 34 24 de
282 1439 126 25 Trianon
420 1449 9 19 ;
448 1441 51 25 Les
520 1442 176 32 Chroniques
715 1446 117 24 Norman-

106 1467 48 25 des
168 1476 11 20 ;
206 1468 51 25 Les
285 1468 177 33 Chroniques
493 1473 193 34 Parisiennes,
713 1476 12 24 1
755 1476 54 26 vol.
840 1483 6 8 •

105 1499 53 25 Les
181 1499 81 25 Jours
285 1501 33 24 de
341 1501 99 30 Crisal,
462 1504 13 26 1
495 1505 56 25 vol.
567 1513 6 19 ;
594 1506 50 24 Les
669 1507 177 30 Chroniques

104 1528 35 25 de
156 1530 185 31 Montbriant,
360 1534 12 22 1
390 1534 56 25 vol.
467 1541 6 21 ;
490 1534 52 25 Les
561 1535 145 31 Légendes
724 1539 35 24 de
776 1540 53 24 Fon-

103 1559 169 32 tainebleau,
292 1564 13 22 1
325 1564 56 24 vol.
397 1572 7 20 ;
423 1566 52 24 Les
494 1566 162 32 Etincelles,
676 1570 13 25 1
709 1570 64 30 vol-,
793 1571 51 25 etc.

132 1629 12 12 «
165 1620 40 26 .Ne
230 1622 180 26 demandons
432 1625 122 30 d'esprit
578 1632 54 24 que
654 1633 33 19 ce
713 1630 70 30 qu'il
808 1637 35 18 en

99 1651 63 25 faut
181 1657 72 24 pour
273 1652 58 26 être
352 1655 65 30 bon,
437 1656 71 25 c'est
527 1657 66 30 déjà
613 1658 148 33 beaucoup
783 1670 21 19 »,
824 1667 19 19 a

99 1682 40 26 dit
165 1683 74 25 Mme
267 1685 169 25 Swetchine.
464 1688 21 24 Il
510 1688 64 26 faut
599 1690 148 32 beaucoup
774 1693 57 25 d'es-

96 1714 58 31 prit
176 1720 76 25 ipour
275 1716 58 24 être
358 1719 61 22 tout
444 1719 17 24 à
485 1719 53 25 fait
562 1721 57 24 bon
645 1723 72 24 dans
742 1724 28 25 la
794 1724 47 25 vie

96 1744 85 26 réelle
195 1754 6 19 ;
221 1746 20 25 il
261 1752 34 19 en
315 1749 63 21 faut
394 1749 164 33 davantage
578 1757 74 25 pour
667 1752 81 28 l'être
765 1754 74 28 dans

97 1783 39 18 un
156 1778 80 28 livre,
259 1785 73 25 pour
350 1780 142 31 échapper
509 1788 40 18 au
567 1783 120 25 ridicule
707 1786 50 28 qui
778 1787 52 24 s'at-

94 1808 83 26 tache
203 1809 45 39 Jet
276 1813 143 28 pourquoi
432 1813 21 30 ?)
490 1813 15 25 à
536 1814 28 25 la
593 1815 85 26 bonté
709 1817 130 31 lorsqu'il

96 1840 84 30 s'agit
198 1839 34 27 de
250 1841 168 27 littérature.
438 1845 72 24 Mais
529 1851 35 18 ne
586 1847 132 30 craignez
737 1848 81 31 point
831 1858 6 20 ;

96 1870 110 31 l'esprit
223 1873 35 25 de
276 1873 76 25 Mme
372 1874 146 31 Lavergne
537 1878 44 25 est
599 1878 27 24 le
643 1879 66 28 plus
728 1879 109 28 éveillé,

94 1902 25 26 le
138 1903 66 31 plus
223 1905 158 28 gentiment
399 1907 136 26 méchant
552 1910 50 30 qui
621 1910 63 26 soit.
706 1912 73 26 C'est
796 1913 41 25 lui

94 1935 50 30 qui
163 1941 92 25 coupe
275 1938 83 22 court
379 1938 15 24 ô
415 1944 58 19 une
494 1939 84 26 scène
600 1943 64 30 trop
686 1943 137 26 attendris-

96 1965 80 27 sante
201 1970 39 21 ou
267 1968 118 25 atténue
413 1976 52 25 par
491 1977 58 19 une
575 1972 66 25 note
670 1974 167 26 malicieuse

92 1996 281 28 l'invraisemblance
418 2001 69 26 d'un
535 2003 191 27 dénouement
771 2008 65 28 trop

92 2029 79 24 beau.
191 2030 57 25 Par
266 2031 129 31 exemple
415 2040 6 18 ;
481 2034 24 24 II
523 2037 100 22 courut
639 2036 104 32 jusque
761 2037 72 26 dans

93 2060 26 24 le
139 2060 60 25 bois
219 2062 34 22 de
272 2060 111 37 Satory,
405 2069 28 20 se
452 2065 58 30 jeta
528 2070 54 26 par
601 2068 79 28 terre,
702 2068 85 26 dans*
794 2075 41 19 un

93 2089 94 31 taillis,
210 2095 27 22 et
257 2094 103 28 pleura
380 2095 169 33 longtemps.
570 2099 33 22 Et
624 2100 98 30 quand
744 2101 21 22 il
787 2102 47 24 eut

91 2122 64 25 bien
171 2124 98 32 pleuré
287 2128 26 22 et
331 2132 53 26 que
400 2127 118 26 l'ombre
536 2128 48 26 des
602 2130 97 26 arbres
718 2132 98 25 Rallon-

89 2157 86 27 geant
193 2161 51 19 sur
261 2157 28 25 la
308 2163 116 19 mousse
445 2159 123 26 l'avertit
589 2167 53 24 que
664 2163 24 22 te
707 2163 59 25 soir
784 2169 31 26 ap-

87 2186 138 30 prochait,
249 2187 20 26 il
293 2187 178 27 redescendit
495 2193 71 22 dans
591 2194 26 24 la
639 2193 76 28 ville,
739 2200 92 26 soupa

89 2217 69 24 d'un
178 2218 71 32 petit
270 2220 77 30 pain,
373 2223 26 22 et
422 2222 89 30 reprit
531 2223 25 24 le
579 2224 91 25 Coche
693 2229 74 26 pour
790 2232 27 19 re-

87 2249 81 25 venir
189 2251 17 22 à
226 2251 90 26 Paris.
339 2252 41 25 Un
399 2252 85 26 héros
504 2256 33 24 de
557 2261 103 20 roman
680 2257 78 25 n'eût
777 2263 52 25 pas

89 2281 85 31 soupé
195 2281 39 25 du
255 2283 67 28 tout,
345 2284 31 24 ni
393 2285 87 33 pensé
500 2285 18 25 à
536 2285 107 26 l'heure
664 2288 38 25 du
722 2289 85 25 coche
821 2298 9 20 ;

86 2313 72 25 mais
185 2311 106 27 Adrien
315 2315 100 24 n'était
442 2321 53 26 pas
522 2323 39 19 un
588 2319 91 28 héros,
707 2321 25 24 et
758 2320 66 30 ceci,

86 2344 113 27 lecteur,
223 2347 40 22 est
286 2350 56 20 une
367 2347 117 28 histoire
506 2348 87 25 vraie.
617 2352 7 28 (
628 2350 143 28 Légendes
795 2350 32 26 de

86 2374 124 26 Trianon
229 2383 8 18 :
256 2376 37 26 Le
313 2376 123 27 Plafond
455 2379 174 28 d'Hercule).

112 2434 22 24 It
157 2434 50 31 n'y
228 2443 18 19 a
268 2441 53 25 pas
341 2443 56 25 que
419 2438 111 31 l'-esprit
543 2447 6 21 ;
570 2440 20 25 il
613 2447 20 24 y
657 2447 17 18 a
696 2443 80 25 aussi
796 2443 27 25 la

83 2466 83 27 grâce
189 2474 7 17 :
216 2467 85 30 grâce
321 2469 76 25 dans
418 2469 26 26 le
465 2470 86 26 choix
572 2472 40 22 du
634 2472 83 30 sujet,
738 2474 85 28 grâce

81 2498 72 24 dans
170 2498 26 24 le
211 2498 74 28 titre,
302 2500 87 28 grâce
402 2500 74 26 dans
491 2500 41 26 les
547 2503 148 28 moindres
711 2504 112 28 détails.

81 2529 22 24 Il
124 2529 135 31 faudrait,
282 2533 72 26 pour
372 2531 27 27 le
419 2533 136 30 montrer,
575 2535 79 28 citer,
674 2536 72 25 citer
764 2539 45 21 tou-

81 2559 87 28 jours.
191 2561 74 25 Mme
285 2562 148 32 Lavergne
451 2569 74 20 nous
546 2565 138 31 promène
705 2568 73 25 dans
797 2569 26 24 la

80 2591 106 25 France
208 2593 26 25 et
253 2593 76 26 dans
351 2594 26 25 le
400 2595 83 26 Paris
504 2601 35 20 ou
561 2597 27 24 le
608 2598 155 25 Versailles
784 2598 39 26 du

80 2623 38 24 17«
133 2622 86 27 siècle
236 2624 27 26 et
278 2626 38 25 du
333 2626 47 28 18°,
396 2631 70 20 avec
484 2633 38 19 un
541 2628 104 28 intérêt
659 2635 69 20 sans
745 2636 77 19 cosse

80 2654 159 27 renouvelé.
257 2655 80 27 Lisez
354 2657 145 26 Henriette
517 2659 33 25 de
566 2660 180 32 Laubesplne
767 2663 43 26 (Lé-

78 2683 106 31 gendes
203 2686 35 25 de
261 2687 137 32 Trianon)
420 2695 38 20 ou
478 2689 39 25 La
536 2691 136 26 Dernière
693 2693 105 25 Sonate
813 2702 9 20 ;

78 2717 40 26 Au
135 2717 78 30 Çlair
226 2719 35 24 de
276 2720 28 24 la
321 2720 77 26 Lune
417 2721 112 31 (Neiges
544 2722 135 33 d'Antan)
696 2731 7 24 :
720 2725 84 25 L'Hor-

77 2748 77 30 loger
193 2748 34 26 de
267 2751 175 31 Nuremberg
457 2761 8 20 ;
504 2754 52 25 Les
599 2756 220 28 Quintessences

76 2781 214 28 d'Hermolaûss
328 2785 91 28 (Jours
454 2785 37 25 de
524 2786 115 28 Cristal)
656 2794 6 18 :
698 2787 119 26 Annelte

78 2813 99 26 Dacier
189 2822 9 21 ;
230 2815 39 26 La
302 2815 81 26 Foire
416 2816 180 27 St-Germain
628 2818 190 31 (Chroniques

76 2845 188 32 parisiennes)
291 2852 73 19 vous
390 2852 77 20 serez
494 2848 61 25 ravi
582 2850 33 25 de
640 2850 30 25 la
693 2851 124 25 vivacité

76 2877 38 22 du
135 2876 81 31 style,
237 2877 37 24 de
296 2877 31 26 la
348 2880 84 28 grâce
456 2880 48 25 des
527 2880 119 32 images,
671 2881 50 26 des
742 2882 61 24 trou-

74 2907 103 27 vailles
208 2908 122 32 d'esprit
364 2915 54 24 que
451 2911 177 25 renferment
659 2917 46 20 ces
733 2913 66 25 char-

73 2939 94 25 mants
189 2939 92 27 récits.
304 2941 44 25 Au
369 2941 72 24 clair
462 2942 34 26 de
517 2943 27 25 la
568 2943 66 24 lune
656 2949 37 19 en
713 2946 43 24 est
774 2950 40 19 un

73 2969 48 25 des
144 2970 146 26 meilleurs
314 2972 151 31 exemples.
493 2973 44 25 On
559 2980 20 24 y
599 2974 61 26 voit,
681 2981 41 18 un
746 2975 69 25 vieil

73 3001 163 27 astronome
262 3002 133 31 aveugle,,
413 3009 54 25 que
491 3004 26 26 le
540 3006 144 24 caractère
706 3007 96 25 acariâ-

72 3033 40 25 ti»
132 3033 34 24 de
187 3039 31 22 sa
239 3034 104 27 femme
361 3041 19 19 a
400 3035 91 25 rendu
515 3035 50 26 fou
588 3033 5 30 ;
612 3038 21 24 il
654 3040 44 22 est
718 3044 77 19 amou-

72 3069 70 20 reux
159 3064 37 25 de
217 3064 27 25 la
267 3064 74 26 lune.
365 3066 43 25 Un
429 3067 35 24 de
484 3072 46 19 ses
550 3073 113 21 neveux
684 3069 72 31 qu'il
777 3074 38 20 ne

72 3094 116 24 connaît
210 3100 52 25 pas
286 3102 102 19 encore
413 3098 78 25 vient
515 3099 26 24 le
563 3100 70 24 voir.
659 3100 37 25 Le
719 3100 78 26 lende-

71 3126 78 24 main
172 3126 37 24 de
235 3133 51 18 son
313 3128 118 31 arrivée,
461 3129 19 24 il
506 3130 142 25 demande
673 3138 38 18 au
733 3133 66 24 vieil-

71 3156 61 26 lard
152 3158 37 25 de
210 3158 97 31 parler
325 3158 37 26 d*e
383 3165 33 19 sa
436 3159 77 28 mère
536 3169 7 20 ;
566 3170 11 13 «
601 3162 61 30 Oui,
685 3164 28 31 je
754 3165 58 25 l'en

72 3189 131 30 parlerai.
230 3190 31 22 Je
287 3195 35 19 ne
351 3191 48 24 l'ai
426 3196 54 20 vue
509 3193 106 30 qu'une
641 3196 78 22 seule
745 3195 64 30 fois,

70 3223 54 20 une
142 3220 85 30 seule,
247 3221 21 24 il
288 3227 18 24 y
322 3229 18 18 a
358 3223 64 28 plus
441 3223 35 22 de
493 3224 159 32 vingt-cinq
671 3233 61 19 uns.
754 3228 43 24 C'é-

70 3250 50 25 tait
148 3256 57 19 une
230 3252 86 31 jeune
346 3249 60 34 fille
435 3255 85 28 alors,
552 3259 25 24 et
608 3257 52 25 elle
690 3257 67 26 était
785 3259 25 25 si

70 3281 70 25 belle
165 3283 103 30 qu'elle
292 3285 180 25 ressemblait
496 3287 18 22 à
537 3288 30 22 la
591 3288 74 25 lune.
693 3289 39 25 Tu
759 3289 47 30 ris,

70 3313 98 31 enfant
180 3314 14 24 ?
221 3314 72 26 C'est
319 3317 66 25 mal.
413 3317 39 25 Ne
478 3319 100 26 sais-iu
608 3324 51 26 pas
687 3326 53 24 que
769 3322 40 22 les

67 3345 105 26 saintes
203 3346 151 28 Ecritures,
383 3348 117 28 parlant
530 3348 85 26 d'une
648 3351 65 25 bien
743 3354 64 27 plus

69 3376 109 28 grande
197 3377 86 31 d<\me
306 3384 53 26 que
380 3380 28 22 la
426 3381 86 26 mère,
536 3381 96 25 disent
652 3391 7 17 :
679 3384 116 24 Pulchra-

70 3407 30 22 ut
119 3407 71 24 luna
204 3407 9 25 !
281 3407 31 26 Je
333 3410 25 24 le
379 3410 66 30 sais,
468 3411 41 27 dit
531 3412 25 24 le
576 3413 87 28 jeune
685 3415 122 30 homme,

67 3439 26 21 et
106 3438 30 30 je
152 3438 59 24 n'ai
227 3444 52 25 pas
295 3439 33 25 ri.
392 3441 38 25 Ne
446 3446 80 20 mens
544 3448 60 25 pas,
622 3445 41 24 dit
681 3446 107 24 Hormis-

67 3468 59 28 das,
143 3469 28 30 je
191 3470 48 24 t'ai
256 3476 109 20 ENTENDU
385 3472 117 26 sourire.
523 3474 43 25 Où
587 3478 40 20 est
647 3477 26 24 ta
693 3477 78 24 mère
791 3480 17 21 à

66 3498 112 32 présent
191 3501 13 24 ?
263 3503 73 24 Avec
354 3503 71 25 Dieu
442 3504 214 32 certainement,
674 3508 41 26 dit
733 3509 56 25 Hen-

67 3536 30 24 ry
110 3540 9 19 ;
144 3531 93 26 c'était
262 3539 57 20 une
346 3535 63 25 âme
438 3536 180 31 angélique...
647 3549 11 12 »
686 3540 39 24 Ils
750 3546 43 18 res-

66 3562 89 26 tèrent
178 3563 158 26 silencieux
358 3572 41 18 un
422 3566 137 30 instant...
586 3579 9 11 «
622 3570 38 26 Ta
685 3570 105 31 respira-

66 3593 59 27 tion
142 3596 41 21 est
201 3596 69 25 celle
287 3596 67 25 d'un
372 3598 113 25 homme
504 3600 47 30 qui
570 3606 37 19 va
621 3601 124 30 pleurer,
765 3602 39 25 dit

66 3626 25 22 le
117 3624 141 26 vieillard.
289 3628 35 24 Ne
352 3630 99 30 pleure
478 3635 59 26 pas,
567 3632 87 25 Henri
667 3633 8 24 !
704 3634 38 24 Là
769 3634 35 24 où

65 3656 51 25 elle
131 3658 48 27 est,
198 3659 28 22 ta
243 3659 76 25 mère
334 3660 59 30 voit,
412 3666 44 19 ces
471 3663 91 25 astres
580 3664 48 28 qui
644 3669 73 21 nous
733 3671 53 19 sem-

67 3687 74 25 blent
162 3689 90 25 semés
274 3694 107 20 comme
402 3691 34 24 de
439 3702 12 18 s
472 3693 89 30 fleurs
582 3694 72 27 dans
674 3696 40 25 les
736 3697 57 30 plai-

61 3723 51 21 nes
139 3719 155 30 célestes,et
319 3725 63 22 sont
406 3724 102 25 autant
533 3726 33 25 de
589 3726 119 25 mondes
738 3728 65 25 bien

60 3750 69 28 (tlus
152 3750 91 25 beaux
268 3758 53 22 que
346 3754 119 28 celui-ci,
491 3756 58 24 lieu
569 3756 33 25 de
626 3763 122 24 passage
774 3759 25 24 et

61 3780 94 26 d'exil,
172 3783 18 22 .4
197 3782 19 24 h
228 3782 8 25 !
253 3783 24 24 si
294 3785 28 22 tu
341 3785 93 26 savais
454 3793 31 17 ce
501 3793 52 24 que
568 3788 27 30 je
612 3790 100 28 voyais
730 3790 71 26 dans

61 3811 26 25 la
109 3811 66 25 lune
188 3813 35 25 !...
246 3820 13 31 p
278 3814 39 25 La
334 3815 146 27 tendresse
500 3819 137 26 attentive
654 3821 39 24 du
715 3822 86 28 jeune

61 3842 112 26 homme
194 3844 137 26 améliore
351 3846 79 26 l'état
446 3849 39 24 du
506 3850 123 26 malade.
651 3861 9 12 «
684 3853 51 24 Les
755 3855 47 21 do.

61 3875 152 30 mestiques
231 3882 28 18 se
275 3876 124 26 disaient
416 3879 17 24 à
449 3881 67 24 voix
533 3882 90 25 basse:
641 3883 21 25 Il
680 3886 40 24 est
736 3885 50 30 gué-

63 3905 34 25 ri!
158 3906 72 26 il/mis
249 3913 37 19 au
304 3909 109 26 dessert
429 3909 112 26 Nicolas
560 3915 46 24 eut
625 3914 25 25 le
670 3915 132 27 malheur

60 3935 33 25 de
120 3937 103 25 laisser
249 3939 80 24 choir
356 3946 37 18 un
423 3943 109 26 sucrier
559 3944 136 32 d'argent.
726 3948 72 25 Mme

60 3967 150 41 Jlormidaj
229 3970 144 25 tressaillit,
390 3973 25 21 et
430 3973 40 25 lui
485 3976 139 28 reprocha
641 3977 158 31 aigrement

60 4002 32 19 sa
109 3999 182 26 maladresse.
309 4002 130 25 I,'accent
457 4006 34 24 de
509 4000 30 30 s'a
556 4007 67 25 voix
639 4009 161 30 grondeuse

53 4032 110 30 jnmpit.
177 4030 25 22 le
217 4031 125 28 charme,-
358 4033 183 27 l'astronome
556 4043 28 18 se
600 4039 73 25 leva:
689 4041 93 25 «Ramè-

59 4063 104 21 ne-moi
180 4061 71 25 dans
269 4067 48 22 ma
335 4064 143 30 chambre,
497 4067 96 32 Henri,
613 4070 73 27 d>t-il
699 4080 8 19 ;
726 4077 71 21 nous

56 4091 97 24 allons
171 4095 91 27 partir
282 4098 73 26 pour
374 4096 27 25 la
423 4097 67 26 lune
504 4107 7 19 ;
533 4106 50 19 sur
602 4103 72 22 terre
694 4108 38 18 on
752 4108 31 20 en-

54 4123 76 28 t'eW
151 4124 47 24 des
220 4124 70 25 voix
308 4126 50 30 qui
379 4131 44 19 me
446 4128 107 27 brisent
575 4131 24 22 le
624 4133 128 30 tympan.
778 4144 9 12 »

54 4153 43 24 La
119 4154 135 30 guénson
276 4155 63 27 vint
360 4157 85 30 enfin,
471 4159 26 26 et
520 4166 70 22 avec
611 4163 53 25 elle
685 4163 26 25 le
735 4170 63 25 par-

78 4231 87 31 Voilà
189 4235 72 25 cette
287 4237 84 31 grâce
396 4239 142 28 attendrie
566 4243 27 24 et
615 4243 103 32 légère,
745 4246 47 28 qui

52 4267 19 17 n
84 4266 45 22 est
157 4271 54 24 pas
241 4272 57 19 une
328 4269 103 31 simple
463 4271 72 25 fleur
565 4274 228 32 d'imagination,

51 4294 78 26 maiA
150 4294 9 26 1
174 4302 165 25 expression
363 4302 139 26 naturelle
527 4303 86 26 d'une
634 4307 97 28 poésie
755 4309 26 25 in-

51 4326 66 21 time
157 4328 109 30 Tantôt,
294 4330 73 24 Mme
393 4332 145 33 I*ivergne
568 4336 91 26 donne
685 4344 39 19 un
750 4339 43 24 air

52 4358 32 21 rte
107 4358 122 27 itgende
250 4367 60 19 aux
337 4363 113 24 réalités
475 4367 201 27 quotidiennes
699 4371 93 27 parmi

51 4389 154 28 lesquelles
224 4391 53 25 elle
298 4398 15 18 a
333 4393 79 31 vécu,
433 4395 34 30 et,
489 4402 67 22 sans
575 4398 151 27 découvrir
744 4403 48 24 des

51 4420 84 22 neurs
159 4422 148 25 nouvelles
328 4429 50 20 sur
396 4431 56 19 une
471 4428 73 24 terre
567 4429 143 28 inconnue
741 4433 52 26 fait

51 4454 38 19 un
113 4452 128 30 r»otiqu«t
262 4454 35 24 de
322 4455 84 25 celles
431 4459 47 27 qui
501 4461 117 24 avaient
641 4463 87 25 laissé
751 4470 41 20 un

50 4480 113 30 parfum
194 4488 37 21 au
256 4489 81 21 cœur
360 4487 37 25 de
424 4486 45 27 se*;
495 4491 113 26 enfants
634 4494 26 22 et
685 4494 35 25 de
746 4501 44 19 ses

48 4514 73 21 amis
150 4515 47 33 >
202 4517 47 24 nW
253 4517 17 27 t,
296 4517 53 25 elle
373 4519 94 27 donne
490 4521 66 26 l'air
581 4522 33 26 de
639 4525 27 27 la
691 4526 99 26 réalité

48 4544 187 41 quotidienne
255 4554 58 18 aux
332 4548 65 30 plus
416 4551 106 25 idéales
541 4554 157 27 fantaisies.
720 4567 11 12 .
750 4558 40 24 Ici

48 4576 26 22 et
98 4576 28 24 là
163 4576 18 24 à
211 4578 69 26 écrit
307 4579 34 25 M.
370 4581 151 31 Brémond,
548 4591 39 18 un
613 4587 92 24 même
731 4589 58 25 don

48 4607 174 28 transfigure
243 4610 18 24 à
281 4616 45 19 ses
347 4617 76 24 yeux
444 4615 91 26 toutes
556 4617 107 30 choses,
685 4619 26 24 le
731 4620 57 25 don

47 4639 33 20 de
102 4639 135 27 pénétrer
259 4642 41 25 les
324 4643 78 25 âmes
423 4644 18 25 à
462 4646 76 25 force
561 4648 33 25 de
617 4651 162 27 svmpathie

46 4668 26 25 le
91 4669 150 30 parti-pris
261 4672 33 26 de
314 4674 117 27 vaincre
450 4676 27 26 la
497 4678 125 26 banalité
711 4681 59 26 hom-

46 4704 59 19 mes
125 4702 26 21 et
170 4700 53 27 des
241 4703 111 31 choses,
372 4707 26 24 et
418 4707 138 32 d'obliger
578 4710 41 25 les
638 4711 64 30 plus
722 4714 53 25 insi-

47 4733 136 25 gnifiants
206 4734 20 25 h
248 4736 117 28 donner,
390 4743 34 19 au
448 4740 93 25 moins
563 4741 72 27 dans
657 4749 56 20 une
736 4744 39 26 lar-

46 4766 52 28 me,
116 4763 28 24 la
163 4766 98 28 goutte
278 4766 34 26 de
330 4768 94 30 poésie
442 4770 99 31 qu'ont
560 4773 52 25 fait
628 4773 103 28 sôudre
746 4781 39 22 au

47 4795 78 22 cœur
144 4799 35 18 oie
206 4796 59 25 tout
287 4796 113 28 homme
422 4800 27 26 lo
470 4804 110 26 sourire
601 4805 34 25 de
658 4811 32 21 sa
711 4807 77 25 mère

45 4832 72 44 1899)'
137 4830 66 19 SOUr
268 4834 7 18 (
275 4828 25 26 ®°
320 4830 11 26 '
334 4830 57 26 )ieu
394 4828 5 47 -
419 4841 11 13 *
454 4831 123 33 (Etudes,
599 4837 58 25 mal
678 4838 26 24 et
723 4838 63 31 juin

197 4951 6 5 .
213 4920 52 26 eIIe
289 4920 71 33 l'est,
387 4925 27 22 et
438 4929 165 31 accomplie.
634 4931 91 26 Avant
750 4933 33 25 de

43 4949 131 30 pepé.rer
195 4951 87 37 jiisqu
294 4959 17 19 a
334 4955 8 25 1
354 4955 72 30 âme,
451 4963 52 19 son
528 4962 100 28 regard
653 4963 129 30 retenait,

41 4984 70 19 avec
145 4987 56 19 une
233 4985 123 24 vivacité
387 4987 164 32 singulière,
585 4991 116 31 l'lmage
732 4995 50 24 des

43 5016 145 43 nrfell?*/.
207 5015 20 44 les1
229 5020 30 19 es
278 5021 31 18 Co
305 5047 6 4 .
312 5016 97 25 uleurs
412 5015 4 44 -
429 5019 45 40 Z*
476 5026 13 18 8
507 5027 195 28 Personnages
719 5027 64 25 sont

43 5041 145 30 piésentés
210 5044 72 26 dans
305 5047 61 25 leur
386 5049 99 27 milieu
507 5053 26 25 et
553 5053 61 26 leur
634 5056 129 27 costume
778 5041 5 43 •

43 5078 37 18 au
102 5073 109 27 service
229 5076 40 26 du
292 5079 174 31 pittoresque
489 5086 40 21 est
553 5085 70 25 mise
645 5092 56 19 une
724 5094 45 19 sur-

61 5109 74 44 ™„ï
136 5107 25 22 n,
161 5111 14 43 f
176 5141 26 12 oc
213 5108 70 27 érud
287 5107 5 46 !
295 5109 20 24 li
317 5114 19 39 ;°
338 5117 17 20 n
360 5107 4 46 '
399 5112 59 27 EUe
490 5115 53 24 sait
575 5117 137 27 l'Histoire
745 5121 33 22 rie

40 5137 91 22 toutes
161 5137 41 24 les
230 5141 161 27 variations
420 5143 38 26 du
487 5146 137 31 costume,
656 5151 27 24 et
711 5153 70 24 vaut

43 5170 104 24 walter
168 5170 77 26 Socit
262 5177 74 25 pour
357 5174 28 26 la
404 5176 142 30 précision
567 5179 37 25 du
624 5180 87 27 doiail
732 5189 50 19 sur

38 5203 32 19 ce
102 5200 87 28 point.
224 5202 90 27 Même
348 5206 152 31 fraîcheur,
536 5210 91 26 même
660 5213 117 25 brillant

38 5230 73 25 dans
129 5230 41 25 les
188 5238 146 27 paysages,
354 5242 37 21 ou
407 5237 26 25 le
451 5244 65 20 sens
533 5241 99 26 intime
650 5244 48 24 des
712 5245 50 25 cho-

39 5265 47 38 jos
109 5262 39 25 lui
172 5268 43 21 est
236 5265 129 31 toujours
386 5269 122 31 présent.
534 5272 41 24 Un
598 5274 33 25 de
653 5280 45 21 ses
718 5281 59 22 per-

272 5303 8 35 lîlonW
280 5300 2 39 î
283 5300 76 24 10nW
381 5306 37 20 au
441 5301 112 27 e'ocher
572 5304 35 25 de
630 5306 146 27 Caudebec

40 5337 26 28 V
86 5327 59 21 Volt
167 5327 33 24 de
223 5327 27 25 la
272 5329 25 25 le
320 5333 141 24 mascaret
485 5327 5 39 :
514 5334 105 25 Levant
640 5337 39 24 les
702 5344 76 19 veux

44 5356 12 21 1
76 5356 110 27 admira
207 5359 40 24 les
268 5361 90 22 arêtes
376 5362 163 28 puissantes
559 5369 24 21 et
601 5368 109 28 légères
731 5372 6 25 f
741 5370 33 25 de

40 5388 24 20 la
83 5386 100 33 flèche)
206 5395 28 18 se
254 5391 184 28 silhouettant
477 5401 48 20 sur
543 5396 91 26 l'azur
650 5401 124 28 profond

99 5417 40 25 cie
141 5418 18 44 }-
280 5424 21 22 il
324 5424 115 30 abaissa
463 5432 44 19 ses
530 5428 117 30 regards
672 5437 50 20 sur
745 5434 27 22 la

35 5448 76 28 ville.
120 5453 38 33 je
183 5452 100 30 fleuve,
308 5456 41 25 les
373 5456 87 32 forets
487 5458 33 24 de
546 5460 120 26 Brotone
690 5465 25 24 et
738 5463 34 26 de

34 5484 181 31 4f<WHWfi#r,
233 5486 90 27 toutes
341 5490 45 25 eci
406 5489 113 31 beautés
537 5492 34 28 dt
588 5492 28 30 (g
633 5494 73 28 Itîtc
724 5499 47 24 VA~
782 5484 1 39 I

1879 151 233 132 de
2187 148 211 172 tcf-
2451 156 821 164 oè£nme-^,

925 534 581 87 personnelles

1078 729 92 26 POUR
1191 731 64 26 NOS
1277 732 189 26 FILLETTES

931 784 73 30 Qu'y
1029 784 71 26 a-t-il
1123 784 35 26 de
1180 788 67 28 plus
1272 790 110 28 exquis,
1408 797 74 24 pour
1505 797 58 19 une
1586 797 37 20 ma-

898 820 76 25 man,
993 822 54 24 que
1064 816 35 26 de
1119 819 145 25 combiner
1281 821 30 25 la
1329 822 106 25 toilette
1453 823 35 25 de
1508 829 32 20 sa
1557 823 59 26 flll«
1630 826 11 24 ?

898 846 72 25 C'est
991 853 102 20 encore
1115 854 39 20 un
1174 855 57 24 peu
1250 850 84 31 Jouer
1354 853 17 22 à
1389 854 28 24 la
1436 855 111 30 poupée
1565 856 76 25 mais

895 882 69 21 avec
989 883 58 18 une
1068 880 111 31 poupée
1202 882 48 28 qui
1273 885 47 25 est,
1339 883 61 24 tout
1426 886 65 25 notr
1513 888 125 28 eorgueil

896 908 27 25 et
947 912 74 27 pour
1048 909 124 31 laquelle
1195 913 64 25 rien
1284 914 74 26 n'est
1382 921 83 19 assez
1491 918 81 24 beau.
1600 919 39 24 La

895 940 81 24 mode
1002 940 33 25 de
1061 947 52 19 nos
1134 943 105 31 petites
1264 946 41 24 est
1329 946 56 24 fort
1407 947 97 26 variée
1528 950 27 24 et
1577 954 46 25 per-

894 972 65 27 met,
979 972 41 24 les
1038 973 67 30 plus
1123 973 156 26 heureuses
1296 978 217 26 combinaisons
1532 979 33 26 de
1584 980 41 25 for-

893 1005 60 21 mes
971 1005 28 22 et
1016 1003 34 25 de
1069 1005 141 26 couleurs.

921 1046 39 26 La
980 1048 78 31 ligne
1080 1050 138 31 gainant®
1238 1052 43 25 est
1299 1051 57 26 très
1376 1058 35 19 en
1433 1055 107 31 faveur,
1563 1057 72 25 mais

892 1080 168 30 cependant,
1088 1087 38 19 on
1156 1083 119 25 accorde
1303 1089 39 20 un
1370 1090 56 24 peu
1453 1085 66 32 plus
1546 1084 71 30 d'am-

892 1109 81 28 pleur
997 1116 58 20 aux
1081 1113 81 25 robes
1185 1114 52 25 des
1259 1115 116 25 Ailettes
1397 1117 69 30 qu'à
1488 1119 87 26 celles
1600 1121 33 24 de

891 1140 77 24 leurs
986 1147 141 21 mamans.

919 1172 84 25 Assez
1026 1173 87 31 large,
1139 1181 53 25 par
1209 1176 139 31 exemple,
1375 1179 79 25 notre
1478 1181 111 26 modèle
1609 1182 22 30 1,

888 1202 18 24 d
918 1208 39 19 un
979 1202 66 25 effet
1065 1205 57 25 très
1141 1207 96 28 jeune,
1258 1214 71 20 avec
1348 1214 53 20 son
1423 1211 84 26 étroit
1530 1214 86 28 empiè-

889 1238 112 22 cement
1017 1235 97 31 ajusté
1135 1239 27 22 et
1183 1244 33 20 sa
1233 1240 70 28 jupe
1322 1240 116 26 froncée
1453 1250 6 21 ;
1479 1243 26 24 le
1525 1245 52 24 bas
1596 1247 35 24 de

887 1265 28 25 la
937 1266 66 24 robe
1022 1269 45 24 est
1088 1267 136 26 rehaussé
1244 1272 35 24 de
1297 1271 87 30 petits
1406 1273 107 26 rubans
1533 1276 34 24 de
1586 1281 31 20 ve-

885 1296 80 25 lours
991 1298 129 26 Gaufrés.
1147 1299 78 26 Cette
1251 1302 69 30 jolie
1345 1303 107 26 toilette
1479 1306 69 30 peut
1571 1307 58 26 être

887 1329 132 24 executée
1041 1336 34 19 en
1097 1331 81 31 crêpe
1198 1332 78 25 satin
1297 1332 65 26 bleu
1381 1335 97 26 sèvres
1498 1339 27 24 et
1544 1338 85 26 ornée

886 1363 33 19 ne
944 1359 107 25 rubans
1075 1361 34 25 de
1131 1363 115 24 velours
1267 1363 35 25 de
1325 1365 92 25 même
1440 1368 89 24 teinte
1543 1377 6 20 ;
1572 1375 57 19 une

885 1390 148 27 garniture
1062 1391 34 25 de
1123 1394 93 25 ruban
1244 1394 76 27 lamé
1348 1402 32 20 or
1407 1398 129 27 rendrait
1561 1401 54 25 l'en-

885 1421 106 25 semble
1010 1422 65 25 plus
1095 1423 116 24 habillé.

891 2608 152 26 Gracieuse
1063 2611 81 25 aussi
1167 2611 30 26 la
1217 2611 86 33 petite
1325 2615 69 25 robe
1417 2616 34 24 de
1472 2616 83 26 notre
1574 2617 19 25 fi-

859 2644 70 24 gure
944 2641 22 27 2,
981 2646 71 21 avec
1070 2647 52 20 son
1140 2643 69 30 long
1222 2649 85 27 corps
1325 2644 57 26 très
1401 2647 81 28 droit,
1502 2653 32 19 sa
1547 2649 43 24 col-

859 2670 99 26 lerette
986 2674 26 25 et
1042 2679 32 18 sa
1102 2674 67 32 jupe
1198 2675 129 32 plissées,
1361 2679 180 26 surmontées
1570 2680 33 25 do

859 2701 76 26 deux
956 2704 110 26 bandes
1088 2705 128 27 brodées.
1241 2707 46 26 Cet
1312 2708 144 26 ensemble
1481 2709 122 26 réclame

856 2738 39 19 un
915 2734 72 24 tissu
1007 2734 78 31 léger
1108 2734 5 37 :
1131 2738 176 25 mousseline
1326 2745 38 19 ou
1382 2740 77 25 voile
1475 2741 37 26 de
1532 2743 67 28 soie,

857 2764 83 31 crêpe
963 2765 155 31 Georgette,
1136 2774 56 22 par
1211 2770 137 30 exemple.
1370 2771 22 24 Il
1414 2773 89 24 serait
1519 2778 81 20 assez

856 2796 52 31 joli
933 2803 34 18 on
993 2798 85 26 vieux
1102 2804 73 25 rose,
1202 2800 40 25 les
1267 2800 109 27 bandes
1400 2803 129 31 brodées,
1552 2806 48 22 ton

855 2833 51 18 sur
928 2828 58 32 ton,
1013 2835 69 20 avec
1108 2837 40 18 un
1173 2831 60 28 filet
1258 2832 139 31 d'argent,
1423 2833 26 26 le
1474 2835 125 31 bouquet

852 2858 38 24 de
908 2859 86 25 fleurs
1013 2865 63 20 rose
1097 2863 26 26 et
1141 2862 65 26 bleu
1224 2863 115 25 nattier.

882 2902 38 24 Le
947 2903 123 28 velours,
1098 2906 64 25 tout
1188 2907 118 31 indiqué
1336 2914 35 18 en
1400 2915 32 19 ce
1460 2911 136 28 moment,

855 2931 93 26 donne
972 2940 57 20 une
1051 2937 109 24 variété
1182 2937 34 25 de
1240 2937 103 26 teintes
1365 2939 90 32 vives,
1479 2942 59 28 qui,
1563 2949 35 18 en

853 2963 125 30 général,
1005 2967 71 22 vont
1101 2968 281 27 merveilleusement
1408 2970 18 25 à
1449 2978 54 19 nos
1530 2974 58 30 jjeti-

850 2996 52 25 tes.
922 2996 37 24 Le
977 2996 69 30 vert,
1063 2998 27 25 le
1108 3004 96 26 rouge,
1221 3000 26 25 le
1264 3000 89 30 jaune
1371 3002 120 30 surtout,
1512 3005 69 25 adou-

849 3031 41 19 cis
912 3028 35 25 de
969 3033 94 25 cygine
1085 3035 37 20 ou
1144 3030 34 25 de
1201 3032 152 25 marabout
1376 3033 84 28 blanc
1482 3035 97 30 produi-

853 3059 63 22 sent
939 3058 52 25 des
1017 3060 81 25 effets
1124 3061 58 26 très
1208 3061 102 32 jeunes
1336 3064 26 26 et
1387 3065 57 25 très
1469 3069 117 27 seyants

849 3089 37 25 Le
902 3090 115 25 velours
1033 3097 30 20 se
1080 3092 78 32 prête
1174 3093 56 24 fort
1246 3094 65 25 bien
1328 3102 57 19 aux
1398 3097 107 26 formes
1521 3098 57 26 droi-

849 3120 51 28 tes,
928 3120 107 32 élargie
1063 3122 34 26 de
1124 3123 100 32 godets
1252 3131 34 20 en
1313 3126 122 31 pointes,
1465 3129 129 31 disposés

848 3154 56 26 soit
921 3152 111 31 devant,
1051 3154 56 27 soit
1121 3156 63 25 tout
1198 3156 106 26 autour
1319 3158 38 26 du
1374 3158 144 27 fourreau.

878 3200 72 25 Avec
976 3206 45 20 ces
1046 3204 137 28 quelques
1208 3206 85 30 idées,
1320 3206 103 26 Chères
1449 3209 139 30 Mamans,

850 3231 84 25 faites
957 3233 17 25 à
992 3239 52 19 vos
1065 3235 113 25 fillettes
1199 3242 74 25 pour
1291 3239 67 25 Noël
1375 3241 31 22 et
1424 3240 25 25 le
1469 3242 67 25 Jour
1557 3243 37 24 de

848 3262 72 27 l'An,
940 3263 77 26 leurs
1036 3263 71 26 fêtes
1126 3273 53 24 par
1198 3269 170 28 excellence,
1388 3270 33 25 de
1439 3270 84 30 jolies
1541 3274 39 24 toi-

846 3294 81 24 lettes
941 3302 6 20 ;
965 3295 67 25 elles
1052 3296 137 26 rendront
1204 3299 67 31 plus
1285 3300 185 30 charmantes
1489 3309 100 20 encore

843 3330 52 19 vos
915 3327 111 28 petites,
1052 3333 57 19 aux
1130 3335 78 22 yeux
1228 3330 133 26 brillants
1384 3333 34 24 de
1442 3334 66 28 joie,
1531 3343 58 18 aux

844 3356 67 25 bras
932 3357 120 31 chargés
1076 3359 34 24 de
1131 3360 130 30 joujoux.

1473 3399 86 21 ANNIE.

1109 3771 87 27 BONS
1220 3772 96 25 MOTS

869 3852 31 24 D.
983 3852 59 28 Que
1067 3854 145 30 préfèrent
1234 3855 41 24 les
1303 3856 106 28 grands
1433 3857 125 26 buveurs
1571 3859 8 26 7

841 3882 59 24 Une
919 3888 97 20 œuvre
1035 3883 73 26 d'art
1124 3885 96 31 peinte
1239 3892 34 18 «u
1296 3888 125 30 sculptée
1435 3889 11 24 7

870 3913 28 24 R.
973 3914 39 25 La
1045 3915 96 31 peinte
1176 3917 38 28 (la
1246 3917 102 32 pinte),
1383 3924 69 21 sans
1486 3926 93 22 aucun

835 3943 94 26 doute.

1187 3981 35 26 A

868 4036 28 24 D.
965 4038 143 30 Pourquoi
1128 4039 72 25 est-il
1219 4041 24 25 si
1261 4041 120 26 malaisé
1402 4044 33 25 de
1453 4044 125 27 discuter

836 4072 70 20 avec
924 4067 41 26 les
983 4070 154 24 couteliers
1156 4070 12 25 7

867 4098 28 24 R.
913 4111 30 7 ~
959 4098 89 27 Parce
1065 4101 86 31 qu'ils
1166 4103 51 24 ont
1232 4103 26 26 le
1276 4104 48 25 ton
1341 4106 161 26 tranchant.

1188 4150 26 27 /
1215 4163 9 13 k

861 4202 31 24 D.
963 4204 77 26 Dans
1059 4205 94 30 quelle
1170 4205 197 27 circonstance
1389 4214 39 20 un
1448 4209 122 30 homme,

835 4233 91 25 même
953 4234 67 25 d'un
1046 4235 115 26 naturel
1185 4235 89 31 triste,
1300 4239 194 26 semblera-t-il
1520 4243 41 25 for-

831 4263 112 26 cément
964 4265 106 30 joyeux
1083 4267 13 22 7

862 4294 31 25 R.
956 4294 74 26 C'est,
1044 4297 130 31 lorsqu'il
1188 4304 72 24 aura
1278 4299 155 27 l'occasion
1449 4303 33 25 de
1500 4304 72 26 faire

830 4324 26 25 le
875 4328 67 28 guet
963 4326 35 31 (le
1017 4328 69 32 gai).

1183 4365 37 25 é\

861 4419 30 24 D.
952 4421 144 31 Pourquoi
1111 4426 70 21 ceux
1196 4423 50 28 qui
1260 4423 167 27 travaillent
1440 4426 17 25 à
1469 4426 28 26 la
1513 4431 38 20 ma-

830 4449 150 26 nufacture
1003 4452 51 24 des
1077 4452 133 27 Gobelins
1233 4460 35 19 ne
1291 4455 170 27 dansent-ils
1482 4457 85 27 guère

828 4479 131 27 dans'les
977 4481 61 26 bals
1052 4482 11 26 ?

857 4512 30 24 R.
957 4513 87 24 Parce
1063 4514 85 30 qu'ils
1168 4517 65 24 sont
1248 4517 133 26 habitués
1400 4518 17 25 à
1436 4519 71 26 faire
1527 4521 26 24 ta-

828 4543 128 28 pisserie.

1188 4580 17 9 ♦

1179 4592 13 14 *
1201 4592 12 13 *

855 4632 31 24 D.
959 4635 144 30 Pourquoi
1124 4636 43 25 les
1189 4643 156 25 personnes
1367 4641 66 26 bien
1455 4642 109 26 élevées

824 4668 19 25 y
861 4665 233 27 regardent-elles
1114 4667 17 25 à
1149 4669 73 25 deux
1243 4670 53 25 fois
1317 4672 85 25 avant
1421 4671 143 27 d'acheter

826 4694 51 25 des
894 4700 151 21 conserves
1062 4698 34 24 de
1110 4698 120 28 poisson
1244 4700 12 26 7

853 4726 28 26 R-
963 4728 87 24 Parce
1072 4728 120 32 quVilles
1215 4731 138 26 n'aiment
1377 4739 53 24 que
1455 4734 26 25 le
1505 4735 54 26 bon

827 4754 67 26 thon
917 4757 65 31 (que
1000 4757 26 26 le
1044 4759 56 25 bon
1120 4760 70 31 ton).

1298 4843 13 13 •

854 4861 69 27 Quel
952 4863 41 25 est
1019 4863 27 26 le
1072 4864 109 26 comble
1209 4865 37 27 du
1274 4866 97 27 Mérite
1396 4869 124 33 agricole
1547 4870 12 25 7

854 4892 118 25 Arroser
987 4899 39 18 un
1044 4894 104 35 poteau
1163 4894 215 33 télégraphique
1398 4900 26 26 et
1441 4900 118 27 récolter

820 4928 56 19 une
895 4922 125 32 dépêche
1037 4920 63 30 de...
1120 4926 155 27 Montreuil
1298 4930 65 27 (une
1383 4929 48 26 des
1453 4928 103 30 pèches

819 4952 34 25 de
873 4952 174 31 Montreuil}.

1428 4993 97 20 TORIG.

817 5109 81 25 taie...
933 5111 58 25 Une
1025 5114 72 24 sorte
1131 5114 34 25 de
1199 5115 106 31 vertige
1338 5117 26 24 le
1397 5117 83 26 saisit
1492 5127 9 20 ;
1534 5119 19 25 il

816 5141 107 30 croyait
945 5143 90 26 sentir
1054 5144 25 25 le
1098 5150 182 22 mouvement
1300 5148 47 25 des
1369 5147 65 31 flots
1455 5151 25 25 et
1501 5156 52 25 que

816 5172 118 30 l'église,
965 5174 187 30 transformée
1182 5181 33 19 en
1244 5172 107 38 navire,
1383 5179 170 31 l'emportait

816 5203 72 25 dans
914 5204 129 30 l'espace,
1068 5211 63 20 vers
1153 5207 25 24 le
1200 5210 63 31 port
1286 5210 113 26 éternel.
1428 5211 110 30 (Chroni-

814 5238 69 25 ques
902 5236 172 31 normandes
1097 5236 5 31 :
1122 5238 38 25 La
1181 5239 98 27 Flèche
1298 5241 35 25 de
1352 5241 168 26 Caudebec).

843 5280 152 34 Beaucoup
1019 5283 79 30 d'art,
1126 5284 148 34 beaucoup
1298 5287 33 26 de
1354 5288 45 25 vio
1414 5296 6 21 ;
1443 5289 26 25 le
1495 5289 53 26 réel

811 5313 26 24 et
860 5311 103 30 l'idéal,
986 5314 227 31 gracieusement
1233 5319 172 30 mélangés...
1428 5321 31 24 Jo
1480 5326 69 20 vous

810 5342 26 25 le
862 5343 92 31 répète
983 5342 5 35 :
1015 5352 45 19 oes
1083 5347 66 30 jolis
1174 5348 219 28 chefs-d'œuvre
1417 5352 131 26 méritent

810 5374 124 25 d'entrer
959 5375 72 25 dans
1056 5378 25 24 le
1106 5378 171 32 patrimoine
1302 5380 137 27 littéraire
1465 5383 33 24 de
1522 5383 26 22 la

813 5405 115 26 France.
954 5407 31 24 Et
1010 5408 77 24 voilà
1110 5411 139 30 pourquoi
1273 5411 27 32 je
1345 5417 72 20 vous
1442 5418 106 25 engage

810 5437 143 26 vivoment
976 5438 18 25 à
1017 5438 41 28 les
1082 5440 119 27 inscrire
1225 5443 94 32 parmi
1344 5450 48 19 vos
1420 5444 128 25 cadeaux

808 5467 48 25 des
875 5467 71 27 fêtes
961 5469 182 33 prochaines.

1429 5507 89 31 A*NU.

948 2551 60 30 Fig.
1032 2552 21 27 1.

1413 2557 59 31 Fig.
1494 2559 21 25 2.

1719 436 399 90 &C|K>TES
2218 494 9 32 ,

1968 754 43 24 LE
2029 755 103 26 LIVRE

1776 798 56 21 LES
1859 801 162 25 ETRENNES
2050 806 43 22 Dr
2119 807 59 21 NOS
2205 809 106 22 PETITS

1701 837 45 20 Les
1770 839 104 22 Albums
1899 843 74 21 Camo
2001 844 73 25 (.pour
2098 848 56 21 tout
2176 849 91 25 petits).
2341 854 76 20 Jolie*

1671 869 131 45 «SéaMes
1802 872 9 17 5
1813 883 6 9 '
1830 870 83 44 C/îmm
2043 879 12 17 S
2057 869 4 45 '
2099 876 48 21 bon
2173 878 84 21 dessln
2261 869 5 45 -

1671 895 138 38 agréables.
1830 895 98 25 Comme
1946 899 131 25 dernières
2098 906 152 20 nouveautés
2274 895 4 38 :
2298 907 118 26 Mlquette

1669 945 47 17 fa»
1739 920 43 41 *i.
1846 920 5 41 '
1863 928 19 33 /,
1883 928 38 17 me
2085 931 41 25 qui
2146 932 57 20 ale
2222 933 92 22 bonnet
2334 935 77 22 d'ine

1669 945 50 22 fait
1739 948 44 20 des
1802 950 115 26 cocottes,
1938 954 38 20 est
2000 958 33 18 au
2059 957 93 25 piquet,
2176 960 54 20 etc..
2310 963 22 19 et
2357 965 58 17 nuls

1669 972 96 24 répare.
1796 976 32 20 Ce
1852 978 44 19 oui
1930 980 125 21 enchante
2091 984 59 20 Polo
2176 990 43 17 son
2254 989 63 22 petit
2340 989 73 24 frère.

1929 1007 81 22 legued
2035 1007 59 22 Polo
2115 1015 30 17 ne
2178 1015 56 19 sera
2256 1013 57 24 plus
2346 1019 57 20 gour-

1926 1033 84 22 mand.
2033 1036 14 22 à
2068 1035 27 21 la
2113 1037 65 21 suite
2196 1038 80 22 d'une
2291 1042 124 21 aventure

1924 1061 30 19 nu
1978 1059 61 21 d'un
2063 1062 56 21 rêve
2143 1064 45 25 qui
2211 1064 84 24 plaira
2320 1068 14 21 à.
2357 1068 56 21 tous

1928 1084 37 21 les
1977 1085 124 25 bambins.

1948 1111 44 22 Les
2017 1119 180 26 surprenantes
2222 1121 132 22 aventures
2378 1126 35 19 au

1928 1139 60 20 vêtit
2007 1140 105 27 Gêdéon,
2134 1147 48 20 par
2199 1146 25 21 F.
2243 1149 26 18 de
2287 1146 85 25 Jongh.

1925 1165 110 26 Superbe
2056 1169 87 21 album
2167 1172 69 26 ln-4°,
2261 1178 59 19 avec
2342 1179 53 19 amu-

1928 1193 84 21 santes
2040 1195 24 20 et
2094 1195 119 25 délicates
2242 1199 171 26 illustrations

1925 1222 28 18 en
1983 1221 125 25 couleurs;
2137 1225 97 22 cadeau
2261 1227 17 21 à
2303 1227 66 22 faire
2398 1231 14 20 à

1930 1250 44 15 nos
1993 1248 77 24 petits
2091 1250 28 21 de
2135 1252 14 20 6
2169 1252 14 21 4
2198 1253 14 21 0
2230 1257 53 18 ans.
2348 1256 52 21 Com-

2023 1274 98 22 Gédéon
2150 1278 85 22 devint
2261 1281 54 20 tout
2341 1283 70 24 petit.

1930 1299 69 24 Petit,
2015 1302 32 20 de
2062 1302 28 21 la
2104 1302 73 24 taflle
2194 1306 74 21 d'une
2284 1310 83 21 souris
2391 1312 25 20 et

1664 1345 63 47 a?
2249 1365 25 15 -
2277 1339 11 15 s
2291 1335 109 24 ~
2399 1369 15 17 a

1667 1398 45 20 des
1733 1400 69 21 fées?
1891 1381 18 21 ?
1957 1380 44 25 qui
2021 1383 163 22 ««suscitent
2205 1387 44 20 des
2272 1388 91 25 esprits
2383 1393 25 19 et

1693 1424 32 20 Le
1744 1426 66 21 Tour
1832 1428 33 21 du
1887 1429 90 24 Monde
1997 1434 34 20 du
2054 1434 65 24 Petit
2141 1436 119 24 Coloriste
2282 1441 118 19 fL'Arrn*ri

1664 1452 56 24 que)
1752 1457 46 19 par
1819 1454 78 24 Henri
1920 1457 89 21 Morin.
2030 1470 28 5 -
2076 1460 64 24 C'est
2163 1463 58 21 bien
2241 1469 26 19 ce
2287 1446 115 43 oul^on

1662 1482 17 43 I
1690 1482 103 44 Tordra
1806 1483 61 43 *rtîî*
1877 1509 32 17 lm
1913 1483 45 24 Am
1964 1512 26 14 m
1991 1486 40 28 l<lU
2026 1514 11 12 ,
2034 1491 14 18 e
2075 1489 35 20 est
2114 1482 5 44 '
2144 1492 32 20 de
2203 1492 83 22 ,outes
2313 1494 96 27 '««ons,

1663 1509 14 15 a
1700 1511 7 14 j
1720 1507 72 21 ordre
1817 1508 34 21 du
1874 1509 66 24 Jour.
1964 1512 38 25 Et,
2026 1514 58 21 tout
2105 1520 32 17 en
2160 1518 109 24 mettant
2293 1520 35 21 les
2352 1525 57 17 cou-

1662 1563 30 15 Da
1687 1537 15 17 U
1696 1563 9 15 s
1707 1537 24 17 rS
1733 1550 30 28 'lfi
1766 1538 24 17 lo
1788 1561 79 17 ßrti«n
1865 1537 41 21 eln
1903 1563 6 15 i
1909 1537 39 22 tr6
1964 1544 7 15 (
1971 1539 7 39 J
1981 1543 12 17 e
1996 1537 5 41 ,
2008 1541 103 21 demain
2131 1548 139 20 parcourra
2287 1548 37 20 les
2342 1552 66 21 pam-

1662 1563 51 35 P®®'
1788 1561 18 20 ®
1809 1561 39 21 réï
1850 1563 26 35 !''
1902 1563 26 21 1»
1950 1566 87 25 Plaine
2061 1569 120 26 centrale,
2206 1572 22 21 le
2252 1573 104 22 Canada
2381 1576 25 20 et

1661 1611 120 24 l'homme
1993 1594 43 22 qul
2059 1596 170 25 rapprochent
2248 1599 26 21 la
2294 1600 67 21 terre
2383 1603 24 20 et

1805 1642 83 24 veut...
1910 1643 97 24 Arthur
2026 1651 32 15 ne
2078 1650 59 20 veut
2154 1652 78 24 pas...,
2252 1657 47 19 par
2321 1654 86 25 Henry

1659 1664 20 41 t
1685 1668 53 38 J?:?,
1783 1669 25 20 ~
1808 1669 52 20 Je
1884 1674 63 19 vous
1970 1674 112 22 Promets
2107 1680 47 20 que
2178 1678 39 21 cet
2242 1680 96 21 Arthur
2372 1687 32 17 en

1657 1691 83 24 lequel
1761 1697 48 17 nos
1830 1698 151 20 garçonnets
2001 1703 25 17 se
2047 1703 201 26 reconnaîtront,
2267 1706 65 21 tient
2353 1707 51 21 bon

1658 1723 110 39 vnW?
1769 1724 9 17 1
1791 1721 61 41 LJ.
1853 1726 25 18 eu
1874 1749 18 13 j.
1911 1728 32 17 0U
1967 1729 31 15 ne
2006 1752 6 11 ,
2020 1728 58 19 veut
2100 1733 15 20 P
2118 1733 27 17 as
2147 1721 4 41 -
2174 1730 65 22 Mais
2258 1736 97 17 comme
2376 1739 27 15 sa

1658 1744 69 43 î!î!«
1759 1747 52 40 ii.
1843 1749 53 38 LL
1896 1754 35 17 un
1950 1755 41 32 °ï,
2006 1752 7 20 1
2022 1754 74 21 autre
2119 1760 63 19 sens,
2203 1757 65 21 n'est
2288 1763 45 20 pas
2352 1761 53 20 tou-

1656 1770 77 33 Jours_
1759 1772 52 22 très
1843 1776 171 26 raisonnable,
2048 1781 19 19 il
2099 1786 31 17 en
2164 1782 93 22 résulte
2290 1786 111 22 certains

1657 1801 56 39 ?h«
1714 1802 20 17 Ul
1737 1804 18 37 ?'
1799 1805 30 17 ar
1852 1804 120 37 exemple,
1995 1805 116 25 lorsqu'il
2132 1812 32 18 ne
2187 1811 59 20 veut
2269 1817 45 20 pas
2339 1812 64 24 aller

1656 1850 69 15 fnmo
1925 1834 32 17 ou
1982 1833 87 22 quand
2093 1839 32 17 au
2150 1837 128 21 contraire
2300 1839 21 21 U
2343 1843 59 19 veut

1780 1854 64 39 J?}<!
1866 1856 34 38 iP
1902 1859 13 17 6
2081 1861 32 20 de
2128 1861 159 27 l'invention;
2306 1865 96 22 Arthur

1806 1906 11 11 «
1832 1881 12 35 £
1866 1881 122 26 Français
2013 1886 25 19 et
2065 1891 46 20 par
2135 1889 27 20 là
2187 1890 79 22 même
2289 1894 37 20 un
2352 1897 46 20 peu

1655 1903 130 28 frondeur,
1806 1906 53 22 très
1876 1907 176 26 débrouillard
2068 1915 26 20 et
2112 1915 51 21 bon
2183 1920 102 20 garçon.

1655 1933 52 35 .±
1707 1932 48 21 Arc
1756 1944 8 7 -
1765 1936 14 18 e
1772 1959 7 9 ,
1780 1936 18 18 n
1798 1943 8 5 '
1807 1933 50 22 ctel
1873 1935 41 21 <tes
2042 1939 107 25 (Ufauts.
2210 1944 58 22 Cela
2284 1945 48 21 fait
2348 1951 50 18 non

1654 1958 53 35 ffP'
1721 1963 13 17 c
1737 1961 57 39 2l'r!f
1796 1964 14 17 ll
1811 1965 17 34 i!
1830 1965 9 15 S
1843 1958 4 41 '
1866 1967 41 17 mi
1903 1989 6 11 ,
1910 1963 20 20 ls
1926 1989 8 11 .
1948 1967 53 22 Sspt
2016 1967 85 22 contes
2120 1974 32 17 ou
2170 1969 100 22 défauts
2287 1971 113 25 qu'illus-

1654 1984 32 34 L'.
1687 1984 5 43 e
1694 1984 97 43 "'2
1809 1987 159 27 humoristes,
1987 1991 48 21 tels
2052 1998 47 20 que
2118 1995 115 24 Pinchon
2251 1998 24 20 et
2294 1997 103 24 Robida.

1806 2019 30 33 Si
1857 2041 17 11 ~
1929 2021 22 18 c<
1952 2021 6 27 ?
1961 2019 85 21 uleurs
2115 2021 63 22 l'arc
2198 2024 100 21 passent
2319 2026 67 21 insen-

1654 2037 132 44 ÏÏ™,™'
1946 2044 14 20 h
1957 2070 7 11 ,
1982 2044 7 20 1
2001 2044 45 21 aut
2047 2050 34 20 r«.
2104 2048 65 21 ainsi
2189 2054 47 19 par
2256 2055 37 17 un
2311 2052 86 22 défaut

1920 2070 93 25 autres,
2039 2078 27 15 ce
2091 2074 44 24 qui
2160 2076 87 21 amène
2274 2078 57 21 bien
2355 2079 43 21 des

1773 2092 20 22 D
1795 2094 159 26 ®wandez-le,
1977 2102 47 21 par
2047 2101 122 24 exemple,
2191 2104 15 20 à
2230 2104 119 24 Germain
2373 2106 24 21 le

1650 2117 113 22 Hautain
1794 2120 17 21 à
1830 2121 145 22 Ferdinand
1994 2124 24 24 le
2039 2125 148 26 Gourmand
2209 2130 32 21 où
2262 2130 15 21 à
2298 2132 96 22 Andrée

1649 2170 25 18 et
1806 2148 52 39 LiT
1876 2148 12 20 J
1948 2150 59 21 volu
2037 2156 11 15 6
2050 2148 4 39 '
2076 2153 171 24 présentation
2269 2157 125 25 originale

1676 2184 63 26 <iw
1806 2171 39 39 '«
1861 2178 12 32 ?
1886 2176 67 21 taur
1955 2180 52 21 ens,
2023 2177 91 24 broché
2130 2181 27 20 90
2172 2181 39 24 fr„
2229 2183 61 21 relié
2307 2185 25 20 25
2344 2185 48 25 fr.).

1648 2197 158 43 niïïmî'Mw
1857 2202 14 38 i
1873 2205 12 17 s
1904 2229 8 11 .
1949 2218 9 21 J
1980 2204 63 21 cest
2065 2205 25 21 ls
2111 2206 59 22 titre
2172 2197 5 43 -
2200 2209 25 21 et
2246 2210 56 21 ce!a

1788 2230 18 21 7
1800 2252 6 12 ,
1857 2228 14 20 d
1922 2232 15 32 J
1974 2233 31 18 en
2021 2233 27 18 ce
2065 2232 102 21 volume
2181 2228 5 37 :
2205 2235 43 22 des
2261 2237 86 22 contes
2362 2241 31 20 de

1648 2248 98 45 Ïmi»Î
1825 2257 6 17 1
1832 2257 64 35 )?®®
1918 2255 17 38 ?
1959 2256 115 24 colorier,
2101 2259 41 20 des
2167 2262 185 25 constructions
2378 2265 13 21 ft

1646 2301 51 24 l'on
1794 2285 154 45 apprendre*
1954 2308 25 22 et
2196 2293 195 50 qusl'on^eut

1880 2335 184 45 sœr
2082 2343 33 17 on
2137 2344 15 20 y
2170 2320 131 44 re?lcndra
2331 2319 60 48 ®

1644 2408 24 14 M
1670 2381 17 22 L
1689 2408 31 14 RN
1721 2382 20 21 M
1742 2387 47 35 VÏÎ
1800 2385 27 38 I'
1828 2386 24 20 TC
1847 2412 17 11 N
1873 2389 11 17 E
1881 2413 7 9 ,
1886 2387 9 19 L
1891 2413 8 9 I
1951 2392 11 15 S
1964 2391 19 32 °,
1984 2393 13 17 N
2011 2388 64 24 CFT<ÏF
2089 2396 57 18 ,PAR
2160 2395 25 18 DS
2199 2398 25 17 U
2239 2394 149 25 BÉOOLLIFCRE)

1769 2414 12 18 e
1795 2411 33 32 ?f
1844 2412 167 26 Polichinelle
2029 2415 126 24 (d'Octave
2171 2419 126 26 FEUILLET),
2317 2424 30 20 a»
2365 2424 25 20 la

1644 2434 131 22 collection
1795 2437 113 24 blanche.
1970 2441 59 20 Très
2047 2443 48 21 fine
2113 2446 150 21 couverture
2280 2448 25 21 et
2320 2451 67 19 aussi

1645 2460 60 21 fines
1728 2463 178 28 Illustrations,
1929 2466 60 24 m»
2010 2471 85 21 parler
2115 2471 32 21 du
2171 2472 67 22 texte
2258 2476 32 20 dû
2310 2476 17 21 à
2346 2452 43 45 del

1644 2487 105 24 maîtres
1772 2490 34 21 du
1827 2491 71 25 style.
1923 2493 132 24 Délicieux
2075 2497 102 24 volume
2199 2500 15 20 à
2237 2502 78 19 offrir.

1972 2537 25 20 et
2015 2537 64 22 Jcan
2094 2543 14 20 l
2111 2539 28 20 ui
2154 2544 13 18 s
2169 2541 6 8 '
2177 2544 32 19 en
2223 2545 98 22 moque,
2340 2550 45 19 par

1641 2556 45 41 S
1951 2568 15 15 a
1980 2589 9 8 4
1984 2563 67 22 Mme
2070 2565 14 20 d
2086 2570 15 17 «
2120 2567 78 27 Ségur
2217 2569 126 22 moderne.

1645 2582 40 20 Ses
1708 2584 78 24 petits
1808 2587 103 21 enfants
1932 2589 58 20 sont
2015 2590 30 20 de
2066 2595 46 18 nos
2134 2593 78 25 jours-
2237 2595 63 22 allez
2323 2596 56 21 voir

1821 2614 2 35 '
1841 2614 64 21 Jean
1907 2614 5 35 .
1983 2621 11 15 s
1997 2614 5 35 '
2003 2621 31 17 en
2050 2621 51 18 I,10(
2102 2623 6 19 l
2111 2623 31 17 ue
2157 2621 25 20 et
2199 2621 103 22 Charles
2317 2624 54 20 Fres-

1813 2643 34 32 lln
1869 2644 35 21 <lu
1906 2641 11 34 i
1938 2647 26 15 88
1984 2647 58 18 corr
2043 2643 39 24 'S«
2107 2647 24 19 et
2152 2646 93 22 l'autre
2269 2649 116 25 toujours

1769 2668 15 33 î
1801 2669 14 18 6
1850 2670 28 19 P°
1880 2672 13 17 r
1893 2672 12 15 ®
1906 2667 27 21 év
1936 2667 13 22 é
1951 2673 12 15 r
1964 2669 52 24 ant,
2037 2674 60 19 vous
2117 2672 38 21 les
2173 2674 157 24 retrouverez
2350 2681 33 18 au

1641 2688 96 35 collège
1761 2691 24 21 et
1812 2693 56 24 près
1893 2693 28 22 de
1948 2700 70 18 vous.
2043 2698 50 21 Par
2119 2699 71 25 suite,
2213 2706 44 17 vos
2283 2702 102 21 enfants

1642 2715 138 24 prendront
1801 2719 92 24 plaisir
1916 2721 17 21 A
1954 2726 39 17 ces
2015 2724 69 21 deux
2106 2725 79 24 livre»
2205 2727 33 22 où
2263 2730 58 20 Mad
2354 2719 28 33 dé

1641 2741 142 24 Gencstoux
1802 2745 94 24 excelle
1916 2747 14 21 A
1951 2751 149 20 renouveler
2120 2752 27 24 la>
2167 2753 111 24 fameuse
2296 2758 76 20 collec-

1639 2769 60 24 tion,
1719 2769 57 22 tout
1791 2776 32 17 en
1840 2772 37 21 lut
1894 2773 162 24 maintenant
2074 2781 44 17 son
2134 2779 78 25 esprit
2230 2781 24 21 et
2270 2786 45 17 son
2331 2784 50 20 bon

1639 2797 41 19 TON
1682 2811 7 6 -
2280 2807 74 20 ANNIE.

1831 2850 194 28 L'OUVRAGE
2044 2855 142 27 MANUEL

1664 2890 78 21 Petite
1762 2893 59 21 robe
1841 2897 65 22 pour
1924 2895 87 26 enfant
2031 2897 30 21 de
2079 2901 13 20 5
2112 2903 53 18 ans.
2180 2911 30 6 _
2229 2902 35 21 Au
2283 2903 74 20 trient
2376 2890 1 33 •

1635 2916 45 43 ?nir
1681 2916 2 43 l
1684 2943 37 15 io„
1722 2919 58 24 lpelo
1781 2920 11 39 ?
1794 2923 25 18 eS
1819 2947 17 12 j.
1841 2921 30 20 de
1892 2921 9 21 J
1899 2947 11 12 ,
1904 2922 24 21 ai
1929 2927 19 32 ,l
1949 2928 13 17 c
2107 2930 48 18 une
2177 2928 81 25 pelote
2281 2931 97 22 d'autre

1786 2973 15 12 i,
1804 2947 50 38 J°
1853 2952 18 18 n
1890 2974 7 9 .
1928 2948 21 37 ■}
2049 2952 98 22 desslns
2178 2954 64 22 dans
2268 2956 25 20 le
2324 2957 51 22 bas.

1632 2995 24 14 -r-
1744 2999 20 11 t>
1814 2973 13 33 i
1830 2978 12 15 s
1867 2978 17 27 ?
1926 2975 19 21 3.
1974 2975 135 26 Longueur
2135 2980 27 20 40
2191 2985 54 21 cm,,
2275 2982 103 25 largeur

1727 2999 22 35 J
1749 2999 106 21 Prendre
1873 3000 26 21 la
1918 3001 70 22 laine
2006 3005 97 21 double.
2125 3006 99 22 Monter
2238 3011 27 19 80
2284 3011 83 22 points

1632 3021 65 24 faire
1727 3025 22 20 11
1776 3030 78 20 rangs
1884 3027 28 21 de
1941 3030 71 22 point
2040 3031 65 24 jarre-

1631 3050 70 25 tlère,
1733 3052 56 22 puis
1815 3053 26 20 78
1870 3058 77 20 rangs
1976 3060 30 18 en
2036 3058 81 24 points

1632 3076 65 25 unts;
1716 3078 122 25 partager
1853 3080 24 21 le
1894 3080 93 24 travail
2004 3087 31 18 en
2050 3084 67 25 deux

1630 3106 64 20 pour
1723 3104 156 25 l'ouverture
1907 3107 34 22 du
1971 3109 92 22 devant
2092 3111 25 21 et

1631 3129 64 21 faire
1723 3131 26 20 26
1778 3136 85 20 rangs;
1892 3137 32 18 au
1952 3136 41 24 sv,
2026 3137 91 25 garder

1632 3156 24 20 10
1675 3156 87 26 points
1783 3163 64 19 pour
1870 3159 115 26 l'épaule.
2007 3163 110 22 Prendre

1630 3182 57 21 tous
1701 3183 35 22 les
1749 3185 67 21 deux
1834 3187 84 25 poinls
1932 3189 67 20 deux
2016 3189 100 24 mailles

1630 3210 125 22 ensemble
1780 3213 41 21 des
1846 3215 22 19 31
1896 3215 84 24 points
2001 3217 45 24 qui
2068 3221 35 18 res-

1628 3236 53 21 tent
1694 3236 4 31 ;
1723 3242 33 15 au
1782 3243 65 19 rang
1870 3241 109 24 suivant,
2004 3243 109 24 prendre

1629 3267 89 19 encore
1743 3267 13 20 2
1785 3266 83 24 points
1893 3268 126 21 ensemble
2044 3270 31 19 de
2102 3273 12 19 2

1628 3293 31 19 en
1677 3292 20 21 2;
1719 3295 33 18 au
1768 3293 21 19 3'
1809 3296 72 20 rang,
1902 3294 115 22 rabattre
2036 3296 34 20 les
2091 3298 85 25 points
2193 3300 26 20 et
2237 3300 133 24 continuer

1629 3317 110 22 pendant
1768 3319 14 20 6
1811 3324 78 20 rangs
1919 3321 14 20 à
1962 3321 105 22 tricoter
2094 3324 35 21 les
2160 3326 24 19 19
2212 3326 98 21 mailles
2341 3330 30 21 de

1639 3343 38 37 Ax
1678 3346 32 19 SU
1706 3371 12 8 t
1737 3360 6 7 '
1761 3350 21 30 /
1785 3345 99 22 abattre
1969 3348 87 25 points
2079 3351 25 20 et
2128 3356 86 20 passer
2237 3354 14 21 à
2276 3353 93 24 l'autre

1625 3371 60 20 coté.
1707 3371 32 20 Le
1759 3371 91 21 devant
1869 3372 116 26 terminé,
2006 3377 99 21 monter
2122 3378 22 20 le
2165 3379 79 20 même
2264 3380 104 22 nombre

1625 3396 30 21 de
1678 3397 102 22 mailles
1802 3404 64 20 pour
1892 3399 21 21 le
1935 3400 52 25 dos,
2010 3403 105 21 tricoter
2139 3404 35 22 104
2199 3410 78 20 rangs
2300 3409 60 20 unis

1625 3424 72 21 après
1720 3424 37 21 les
1779 3426 22 19 11
1825 3430 77 20 rangs
1919 3429 32 19 de
1972 3429 73 24 point
2066 3430 141 25 Jarretière,
2229 3433 25 20 et
2276 3433 92 22 garder

1625 3452 50 17 aux
1697 3450 66 21 deux
1783 3451 145 24 extrémités
1948 3454 31 22 de
1998 3455 126 26 l'aiguille
2145 3458 22 20 10
2189 3456 92 27 points;
2303 3461 65 20 faire

1624 3476 35 19 les
1691 3476 169 24 diminutions
1891 3483 94 19 comme
2020 3485 45 20 par
2095 3482 98 26 devant,
2229 3484 58 22 finir
2317 3490 50 18 une

1623 3502 97 26 {■paule,
1744 3506 136 24 reprendre
1902 3507 102 22 l'autre.

1649 3528 72 22 Faire
1753 3531 157 24 séparément
1944 3534 24 20 la
2004 3534 74 25 petite
2108 3537 107 21 manche
2232 3528 4 33 ;
2271 3540 85 21 courte

1622 3556 25 19 «
1664 3556 99 22 mailles
1781 3559 25 21 et
1825 3561 24 19 10
1869 3563 77 21 rangs
1965 3561 30 20 de
2011 3561 72 25 point
2101 3563 143 24 jarretière;
2264 3557 99 31 longue'

1622 3581 24 20 le
1671 3582 80 21 mémo
1776 3586 105 20 nombre
1906 3587 31 20 do
1963 3587 106 26 mailles,
2094 3589 25 20 et
2145 3593 35 18 un
2203 3592 105 21 nombre
2335 3583 28 31 dé

1622 3613 78 20 rangs
1717 3609 132 22 Jarretière
1872 3613 181 24 proportionné
2075 3614 15 21 i
2112 3617 25 21 la
2160 3617 124 24 longueur
2306 3622 45 17 vou-

1620 3634 50 25 lue,
1697 3639 59 18 avec
1782 3641 50 17 une
1859 3643 32 19 ou
1916 3639 66 22 deux
2008 3640 176 27 diminutions,
2209 3645 103 21 suivant
2337 3645 26 24 la

1619 3661 150 19 dimension.

1645 3689 141 24 Assemhier
1802 3689 5 32 :
1837 3692 66 22 faire
1937 3690 94 27 retour
2065 3696 30 22 de
2127 3696 137 22 l'encolure
2297 3699 61 21 deux

1619 3719 78 20 rangs
1729 3717 28 20 de
1789 3718 107 25 crochet,
1932 3720 125 25 composés
2087 3722 31 22 de
2150 3723 156 26 demi-bride,
2336 3728 22 21 et

1619 3742 118 22 entourer
1761 3743 156 25 l'ouverture
1939 3746 33 20 du
1995 3748 100 22 devant.
2120 3750 73 20 Faire
2215 3755 50 15 une
2285 3751 73 24 petite

1617 3769 128 33 çha-tnette
1766 3770 122 24 terminée
1907 3777 48 17 nar
1977 3777 35 18 un
2031 3778 109 21 pompon
2160 3780 65 21 pour
2244 3777 115 22 attacher

1617 3795 25 18 la
1664 3795 67 18 robe.

1644 3821 22 21 Si
1688 3822 51 21 l'on
1757 3822 58 22 veut
1835 3823 66 24 faire
1918 3826 45 22 des
1981 3827 117 24 damiers,
2117 3829 45 21 des
2178 3829 118 25 moulins,
2317 3830 38 21 des

1616 3848 85 22 lapins
1721 3854 31 15 au
1774 3849 50 26 bas,
1844 3855 32 20 au
1896 3853 84 21 dessus
2000 3854 30 21 de
2046 3855 28 20 la
2092 3855 117 25 bordure,
2228 3855 76 22 l'effet
2322 3859 33 19 est

1617 3874 141 19 charmant.

1877 3930 228 28 L'ENTRETIEN

1641 3970 71 22 Deux
1729 3971 59 21 bons
1806 3972 118 26 procédés
1943 3978 64 21 pour
2024 3976 116 26 nettoyer
2158 3978 34 21 les
2209 3979 104 25 carafes,

1613 3998 22 19 r
1665 3998 87 21 Mettre
1779 3999 30 21 de
1834 3999 64 21 l'eau
1924 4002 63 21 dans
2013 4003 25 21 la
2061 4005 92 22 carafe,
2179 4009 48 17 une
2252 4006 99 25 poignée

1613 4026 13 17 ti
1639 4025 89 20 avoine
1748 4025 24 20 et
1791 4030 102 18 secouer
1907 4033 6 17 ;
1931 4028 31 20 do
1981 4029 64 22 cette
2063 4030 72 25 façon
2156 4031 25 20 le
2198 4036 71 15 verre
2288 4033 52 21 rede-

1612 4050 69 20 vient
1700 4051 162 25 transparent
1881 4057 32 18 en
1933 4054 122 26 quelques
2079 4057 116 24 instants;
2216 4057 25 21 2'
2265 4058 86 24 Mettre

1611 4077 31 19 de
1667 4077 64 21 l'eau
1755 4078 63 22 dans
1839 4080 26 21 la
1887 4081 85 21 carafe
1995 4083 25 20 et
2043 4083 40 20 des
2107 4088 111 20 pommes
2235 4084 32 22 de
2288 4087 64 21 terre

1611 4103 105 24 coupées
1739 4109 32 15 en
1794 4109 126 22 morceau,
1943 4108 58 24 puis
2024 4113 100 18 secouer

1637 4129 69 20 Pour
1724 4130 116 26 nettoyer
1861 4133 168 24 Varaenterte.
2095 4136 73 22 Faire
2187 4137 27 20 la
2236 4139 102 24 prépara-

1610 4155 54 20 tion
1683 4157 117 21 suivante
1817 4155 5 33 :
1841 4160 40 21 9-J.ï
1899 4165 37 19 gr.
1959 4160 30 21 de
2010 4162 67 21 craie
2100 4162 144 26 pulvérisée,
2267 4167 27 19 50
2314 4168 30 20 gr

1611 4182 13 19 d
1636 4187 98 17 essence
1757 4185 32 20 de
1813 4185 182 26 térébenthine,
2019 4189 26 20 sn
2066 4193 38 20 gr.
2131 4189 113 25 d'alcool,
2268 4191 24 21 18
2314 4194 37 20 gr.

1610 4208 103 25 d'esprit
1730 4212 31 20 de
1781 4211 126 25 camphre,
1932 4214 11 19 8
1963 4218 35 20 gr.
2023 4214 203 27 d'ammoniaque
2246 4217 103 24 liquide.

1635 4235 37 19 On
1690 4238 119 24 applique
1827 4241 58 21 avec
1902 4243 50 18 une
1970 4240 93 25 éponge
2080 4243 24 21 et
2122 4246 31 18 on
2170 4243 78 24 laissa
2265 4244 85 22 sécher

1609 4263 77 20 avant
1706 4264 32 21 de
1761 4264 72 24 polir.

1879 4317 41 24 LA
1941 4317 137 26 CUISINE

1633 4362 69 25 Œufs
1724 4367 31 18 en
1776 4364 133 26 bloquette.
1972 4365 72 21 Trois
2063 4368 73 24 œufs,
2156 4372 37 18 un
2213 4370 129 21 demi-litre

1606 4387 30 22 <l6
1662 4389 52 22 lait,
1737 4390 26 20 95
1789 4394 125 21 grammes
1938 4391 31 21 de
1995 4391 96 24 beurre.
2119 4394 60 22 Bien
2205 4395 83 21 battre
2313 4396 30 20 les

1603 4414 73 25 œufs,
1700 4416 89 21 blancs
1807 4416 25 21 et
1850 4417 98 25 jaunes,
1969 4422 17 20 y
2004 4419 99 24 joindre
2126 4421 22 21 le
2169 4422 53 24 lait,
2245 4422 22 20 le
2290 4422 34 20 sel
2341 4414 1 34 ;

1863 4447 84 20 passer
1971 4444 22 21 le
2016 4446 115 25 mélange
2156 4448 51 21 afin
2229 4449 64 24 qu'il
2315 4453 27 17 ne

1861 4470 65 20 reste
1942 4472 25 20 ni
1987 4475 84 20 germe
2089 4474 85 24 d'osnf,
2194 4474 26 20 ni
2237 4475 105 24 parcelle

1863 4496 30 21 de
1910 4498 89 24 crème;
2017 4499 104 21 beurrer
2137 4501 32 19 do
2185 4501 74 24 petits
2278 4506 48 15 mou-

1861 4522 34 20 les
1918 4527 30 18 en
1970 4526 142 21 porcelaine
2135 4527 22 20 et
2178 4532 17 21 y
2215 4532 84 18 verser
2320 4527 22 22 la

1852 4547 2 33 j
1863 4547 162 27 préparation
2040 4559 6 17 ;
2070 4553 65 21 faire
2165 4553 69 21 cuire
2259 4556 15 20 à
2302 4553 40 21 feu

1852 4576 74 22 'doux
1957 4578 110 24 pendant
2099 4579 26 21 90
2156 4579 117 26 minutes,
2306 4579 25 22 dé-

1859 4603 97 22 piouler
1976 4605 22 19 et
2022 4605 80 20 servir
2121 4610 59 15 avec
2200 4611 50 15 une
2270 4611 72 19 sauce

1858 4628 94 25 Andral
1971 4633 32 18 ou
2022 4635 48 17 une
2088 4636 74 17 sauce
2179 4632 136 22 béchamel.

1886 4654 120 24 Gnorchts
2026 4658 14 19 d
2060 4657 149 21 l'ltalienne.
2270 4661 72 20 Faire

1859 4681 104 22 bouillir
1997 4687 34 18 un
2063 4683 138 22 demi-lttre
2232 4685 31 21 de
2295 4687 47 22 lait

1600 4709 59 17 avec
1677 4709 27 15 50
1721 4709 37 20 gr.
1778 4709 30 20 de
1825 4709 89 20 beurre
1930 4710 24 19 et
1972 4711 48 18 une
2040 4710 86 25 pincée
2145 4711 30 21 de
2192 4711 41 21 sel.
2252 4711 89 24 Quand

1600 4731 22 20 le
1645 4731 46 22 lait
1716 4733 67 24 bout,
1806 4739 17 19 y
1843 4734 65 24 Jeter
1931 4739 28 17 on
1985 4735 69 25 pluie
2074 4737 38 20 «0
2135 4742 35 19 gr.
2197 4739 30 20 do
2250 4739 89 26 farine,

1600 4757 104 24 tourner
1722 4760 206 26 énerglqnemont
1949 4767 44 17 sur
2013 4762 21 21 le
2056 4763 47 25 feu,
2125 4765 99 24 jusqu'à
2246 4768 26 18 ce
2293 4769 47 21 que

1600 4785 25 21 In
1643 4785 56 25 pAte
1715 4787 46 20 soit
1778 4787 56 20 bien
1853 4788 143 21 homogène.
2017 4791 94 20 Retirer
2128 4792 22 21 la
2169 4793 122 20 casserole
2306 4793 32 21 du

1598 4811 48 24 feu,
1664 4812 99 24 ajouter
1778 4814 27 19 «i
1822 4818 35 18 gr.
1878 4814 28 21 de
1924 4814 113 25 fromage
2057 4817 27 21 do
2229 4819 58 24 r.lpè
2306 4820 22 20 ot

1600 4838 53 21 l'un
1669 4839 73 22 après
1756 4839 99 24 l'autre,
1874 4841 37 20 six
1928 4843 66 20 œuf»
2008 4844 99 21 entiers.
2126 4844 97 22 Laisser
2241 4848 99 20 reposer

1600 4864 24 20 la
1644 4864 63 25 pftte.
1729 4865 54 24 puis
1802 4871 30 15 en
1852 4866 64 22 faire
1937 4867 43 22 des
1998 4870 78 20 sortes
2096 4870 30 21 rie
2146 4871 126 24 quenelles
2291 4876 47 20 que

1599 4890 48 21 l'on
1670 4891 48 22 fait
1736 4892 91 24 pocher
1879 4893 64 22 l'eau
1965 4896 138 22 bouillante
2122 4897 110 25 pendant
2254 4900 24 19 10
2296 4899 28 20 mi-

1597 4917 79 21 nutes.
1701 4918 44 20 Les
1768 4918 113 22 égoutter
1904 4920 22 20 et
1952 4922 33 20 les
2009 4923 78 20 servir
2109 4924 130 22 masquées
2259 4925 76 21 d'une

1596 4946 72 18 sauce
1693 4944 137 26 béchamel,
1856 4948 13 21 à
1894 4945 24 21 la
1942 4948 81 21 crème
2048 4952 31 18 ou
2106 4954 32 17 au
2161 4951 119 19 fromage.

1625 5034 41 24 On
1689 5040 131 20 annonce
1844 5042 35 19 au
1905 5037 66 31 petit
1991 5039 119 30 Jacques
2134 5046 53 25 que
2207 5042 27 25 la
2259 5042 67 25 terre

1603 5066 93 24 tourne
1717 5068 103 25 autour
1840 5068 37 24 du
1898 5068 89 26 soleil.

1624 5109 26 6 -
1668 5096 40 22 Ah
1723 5095 39 24 ?...

1623 5127 77 27 Dans
1719 5128 24 25 le
1761 5130 76 30 fond,
1856 5137 32 24 ça
1906 5131 38 25 lui
1962 5134 40 25 est
2020 5140 79 19 assez
2117 5134 61 31 égal
2206 5137 33 24 Et
2255 5137 69 30 puis,

1593 5163 60 20 tout,
1671 5159 34 26 de
1722 5161 98 27 même,
1843 5167 34 19 au
1897 5163 66 25 bout
1982 5165 67 25 d'un
2068 5166 67 32 long
2153 5170 133 22 moment,
2307 5170 17 24 il

1591 5196 30 20 se
1641 5192 157 30 rensßigne,
1821 5198 50 26 par
1891 5193 133 31 politesse
2047 5205 6 17 :

1620 5236 27 6 -
1667 5224 33 27 Et
1719 5224 96 30 quand
1835 5225 17 26 il
1874 5225 46 33 n'y
1941 5233 15 19 a
1977 5233 48 25 pas
2044 5229 33 25 de
2098 5230 80 26 soleil
2192 5229 41 30 î...

1942 5272 37 25 A

1620 5327 120 28 Thérèse
1757 5328 67 26 était
1840 5335 33 21 en
1891 5329 73 26 train
1980 5333 188 31 d'apprendre
2181 5342 56 19 une
2254 5335 73 26 fable

1592 5359 33 22 de
1646 5359 38 24 La
1706 5360 137 27 Fontaine
1866 5361 112 32 lorsque
2000 5368 52 19 son
2075 5367 80 24 oncle
2177 5368 69 22 Jean
2267 5368 59 25 vint

1594 5387 26 27 la
1643 5388 63 25 voir
1727 5391 33 25 et.
1786 5391 102 25 s'étant
1909 5394 99 25 amusé
2030 5394 17 25 à.
2069 5396 38 24 lui
2131 5396 71 26 faire
2225 5399 102 24 reviser

1590 5424 31 19 sa
1644 5419 87 28 leçon,
1756 5420 39 27 lui
1819 5421 142 27 demanda
1984 5425 92 30 quelle
2098 5427 154 26 différence
2275 5428 51 25 elle

1593 5451 122 24 trouvait
1740 5453 77 24 entre
1840 5453 26 26 la
1890 5459 80 25 prose
1993 5459 25 21 et
2041 5457 39 25 les
2104 5463 63 20 vers
2181 5458 11 25 ?

1669 5480 51 25 Les
1744 5486 71 25 vers,
1840 5483 99 28 s'écria
1961 5485 130 32 Thérèse,
2114 5489 41 26 les
2178 5494 63 22 vers
2263 5492 64 25 c'est

1591 5512 97 31 quand
1711 5518 37 24 on
1772 5513 116 28 marche
1910 5520 38 24 au
1969 5520 63 25 pas.

2663 3045 40 22 LE
2722 3046 105 24 BATIK
2846 3047 46 31 (II)

2725 3094 116 24 EMPLOI

2378 3132 1 35 l
2439 3133 77 25 Pour
2533 3133 145 31 employer
2695 3135 27 25 la
2743 3136 71 28 pâte,
2832 3143 38 19 on
2888 3138 31 25 la
2934 3138 122 30 chauffe,
3074 3141 71 24 mais

2378 3162 1 39 |
2409 3169 37 20 on
2471 3170 35 20 ne
2531 3164 30 27 la
2584 3165 53 26 fait
2662 3171 52 24 pas
2738 3167 118 27 bouillir
2869 3176 7 20 ;
2898 3169 123 26 aussitôt
3045 3170 100 31 qu'elle

2408 3196 41 24 est
2471 3196 115 30 liquide,
2609 3203 37 20 on
2666 3197 106 25 l'étend
2794 3204 38 20 au
2851 3201 132 28 pinceau.
3009 3202 77 25 Pour
3106 3203 39 25 les

2409 3227 102 25 détails
2539 3229 59 24 très
2624 3229 65 28 fins,
2719 3235 73 24 pour
2820 3230 120 25 simuler
2969 3235 47 22 des
3046 3233 99 31 perles,

2409 3263 35 19 on
2464 3259 116 26 chauffe
2600 3261 33 24 de
2650 3261 32 26 la
2698 3262 66 30 pâte
2784 3262 73 25 dans
2876 3263 30 25 la
2924 3263 105 31 pipette
3050 3268 27 21 et
3094 3265 51 25 elle

2407 3289 122 25 s'écoule
2551 3296 53 25 par
2624 3298 58 18 une
2704 3293 86 30 petite
2812 3294 132 25 tubulure
2968 3295 48 30 qui
3039 3298 106 27 permet

2406 3321 34 25 de
2464 3321 96 25 suivre
2581 3324 43 26 les
2644 3325 83 24 traits
2751 3325 43 24 les
2815 3326 66 30 plus
2902 3326 57 25 fins
2992 3327 103 27 Quand
3116 3327 30 24 la

2405 3353 66 30 pâte
2491 3354 41 24 est
2550 3353 91 31 sèche,
2663 3360 38 19 on
2721 3354 103 32 plonge
2842 3357 27 25 le
2885 3358 74 24 tissu
2978 3358 74 25 dans
3069 3359 77 26 l'eau

2407 3385 91 25 froide
2516 3391 73 25 pour
2606 3386 26 25 le
2650 3386 102 26 rendre
2772 3390 64 28 apte
2854 3387 158 31 àjprendre
3030 3390 27 24 la
3074 3390 57 24 tein-

2405 3416 63 24 ture
2481 3424 6 20 ;
2517 3417 65 27 puis
2613 3418 72 24 dans
2714 3418 26 24 le
2771 3418 69 25 bain
2871 3420 33 24 de
2933 3420 123 25 teinture
3084 3419 46 31 pré-

2404 3446 67 31 paré
2510 3444 74 27 dans
2624 3455 56 18 une
2719 3450 106 24 terrine
2862 3449 35 25 de
2934 3451 76 25 terre
3065 3451 64 25 mail-

2402 3478 50 25 lée.
2472 3480 122 24 Remuer
2613 3484 34 20 en
2668 3481 63 22 tous
2748 3485 67 19 sens
2835 3481 128 30 pendant
2981 3483 48 24 dix
3048 3483 74 24 minu-

2401 3510 41 25 tes
2457 3517 6 21 ;
2490 3516 31 19 se
2546 3510 129 31 garantir
2699 3511 43 24 les
2767 3511 94 25 mains
2885 3519 72 19 avec
2982 3514 50 24 des
3057 3515 83 27 gants

2402 3541 33 25 de
2460 3541 177 26 caoutchouc
2662 3543 28 24 et
2715 3536 148 38 mélanger
2891 3549 69 19 avec
2985 3549 40 19 un
3052 3546 73 30 agita-

2399 3572 63 26 teur
2484 3579 35 19 en
2541 3578 90 21 verre.
2653 3574 111 25 Retirer
2785 3575 25 24 le
2832 3575 79 28 tissu,
2936 3575 26 25 le
2983 3575 104 26 détirer
3112 3578 26 24 et

2398 3604 26 24 le
2444 3604 99 25 mettre
2565 3605 17 24 à
2603 3605 100 24 sécher
2722 3611 34 19 en
2778 3606 26 24 le
2826 3607 178 30 suspendant
3022 3614 54 24 par
3096 3607 41 25 les

2401 3634 99 31 angles
2531 3634 34 25 de
2598 3635 128 25 manière
2758 3637 70 30 qu'il
2859 3638 93 25 tombe
2983 3638 65 25 bien
3079 3638 44 25 d'a-

2396 3666 104 28 plomb.

2427 3698 124 31 Lorsque
2572 3698 26 25 le
2619 3699 73 25 tissu
2709 3700 46 25 est
2774 3705 46 19 sec
2838 3705 39 19 on
2897 3699 85 26 retire
3001 3700 28 25 la
3047 3702 66 30 ipàte
3129 3709 6 20 ;

2395 3732 73 25 pour
2487 3729 60 24 cela
2571 3735 37 19 on
2629 3730 104 31 plonge
2754 3731 27 24 le
2800 3731 72 25 tissu
2893 3731 72 25 dans
2985 3738 58 19 une
3061 3738 72 19 cuve

2395 3759 85 25 d'eau
2500 3761 110 24 chaude
2624 3769 7 19 ;
2650 3762 27 24 la
2699 3761 57 25 cire
2774 3763 97 22 monte
2890 3763 17 22 à
2927 3763 30 25 la
2975 3764 113 22 surface
3107 3764 27 22 et

2395 3793 66 27 peut
2487 3790 58 26 être
2569 3791 145 26 recueillie
2737 3793 110 25 ensuite
2870 3800 74 30 pour
2968 3800 39 19 un
3028 3795 105 24 nouvel

2394 3827 96 25 usa°re.
2513 3822 43 25 Ou
2576 3822 66 25 bien
2663 3829 37 18 on
2721 3823 79 31 place
2822 3823 25 25 le
2867 3822 73 27 tissu
2960 3826 78 24 entre
3058 3826 74 24 deux

2392 3857 116 25 papiers
2531 3856 27 21 et
2582 3860 37 18 on
2643 3855 119 30 procède
2787 3859 111 22 comme
2920 3862 76 24 pour
3018 3856 115 25 enlever

2392 3885 50 24 des
2456 3886 99 25 taches
2572 3887 34 22 de
2624 3886 103 30 bougie
2744 3887 18 24 à
2777 3887 85 24 l'aide
2880 3887 70 25 d'un
2967 3888 44 26 fer
3026 3887 102 26 chaud.

2391 3915 84 26 Enfin
2492 3921 38 19 un
2550 3915 66 25 bain
2635 3917 144 26 d'essence
2797 3918 139 25 minérale
2953 3918 131 25 entraine
3099 3924 30 20 ce

2391 3946 50 31 qui
2461 3947 65 31 peut
2546 3947 89 26 rester
2652 3948 35 24 de
2707 3947 64 26 cire.
2794 3948 99 30 Quand
2914 3950 69 26 c'est
2999 3950 65 25 bien
3083 3956 45 19 sec

2388 3983 38 20 on
2446 3984 124 26 repasse.

2419 4009 52 27 Les
2502 4010 136 26 teintures
2669 4013 122 27 peuvent
2822 4012 91 25 servir
2939 4012 19 24 à
2986 4018 141 20 nouveau.

2389 4038 43 26 On
2452 4042 67 28 peut
2539 4041 72 24 faire
2631 4042 50 25 des
2702 4042 111 26 dessins
2835 4048 35 19 en
2888 4043 146 28 plusieurs
3054 4044 72 27 tons,

2388 4076 52 24 par
2466 4070 128 31 exemple
2619 4071 50 25 des
2692 4072 223 31 vignes-vierges
2940 4075 100 28 vertes,
3066 4075 46 28 jau-

2388 4106 59 24 nes,
2471 4107 103 24 rouges
2588 4109 6 21 ;
2614 4103 78 25 alors
2717 4109 35 20 on
2774 4103 131 31 préserve
2929 4109 67 20 avec
3019 4106 30 26 la
3067 4106 59 25 cire

2386 4133 41 24 les
2443 4134 103 28 jaunes
2559 4135 28 21 et
2604 4134 40 24 les
2660 4140 103 25 rouges
2778 4135 128 30 pendant
2921 4135 25 25 le
2961 4136 67 24 bain
3043 4139 63 22 vort
3118 4144 6 20 ;

2387 4163 64 28 puis
2469 4169 38 19 on
2526 4165 92 30 gratte
2637 4166 28 24 la
2685 4166 58 25 cire
2761 4168 51 27 qui
2830 4166 133 30 préserve
2983 4168 41 22 les
3044 4168 67 24 feuil-

2385 4194 41 25 les
2447 4195 102 30 jaunes
2571 4201 66 19 avec
2659 4195 25 25 le
2705 4196 176 24 brunissoire
2902 4200 25 20 et
2948 4202 35 19 on
3005 4204 118 24 masque

2385 4225 40 24 les
2448 4227 77 22 verts
2539 4233 6 20 :
2570 4232 37 19 on
2628 4227 109 28 dégage
2763 4227 110 25 ensuite
2895 4227 41 26 les
2961 4233 102 26 rouges
3087 4234 34 19 en

2383 4257 167 28 préservant
2568 4257 41 24 les
2628 4259 105 26 autres,
2756 4259 48 24 etc.

2413 4286 30 26 Si
2461 4286 58 26 l'on
2537 4287 122 30 possède
2678 4294 40 19 un
2735 4290 110 24 certain
2867 4296 65 18 sens
2950 4291 124 28 pictural
3094 4292 26 24 et

2383 4319 116 24 connaît
2524 4318 40 25 les
2591 4319 214 25 combinaisons
2828 4320 219 26 harmonieuses
3072 4322 48 24 des

2382 4354 136 24 nuances,
2535 4355 38 19 on
2587 4351 69 30 peut
2669 4351 138 31 toujours,
2825 4357 67 20 avec
2911 4351 27 26 la
2953 4352 155 28 vigne>-vier-

2381 4384 34 25 ge
2435 4380 27 31 je
2483 4385 131 25 suppose,
2636 4380 111 27 teindre
2767 4383 138 26 certaines
2927 4383 113 26 feuilles
3059 4384 46 31 jau-

2381 4416 58 22 nes,
2458 4411 73 28 puis,
2552 4411 72 24 dans
2643 4419 40 18 un
2702 4415 105 25 second
2824 4415 76 25 bain,
2919 4420 136 20 masquer
3074 4421 44 19 ces

2381 4442 113 24 feuilles
2509 4447 38 19 «ri
2567 4449 39 19 un
2624 4443 111 25 endroit
2756 4444 157 24 seulement
2933 4446 27 24 et
2976 4446 137 25 reteindre

2379 4472 103 25 l'autre
2505 4474 93 30 partie
2626 4479 34 19 en
2688 4480 86 26 rouge
2790 4483 6 20 ;
2823 4475 74 25 ainsi
2923 4475 150 26 varie-t-on
3100 4479 13 24 il

2378 4502 125 25 l'infinie
2520 4504 79 24 selon
2617 4504 26 24 le
2660 4507 96 22 dessin
2771 4507 100 24 choisi.
2890 4507 113 25 Laisser
3017 4507 97 26 sécher

2380 4533 109 31 chaque
2517 4533 86 26 teinte
2633 4539 87 22 avant
2745 4537 65 25 d'en
2838 4538 99 25 mettre
2965 4544 58 19 une
3048 4545 50 19 nou-

2378 4565 80 20 velle.

2407 4596 83 24 Enfin
2507 4597 26 22 le
2551 4599 93 26 grand
2659 4600 117 22 charme
2793 4600 33 24 de
2844 4599 151 28 l'imprévu
3013 4600 38 24 du
3069 4600 28 24 ba-

2378 4628 40 24 tik
2434 4626 33 25 «te
2484 4630 64 21 sont
2567 4628 40 26 les
2624 4630 184 28 craquelures
2824 4635 56 24 que
2895 4626 58 28 l'on
2970 4631 54 25 fait
3039 4632 72 25 dans

2376 4657 27 26 la
2424 4658 56 25 cire
2497 4659 38 24 du
2554 4658 69 25 fond
2642 4663 26 20 et
2686 4662 48 28 qui
2752 4661 167 30 produisent
2937 4662 48 24 des
3004 4663 92 22 racina-

2376 4694 48 22 ges
2441 4689 169 25 semblables
2628 4696 56 19 aux
2700 4690 46 25 fils
2763 4693 47 24 des
2825 4691 81 25 toiles
2924 4691 187 30 d'araignées.

2376 4720 77 24 Voici
2480 4723 139 21 comment
2644 4721 59 25 cela
2730 4727 30 19 se
2781 4722 122 31 produit.
2929 4722 100 30 Quand
3053 4726 58 22 tout

2376 4749 25 25 le
2421 4752 67 25 fond
2507 4755 148 21 recouvert
2670 4753 37 24 d«
2725 4754 57 24 cire
2802 4755 40 22 est
2861 4759 54 22 sec,
2934 4754 26 24 le
2978 4755 71 25 tissu
3067 4757 30 24 de-

2374 4781 78 24 vient
2472 4781 86 28 ralde,
2577 4787 35 20 on
2631 4782 26 25 le
2676 4785 100 24 froisse
2796 4785 78 24 ontro
2893 4785 41 24 les
2952 4786 103 28 mains,
3076 4792 35 19 on

2375 4811 74 26 brise
2474 4814 70 22 cette
2568 4813 64 30 pâte
2655 4820 34 19 en
2713 4817 150 28 appuyant
2887 4814 155 28 fortement
3059 4821 52 25 par

2375 4841 126 25 endroits
2517 4848 69 20 nvec
2603 4845 40 24 les
2659 4851 105 25 pouces
2779 4853 6 20 ;
2804 4846 40 24 les
2861 4846 125 25 brisures
3005 4853 30 19 se
3048 4853 47 28 pro-

2373 4872 113 26 duisent
2502 4879 110 19 comme
2626 4877 72 24 dans
2713 4876 27 26 la
2757 4877 78 28 glace
2850 4885 6 20 ;
2871 4877 145 31 lorsqu'on
3033 4869 61 40 plon-

2373 4909 67 22 gera
2461 4905 25 25 le
2507 4905 72 26 tissu
2601 4906 71 25 dans
2696 4907 27 24 la
2746 4907 129 30 teinture,
2900 4909 104 25 celle-ci
3026 4910 66 32 péné-

2372 4936 76 24 trera
2469 4937 71 24 dans
2558 4938 91 26 toutes
2668 4937 41 25 les
2727 4937 116 26 fissures
2863 4939 25 25 et
2907 4939 125 25 formera
3050 4943 60 22 tout

2372 4967 43 22 cet
2434 4967 246 26 enchevêtrement
2700 4970 33 24 de
2752 4969 46 25 fils
2817 4970 24 25 si
2863 4970 118 26 curieux
3000 4971 17 25 à
3037 4971 71 28 voir,

2370 4996 66 26 c'est
2458 4996 28 25 là
2507 4997 85 31 qu'on
2615 5002 66 20 oeut
2704 5000 145 30 emoloyer
2867 5001 53 26 l'or
2941 5004 27 21 et
2987 5002 122 30 l'argent

2370 5031 72 24 pour
2467 5029 94 24 imiter
2585 5029 40 25 les
2654 5030 197 30 somptueuses
2878 5033 98 24 étoffes
3001 5033 106 25 lamées

2369 5059 48 28 qui
2438 5061 64 22 sont
2519 5060 69 24 d'un
2606 5061 25 24 si
2647 5061 45 25 bel
2711 5061 65 25 effet
2794 5068 57 19 aux
2868 5062 143 26 lumières.
3030 5065 78 24 Dans

2369 5093 31 19 ce
2425 5094 46 20 ras
2494 5089 41 26 les
2558 5091 125 25 brisures
2704 5095 124 26 .peuvent
2852 5094 56 25 être
2931 5094 115 31 garnies
3071 5101 35 19 au

2368 5120 122 28 pinceau
2510 5126 72 26 peur
2601 5121 141 31 épargner
2759 5124 59 25 l'or.

2398 5152 57 24 Par
2469 5158 31 18 ce
2516 5152 118 27 procédé
2652 5153 39 25 les
2707 5153 83 26 robes
2806 5156 34 24 de
2857 5157 122 22 mariées
2994 5157 111 22 devien-

2368 5181 83 25 (Iront
2471 5184 262 26 méconnaissables
2753 5186 56 25 soit
2830 5186 85 31 qu'on
2939 5186 61 25 leur
3020 5186 69 25 réser-

2368 5218 32 19 ve
2425 5215 63 25 leur
2511 5215 69 25 fond
2603 5215 84 25 blanc
2712 5222 72 25 pour
2806 5223 18 24 y
2848 5218 148 31 pratiquer
3018 5218 71 25 seule-

2368 5244 77 25 ment
2471 5244 50 26 des
2546 5245 164 26 marbrures
2734 5252 32 20 or
2789 5254 35 19 ou
2848 5250 102 28 argent
2972 5254 69 20 avec
3065 5256 37 19 un

2368 5276 83 24 motif
2471 5276 32 24 de
2523 5277 86 26 teinte
2627 5277 64 26 vive
2711 5278 17 25 à
2745 5278 30 26 la
2791 5271 67 38 jupe
2878 5281 27 22 et
2920 5284 38 19 au
2978 5284 124 26 corsage,

2367 5307 54 24 soit
2440 5307 86 28 qu'on
2548 5308 94 28 teigne
2661 5309 26 25 le
2707 5310 69 25 fond
2794 5316 35 18 en
2849 5310 146 25 réservant
3017 5313 71 24 seule-

2367 5341 76 21 ment
2459 5339 48 25 des
2522 5339 97 25 piotifs
2634 5341 34 22 de
2683 5340 86 24 fleurs
2785 5342 143 21 blanches.

2366 5363 79 1 ...v.<v
2458 5363 50 1 V4VU
2634 5363 34 1 «o
2683 5363 86 1 ucuio

2396 5368 41 25 On
2461 5372 64 27 peut
2548 5374 30 20 se
2598 5375 138 26 procurer
2757 5376 32 19 ce
2811 5373 50 28 qui
2881 5374 40 22 est
2943 5373 158 25 nécessaire

2367 5405 70 22 pour
2456 5400 144 28 bastiquer
2619 5401 72 26 dans
2709 5401 40 26 les
2769 5407 128 20 maisons
2914 5405 48 28 qui
2979 5404 123 26 vendent

2366 5430 40 26 les
2427 5430 113 30 articles
2559 5437 72 24 pour
2649 5433 132 30 peinture
2796 5440 6 20 ;
2823 5433 40 26 les
2883 5434 106 30 grands
3008 5440 76 25 maga-

2365 5460 60 25 sins
2446 5460 32 25 de
2499 5465 161 22 nouveauté
2682 5464 34 24 de
2737 5465 80 24 Paris
2835 5465 125 26 vendent
2979 5465 48 25 d«s
3047 5466 41 25 cof-

2367 5492 69 25 frets
2452 5492 99 31 garnis
2569 5499 35 19 en
2626 5499 52 20 vue
2695 5497 33 25 de
2748 5502 28 19 ce
2794 5496 112 26 travail.

2942 5526 24 27 A
2994 5526 77 27 MOU.

2558 449 464 104 \o>oinsetf*

2558 529 313 98 lWg't
2871 521 151 86 ncl

2532 759 175 27 MALADIES
2728 762 260 32 CONTAGIEUSES
3012 770 85 28 (Suite

2751 811 148 26 OREILLONS

2486 849 43 25 On
2548 850 93 26 donne
2657 853 26 24 le
2699 860 69 19 nom
2784 855 167 27 d'oreillons
2967 859 18 24 à
3000 866 57 18 une
3073 862 119 25 maladie

2458 881 157 25 constituée
2635 888 53 25 par
2707 885 26 24 le
2753 887 176 28 genflement
2947 888 50 26 des
3017 892 118 30 glandes
3156 899 25 19 sa-

2456 912 118 25 livaires
2601 914 106 26 situées
2735 918 125 25 derrière
2888 920 105 30 l'angle
3020 921 35 26 de
3083 922 30 25 la
3139 926 35 21 mâ-

2454 943 97 26 choire
2571 945 171 28 au-dessous
2761 947 34 26 de
2818 948 119 27 l'oreille
2959 958 50 19 sur
3026 953 26 25 le
3073 954 61 25 côté
3157 954 35 26 du

2453 979 63 18 cou.

2484 1006 77 25 Cette
2584 1007 133 26 affection
2740 1011 57 25 très
2820 1015 256 30 contagieuse-dès
3102 1017 26 24 le
3151 1018 27 24 dé-

2454 1037 57 28 but,
2538 1039 69 31 peut
2631 1042 165 28 apparaître
2824 1043 18 24 à
2867 1044 152 30 n'importe
3044 1048 67 28 quel
3137 1054 37 20 mo-

2453 1069 79 24 ment
2552 1069 34 25 de
2610 1069 120 31 l'année,
2756 1074 73 26 mais
2854 1075 53 25 elle
2929 1076 72 25 sévit
3022 1080 112 24 surtout
3157 1087 34 18 au

2450 1100 163 30 printemps
2633 1102 28 24 et
2678 1107 39 20 on
2734 1106 145 25 automne.

2481 1131 51 24 Les
2557 1131 136 26 oreillons
2717 1139 28 19 se
2767 1137 96 22 voient
2888 1140 145 24 rarement
3056 1141 73 25 dans
3151 1142 40 24 les

2450 1162 157 28 premières
2628 1165 106 25 années
2754 1166 34 25 de
2810 1168 27 24 la
2855 1168 47 24 vie
2922 1170 27 22 et
2969 1170 83 31 après
3070 1173 31 24 40
3116 1178 56 20 ans
3185 1181 6 19 ;

2452 1193 35 25 ils
2502 1195 65 24 sont
2583 1194 146 31 fréquents
2748 1198 33 26 de
2797 1199 14 25 5
2828 1199 18 25 à
2859 1200 28 25 20
2902 1206 54 21 ans
2973 1204 27 22 et
3017 1204 175 26 s'observent

2451 1225 161 31 davantage
2641 1225 66 26 chez
2737 1228 41 24 les
2809 1230 130 26 hommes
2968 1238 54 25 que
3050 1234 69 26 chez
3149 1237 41 25 les

2450 1256 126 25 femmes.
2603 1257 43 25 On
2672 1258 41 24 les
2739 1259 117 26 observe
2880 1263 66 28 plus
2972 1269 120 21 souvent
3117 1266 73 26 dans

2448 1286 40 24 les
2515 1287 115 30 régions
2653 1289 142 32 humides,
2822 1292 19 25 4
2863 1293 167 31 brouillard,
3057 1302 39 20 au
3118 1298 72 24 bord

2448 1318 33 24 de
2507 1318 30 24 la
2563 1323 70 22 mer.
2662 1320 52 25 Les
2743 1320 156 32 épidémies
2923 1331 30 19 se
2983 1325 145 28 déclarent
3154 1329 34 25 de

2446 1349 167 28 préférence
2633 1351 72 25 dans
2724 1352 43 25 les
2787 1355 145 30 pensions,
2952 1357 43 24 les
3017 1363 132 20 casernes

2476 1380 201 27 L'incubation
2692 1384 44 24 est
2752 1385 57 25 fort
2824 1385 106 31 longue
2948 1395 7 18 :
2972 1389 31 24 12
3019 1389 18 24 à
3052 1390 30 25 21
3097 1391 89 30 jours.

2446 1410 22 25 Il
2484 1417 35 19 ne
2537 1413 63 25 faut
2615 1414 73 25 donc
2705 1420 52 25 pas
2776 1416 145 27 s'étonner
2935 1420 25 25 si
2976 1420 71 25 cette
3063 1422 124 26 maladie

2445 1444 43 22 est
2502 1444 163 25 contractée
2685 1452 52 24 par
2751 1452 41 20 un
2807 1449 103 24 enfant
2927 1452 51 28 qui
2992 1452 48 25 n'a
3056 1457 54 25 ipas
3126 1459 46 19 ren-

2444 1474 97 24 contré
2561 1475 126 26 d'autres
2705 1478 116 26 enfants
2839 1482 128 28 suspects
2985 1482 35 24 de
3037 1483 74 27 cette
3128 1491 40 19 ma-

2444 1504 76 28 ladie
2539 1507 102 31 depuis
2659 1508 67 31 près
2747 1511 33 24 de
2799 1511 71 26 trois
2889 1513 151 26 semaines.
3063 1514 39 26 La
3122 1521 50 19 con-

2444 1537 131 31 tagiosité
2593 1539 53 24 des
2661 1539 138 28 oreillons
2819 1545 43 22 est
2878 1543 123 31 spéciale
3020 1553 7 15 :
3045 1545 28 24 le
3089 1552 98 24 germe

2443 1571 31 21 so
2502 1569 162 31 transporte
2688 1570 87 26 d'une
2805 1578 142 24 personne
2975 1576 17 25 à
3018 1581 58 20 une
3104 1580 81 22 autre

2443 1603 53 25 par
2515 1599 236 28 l'intermédiaire
2770 1603 90 27 d'une
2881 1605 146 27 troisième
3045 1607 51 31 qui
3115 1611 70 27 peut

2443 1633 35 20 ne
2506 1636 52 24 pas
2581 1633 162 27 contracter
2766 1633 30 26 la
2822 1636 124 26 maladie
2970 1639 74 24 mais
3071 1642 48 25 qui
3144 1641 40 26 l'a

2441 1661 228 32 communiquée.

2470 1693 189 35 Symptômes■
2756 1697 40 25 La
2828 1700 125 24 maladie
2986 1703 44 22 est
3060 1704 123 24 souvent

2430 1724 1 39 |
2439 1724 136 27 precédee
2598 1726 34 24 de
2659 1727 143 28 malaises,
2829 1729 34 24 de
2887 1730 117 30 fatigue,
3032 1731 70 26 d'un
3123 1740 58 24 peu

2438 1753 34 26 de
2498 1754 94 30 fièvre,
2622 1757 110 28 parfois
2758 1757 85 26 d'une
2869 1766 99 25 grosse
2994 1762 86 26 fièvre
3105 1765 76 26 dans

2439 1785 43 25 les
2498 1791 47 20 cas
2563 1787 122 26 sérieux.
2704 1791 24 22 Il
2744 1796 19 21 y
2780 1796 15 18 a
2812 1791 93 26 même
2923 1798 57 19 une
2998 1795 115 25 raideur
3129 1798 52 24 des

2437 1817 125 26 muscles
2593 1824 79 20 assez
2702 1821 125 28 spéciale
2854 1824 77 25 dans
2959 1825 43 25 les
3032 1826 136 26 oreillons

2437 1847 71 25 Puis
2532 1851 133 28 apparaît
2692 1850 26 26 le
2744 1853 176 30 gonflement
2944 1857 235 32 caractéristique

2438 1880 25 22 et
2486 1880 187 30 douloureux,
2698 1881 51 26 des
2770 1884 74 25 deux
2867 1886 85 28 côtés,
2975 1889 145 26 ensemble
3142 1894 38 20 ou

2435 1910 242 27 simultanément.
2700 1915 37 25 Le
2754 1916 112 26 malade
2887 1923 17 19 a
2921 1917 30 26 la
2966 1919 110 26 bouche
3093 1920 84 26 sèche

2435 1946 84 24 parce
2538 1948 56 25 que
2614 1943 43 25 les
2676 1944 119 31 glandes
2817 1952 34 19 ne
2871 1948 167 30 produisent
3057 1950 65 30 plus
3142 1952 37 25 de

2434 1971 99 26 salive.

2536 2003 124 31 çénéral,
2688 2006 30 26 la
2745 2008 125 26 maladie
2897 2014 43 21 est
2965 2010 124 32 bénigne
3104 2021 6 20 ;
3137 2021 35 18 au

2432 2034 67 27 bout
2522 2034 35 27 de
2581 2041 57 20 une
2661 2041 37 20 ou
2721 2039 76 25 deux
2819 2041 152 28 semaines,
2996 2043 61 25 tout
3080 2047 92 22 rentre

2430 2065 74 25 dans
2541 2067 112 28 l'ordre,
2693 2068 233 28 l'inflammation
2962 2074 210 31 disparaissant

2432 2101 54 25 peu
2504 2102 17 18 a
2538 2102 56 24 peu
2610 2104 67 19 sans
2695 2100 104 26 laisser
2815 2102 34 24 de
2865 2104 100 25 traces.

2460 2126 168 31 Cependant
2649 2130 20 25 il
2694 2131 61 24 faut
2777 2133 97 25 savoir
2897 2139 53 25 que
2972 2135 43 25 les
3035 2139 136 24 oreillons

2428 2160 128 26 peuvent
2590 2161 118 24 devenir
2737 2169 58 19 une
2825 2165 124 25 maladie
2981 2167 125 25 sérieuse
3146 2171 25 24 si

2430 2189 18 24 d
2458 2191 98 25 autres
2576 2191 119 32 glandes
2714 2194 66 24 sont
2797 2196 150 31 attaquées
2961 2205 7 21 ;
2985 2198 70 26 chez
3072 2199 83 26 l'hom-

2428 2224 52 26 me,
2506 2226 53 26 par
2583 2224 137 31 exemple,
2746 2225 48 25 des
2820 2228 119 30 glandes
2963 2232 124 26 peuvent
3112 2232 58 24 être

2431 2254 133 24 atteintes
2589 2256 27 24 et
2640 2256 180 31 s'atrophier.
2844 2259 73 26 Chez
2942 2261 30 25 la
2995 2262 111 30 femme,
3132 2269 39 20 on

2425 2285 69 27 peut
2522 2285 133 26 observer
2682 2288 233 28 l'inflammation
2946 2294 50 25 des
3047 2295 122 27 glandes

2425 2315 51 25 des
2507 2317 85 24 seins.
2627 2317 52 25 Les
2712 2321 219 30 complications
2961 2324 58 24 très
3048 2327 100 25 doulou-

2427 2352 98 22 reuses
2544 2348 252 34 s'accompagnent
2816 2354 130 32 toujours
2963 2354 87 27 d'une
3069 2362 99 27 grosse

2454 2409 20 22 L
2487 2411 150 26 isolement
2663 2413 40 26 du
2731 2415 115 25 malade
2874 2418 104 26 durera
3006 2425 37 19 au
3072 2424 91 21 moins

2424 2440 71 25 trois
2519 2444 150 27 semaines,
2696 2445 21 24 il
2741 2446 105 25 faudra
2869 2447 100 26 veiller
2995 2451 19 24 à
3039 2457 30 20 ce
3093 2452 70 26 qu'il

2422 2476 38 19 ne
2479 2478 110 24 prenne
2607 2480 54 24 pas
2681 2476 85 26 froid.

2453 2503 35 24 Le
2512 2504 165 26 traitement
2700 2512 66 22 sera
2790 2509 90 31 dirigé
2906 2517 53 22 par
2981 2512 27 25 le
3032 2513 131 25 médecin

2421 2538 51 25 qui
2493 2536 130 26 ordonne
2643 2537 215 32 généralement
2881 2541 52 25 dies
2956 2543 130 26 onctions
3110 2546 40 22 cal-

2421 2567 112 22 mantes
2555 2569 27 22 et
2600 2568 50 24 des
2668 2569 117 31 lavages
2805 2570 33 25 de
2858 2571 28 25 la
2904 2574 110 25 bouche
3034 2576 27 22 et
3078 2576 35 24 de
3132 2576 30 25 la

2421 2601 92 25 gorge.

3345 481 14 46 S
3396 472 347 69 NOTRES

3345 501 622 130 te'CORRESPÔNnwCE

3261 782 98 21 Désolée
3379 782 5 34 :
3404 785 26 22 N.
3502 787 65 21 Voici
3587 791 25 17 ce
3632 794 46 20 que
3697 791 44 22 j'ai
3762 796 34 17 ru.
3816 794 17 20 A
3854 793 112 24 l'Mmtal

3241 808 21 40 \'.
3263 802 5 46 l
3269 808 33 40 ,ï
3304 802 5 46 <
3309 813 24 35 iï
3334 813 50 17 OUX
3384 821 8 4 ~
3393 810 34 19 Bo
3481 816 12 17 e
3480 840 9 8 .
3494 816 34 18 au
3554 815 13 19 '■
3573 817 12 17 o
3588 802 5 46 >
3600 820 12 14 r
3612 816 177 26 '-!"ï*rlcure).
3807 823 33 18 on
3855 823 32 22 po
3887 802 79 45 i/rm/J

3241 835 112 21 )cut-èlre
3372 839 131 20 accueillir
3521 841 67 20 votre
3607 842 100 22 malade
3724 847 15 20 d
3757 849 37 15 un
3810 848 59 21 prix
3886 848 79 20 relati-

3358 865 116 22 mode»»',
3502 867 44 20 dix
3573 868 14 21 d
3614 869 77 21 liovze
3717 873 85 22 francs
3828 878 47 20 par
3904 875 58 25 jour

3240 889 106 37 JO.I-OH.
3371 892 122 21 Peut-être
3515 894 183 24 pourrier-vous
3719 899 78 20 écrire
3820 901 14 18 à
3856 901 25 21 la
3901 895 65 31 supét

3240 915 74 20 leure
3332 920 64 20 pour
3410 922 71 17 avoir
3495 920 43 20 des
3554 924 213 22 renseignements
3782 926 58 24 plus
3854 928 87 24 précis.

3239 969 18 14 :»
3456 957 26 5 ~
3502 947 78 22 Merci
3604 950 28 20 dl!
3658 954 40 18 nos
3724 952 59 20 bons
3807 958 79 20 vccux,
3909 956 57 20 dont

3239 970 18 19 le
3282 971 52 20 suis
3360 972 48 19 très
3437 973 102 21 louch.ee
3549 984 8 14 ;
3580 978 77 20 merci
3683 978 139 24 également
3848 983 40 20 des
3913 986 52 19 <ier\

3243 998 57 19 itles
3327 999 98 22 paroles
3456 1004 46 20 que
3533 1006 60 17 vous
3619 1007 39 17 me
3683 1004 64 21 dites
3756 1015 7 15 ,-
3794 1011 96 18 recevez
3919 1012 47 18 met

3243 1024 100 20 ouhatts
3366 1025 34 20 les
3424 1028 128 21 meilleurs
3570 1035 60 15 arec
3652 1031 31 20 de
3705 1032 93 20 bonnes
3821 1035 107 24 pensées.

3255 1050 110 21 Monette
3384 1051 150 25 Normande.
3598 1056 27 20 Je
3645 1062 32 15 ne
3694 1058 58 24 puis
3768 1063 64 17 vous
3849 1061 116 25 indique*

3237 1080 43 17 me
3295 1078 99 20 maison
3411 1080 28 19 de
3456 1082 131 21 confiance
3600 1084 44 24 qui
3659 1085 118 21 voudrait
3795 1087 57 21 bien
3867 1089 97 19 acheta

3241 1107 12 15 e
3280 1104 72 20 chdle
3379 1107 90 20 ancien
3495 1108 60 20 dont
3580 1114 59 15 vous
3666 1115 39 17 me
3731 1113 84 24 parlez
3828 1104 5 33 -
3860 1115 25 22 je
3908 1104 58 33 n'ek

3235 1130 97 19 •onnais
3354 1135 46 20 pas
3424 1136 48 18 une
3495 1135 183 24 spécialement.
3703 1139 31 20 Le
3756 1141 92 22 mieux,
3872 1139 15 22 à
3907 1135 58 26 moi

3270 1160 17 31 *!'
3300 1159 5 32 ,
3306 1161 57 17 sfra
3365 1159 19 20 M
3446 1163 60 17 vous
3524 1162 120 25 adresser,
3665 1166 46 19 soit
3730 1166 14 19 d
3762 1169 33 17 un
3811 1167 154 24 antiquaire

3234 1182 104 21 certains
3358 1185 117 21 achètent
3496 1191 66 17 assez
3583 1188 60 20 cher
3660 1191 31 19 de
3712 1192 70 20 telles
3802 1193 85 20 choses
3917 1195 48 20 soit

3234 1213 7 15 i
3263 1213 50 17 une
3335 1212 141 20 couturière
3498 1217 33 15 ou
3549 1219 50 15 une
3621 1215 146 22 teinturière
3789 1224 110 17 connues
3919 1219 47 21 aiti

3234 1239 92 33 '.?<?JT?,
3332 1239 43 19 ent
3404 1240 119 22 VM-ètre
3553 1241 86 24 placer
3665 1244 21 20 le
3717 1245 71 20 chdle
3816 1247 63 20 dan*
3911 1248 56 21 leur

3233 1261 115 22 .Lcntèle.
3417 1265 77 20 Merci
3516 1266 31 20 de
3566 1271 40 18 vos
3628 1270 122 20 aimables
3771 1272 97 22 paroles

3252 1289 48 20 Feu
3322 1290 30 20 de
3373 1291 59 20 bois.
3496 1292 31 20 Je
3548 1294 51 20 suis
3619 1296 50 20 très
3691 1298 102 20 touchée
3815 1298 28 19 de
3863 1299 26 20 la
3906 1304 59 19 con•

3241 1318 103 33 ,'"î£ïx®
3345 1320 19 17 u
3364 1320 14 17 *
3398 1322 61 17 vous
3539 1320 136 25 témoignez
3696 1324 63 20 dans
3781 1326 67 21 votre
3870 1328 94 24 longut

3230 1343 18 19 ;t
3269 1343 167 21 intéressante
3458 1345 80 22 lettre.
3561 1349 70 20 Votre
3656 1350 70 20 tache
3748 1352 34 19 est
3808 1352 92 24 lourde,
3925 1355 40 21 vém

3234 1369 59 20 lible
3321 1371 111 22 souvent,
3461 1376 58 18 sans
3542 1374 83 25 doute,
3654 1376 24 21 et
3705 1376 58 21 c'est
3793 1378 58 21 bien
3878 1382 30 20 de
3937 1382 27 19 im

3229 1396 102 21 prendre
3351 1400 59 17 avec
3430 1402 26 15 ce
3474 1402 107 21 courage
3601 1403 115 19 souriant
3737 1406 28 18 et-
3782 1406 94 22 slmpU.
3899 1408 64 20 ifat

3229 1423 54 18 :ous
3308 1426 58 17 avez
3391 1424 91 24 raison,
3508 1427 25 24 je
3553 1428 64 20 crois
3641 1429 92 24 qu'une
3758 1431 57 20 aide
3840 1430 60 24 oii:;
3925 1434 38 21 esl

3228 1449 141 24 nécessaire,
3393 1452 99 20 surtout
3517 1456 64 19 pour
3605 1454 66 21 votre
3694 1457 74 22 mari,
3793 1461 45 17 car
3860 1460 25 22 je
3907 1461 56 20 sut«

3228 1474 52 19 rare
3299 1479 47 20 que
3365 1480 60 17 vous
3441 1481 31 19 ne
3493 1480 111 25 négligez
3621 1485 31 18 en
3671 1482 56 21 rien
3746 1483 152 24 l'éducation
3918 1489 28 18 de
3947 1487 13 21 1

3311 1506 11 15 s
3325 1499 5 38 -
3353 1501 150 27 Seulement,
3526 1506 109 21 vis-d-vis
3654 1508 33 20 du
3711 1511 72 22 mari,
3807 1512 20 20 fi
3850 1513 37 19 eut
3908 1499 52 38 foA

3240 1530 25 32 îv
3328 1541 6 11 •
3356 1532 59 19 avec
3431 1534 50 17 nne
3500 1532 92 25 charge
3606 1535 67 20 aussi
3691 1537 63 20 rude
3771 1541 50 20 quo
3837 1539 25 19 la
3882 1540 66 19 vôtre-

3228 1554 70 20 litre
3319 1556 113 24 toujours
3454 1558 80 25 parée,
3554 1560 99 25 reposé«
3673 1564 24 18 et
3717 1564 56 21 gaie
3795 1567 93 18 connue
3911 1553 51 33 cetï

3227 1584 132 18 .ornement
3384 1584 20 20 il
3428 1584 22 20 le
3469 1585 87 21 désire.
3630 1587 143 22 excellente
3795 1591 54 20 idée
3874 1593 85 22 d'aug.

3228 1607 89 20 iienter
3337 1610 69 20 votre
3426 1611 92 24 budget
3539 1617 47 20 par
3601 1615 31 20 de
3652 1615 74 24 petits
3746 1617 107 20 travaux
3873 1620 85 21 agréa»

3293 1635 26 19 et
3339 1638 50 20 V*u
3411 1637 130 25 fatigants,
3566 1641 21 18 le
3613 1643 53 18 tout
3686 1643 37 20 est
3744 1643 31 20 de
3800 1644 99 21 trouver
3919 1650 39 15 -um

3224 1661 128 21 lébouche.
3370 1663 27 19 Si
3413 1663 54 20 cela
3484 1669 31 17 ne
3534 1669 61 18 vous
3613 1668 61 21 était
3691 1672 44 20 pas
3752 1670 115 25 possible,
3885 1676 73 19 pour»

3223 1688 56 21 luoi
3305 1691 31 15 ne
3360 1693 45 19 pas
3426 1694 100 21 essayer
3552 1693 28 21 de
3606 1694 98 21 donner
3729 1696 119 25 quelques
3874 1698 83 20 leçons

3226 1714 137 25 aquarelle,
3389 1716 67 20 cuirs
3482 1721 32 17 ou
3540 1719 81 21 étatns
3645 1722 137 25 repoussés)
3795 1729 6 17 ;
3828 1724 129 24 beaucoup

3222 1740 25 34 je
3262 1740 89 22 jeunes
3369 1741 69 24 filles
3456 1744 96 20 aiment
3569 1747 14 19 d
3602 1748 142 22 apprendre
3761 1753 39 15 ces
3817 1749 84 21 choses

3222 1766 154 22 Maintenant
3398 1769 14 19 d
3437 1774 58 15 vous
3521 1772 28 19 de
3572 1774 54 19 voir
3646 1774 21 19 si
3692 1775 34 19 les
3748 1776 67 20 idées
3834 1778 30 19 de
3885 1780 70 20 votr»

3221 1793 131 24 mtourage
3369 1799 61 17 vous
3448 1796 151 22 interdisent
3615 1800 30 20 de
3661 1800 22 19 le
3699 1800 73 25 faire.
3829 1804 77 21 Merci
3924 1806 22 20 >*i

3221 1819 63 20 votre
3302 1824 104 21 marqua
3428 1821 28 20 de
3477 1825 150 25 sympathie,
3650 1827 47 19 bon
3717 1832 106 20 courage
3843 1832 24 18 et
3886 1825 61 27 meti

3221 1845 76 20 leures
3313 1846 109 25 pensées.
3793 1839 14 13 J

3241 1872 163 25 Mystérieuse
3426 1880 97 18 comme
3550 1878 120 21 l'Amour.
3744 1881 22 20 il
3793 1883 57 21 faut
3874 1885 58 19 con'
3932 1885 15 19 4

3220 1902 65 20 iuer.
3304 1900 76 22 petite
3398 1902 72 24 amie,
3490 1904 14 20 à
3524 1904 98 21 n'avoir
3639 1913 9 11 .
3669 1906 56 21 rien
3738 1907 31 21 de
3788 1910 51 19 mal
3857 1911 17 20 d
3891 1899 57 35 voie,

3220 1925 126 24 reprocher
3365 1936 18 12 ».
3404 1929 33 20 La
3456 1930 91 24 phrase
3565 1931 61 20 dont
3645 1937 59 17 vous
3724 1937 38 17 me
3777 1936 84 24 parlez
3879 1938 67 22 n'est,

3219 1954 24 17 •M
3261 1952 65 24 effet,
3348 1961 9 11 «
3378 1957 45 20 pas
3443 1958 65 18 assez
3528 1964 19 17 »,
3567 1957 64 21 mais
3646 1959 107 25 quelque
3774 1961 71 21 chose
3866 1965 81 21 cevei\

3217 1978 74 21 lant.-
3313 1982 71 21 soyez
3406 1982 118 26 patiente,
3548 1984 120 24 peut-être
3691 1987 115 25 timidité,
3829 1991 118 21 peut-étr,

3217 2004 90 21 raisons
3339 2007 30 21 de
3393 2008 122 21 situation
3548 2009 233 26 l'empéchent-ellet
3809 2016 58 19 d'en
3895 2013 51 26 diri

3216 2031 51 22 f»i«s
3287 2035 65 20 pour
3373 2034 22 20 le
3413 2036 118 20 moment.
3599 2036 76 26 Soyez
3698 2040 54 21 bien
3772 2042 129 24 prudente,
3924 2030 22 32 il

3222 2061 78 17 emme
3330 2063 30 17 ne
3384 2062 59 22 peut
3472 2062 24 20 la
3520 2063 122 24 première
3669 2066 113 21 montrer
3806 2072 27 17 ce
3857 2070 90 22 qu'ellt

3215 2086 191 21 oensetâchez
3425 2088 30 19 de
3476 2093 32 15 ne
3523 2093 44 20 pas
3589 2092 54 24 trop
3663 2093 72 20 river
3743 2094 8 19 !
3770 2093 178 26 Occupez-vous

3215 2111 130 28 beaucoup,
3372 2118 98 21 essayes
3496 2119 47 20 par
3565 2119 111 22 exemple
3703 2119 28 20 de
3756 2121 118 24 soulager
3898 2127 51 18 une

3215 2138 124 22 infortune
3360 2140 93 21 autour
3475 2141 28 20 de
3527 2146 60 18 vous
3598 2152 8 15 ;
3625 2145 25 20 la
3671 2146 124 24 première
3816 2152 60 19 vous
3900 2154 35 17 res-

3215 2165 98 20 lenttrez
3330 2166 22 19 le
3369 2166 105 25 bienfait
3489 2169 31 20 de
3533 2170 69 20 votre
3619 2171 80 22 bonne
3715 2173 107 24 action...
3839 2177 25 19 et
3879 2177 69 21 peut-

3214 2191 46 20 Hre
3286 2191 132 26 fera-t-elle
3443 2196 81 21 naître
3552 2198 124 20 vraiment
3703 2199 107 22 l'amour
3834 2202 64 21 dans
3922 2204 25 20 la

3214 2219 64 18 :ceur
3294 2218 30 20 de
3345 2219 64 20 celui
3429 2223 92 22 auquel
3541 2226 60 18 vous
3619 2228 93 20 pensez.
3733 2226 52 21 Bon
3803 2230 107 21 courage

3234 2245 37 20 Un
3293 2245 155 24 cultivateur
3472 2249 97 21 aimant
3591 2255 44 17 son
3658 2252 98 20 métier.
3828 2255 28 20 Je
3880 2257 65 19 crois

3211 2274 43 21 jus
3274 2275 58 15 vous
3350 2276 92 19 pouvez
3463 2278 58 18 vous
3541 2276 48 24 fier
3607 2281 51 17 aux
3676 2278 111 21 adresses
3806 2282 59 20 dont
3883 2285 61 17 vous

3211 2300 32 17 •ne
3269 2298 92 24 parlez:
3384 2302 17 20 a
3420 2303 58 19 mon
3504 2303 83 22 grand
3608 2303 90 25 regret,
3724 2306 22 22 je
3770 2308 58 20 n'en
3850 2309 24 19 al
3900 2314 44 19 pas

3211 2326 9 18 l
3229 2326 86 20 autres
3333 2326 15 20 d
3367 2329 59 18 vous
3443 2328 98 20 donner
3557 2334 64 20 pour
3639 2330 22 21 le
3678 2335 117 19 moment.
3854 2335 26 20 si
3895 2340 48 19 par

3213 2354 15 17 a
3248 2350 65 21 sutte
3330 2355 33 17 on
3380 2354 66 20 m'en
3468 2356 124 24 envoyait,
3611 2357 24 22 je
3654 2361 59 19 vous
3733 2359 33 21 les
3787 2360 158 25 indiquerai»

3209 2378 57 20 lans
3292 2379 71 21 notre
3387 2381 220 24 correspondance.

3227 2404 94 25 Djldja.
3387 2407 76 20 Merci
3484 2408 30 19 de
3535 2411 71 20 votre
3625 2412 104 22 gentille
3746 2413 80 21 lettre.
3849 2414 94 21 Certain

3208 2432 94 20 lement
3326 2432 19 20 II
3367 2434 37 19 est
3428 2434 67 20 doux
3515 2437 22 19 et
3561 2437 146 22 infiniment
3731 2439 47 19 bon
3802 2441 31 18 de
3852 2443 80 19 croire

3208 2457 58 21 Cous
3285 2461 38 17 me
3344 2458 133 24 demandez
3495 2463 21 19 si
3534 2463 24 22 je
3576 2464 51 19 suis
3643 2464 74 22 jeune
3737 2466 21 19 et
3778 2465 70 22 belle.
3867 2467 18 24 Q
3895 2469 45 19 irw

3208 2485 63 19 oorte
3287 2485 152 26 l'enveloppe
3450 2494 8 17 ;
3475 2487 86 22 sachez
3578 2490 137 22 seulement
3731 2496 46 20 que
3795 2497 59 17 mon
3869 2498 70 18 cccur

3208 2513 53 17 mus
3282 2511 66 20 aime
3367 2513 80 19 toutes
3469 2516 22 19 et
3513 2515 117 22 voudrait
3650 2522 60 15 vous
3731 2518 65 22 faire
3817 2522 34 19 du
3873 2522 66 22 bien.

3207 2548 18 5 -
3244 2537 53 25 Oui,
3319 2538 51 20 l'on
3389 2539 66 24 peut,
3476 2541 14 20 d
3509 2542 150 25 l'occasion,-
3670 2544 86 24 parler
3774 2546 15 19 d
3808 2550 37 15 un
3863 2548 76 22 jeun«

3208 2567 97 20 tomme,
3328 2564 66 21 mais
3416 2567 20 20 il
3454 2567 57 22 faut
3534 2569 51 20 être
3608 2569 50 21 très
3680 2571 123 24 prudente
3827 2574 60 20 dans
3912 2576 27 19 h»

3209 2594 63 17 enue
3288 2591 25 19 et
3332 2591 34 20 les
3386 2590 64 22 tdées
3469 2594 144 25 échangées.
3677 2597 66 20 Pour
3762 2598 21 20 le
3802 2600 85 22 visage
3913 2602 25 20 I*

3208 2620 60 17 aver
3291 2617 96 24 chaque
3404 2620 59 22 jour
3483 2624 59 17 avec
3565 2622 30 19 de
3615 2622 65 21 l'eau
3705 2623 64 21 tiède
3790 2627 15 21 d
3828 2622 109 26 lanueîli

3204 2646 53 17 tous
3274 2644 124 22 ajouterez
3413 2649 35 18 un
3464 2652 47 20 peu
3528 2648 30 20 de
3569 2649 43 24 jus
3627 2650 30 20 de
3672 2650 90 21 citron.
3815 2653 122 21 M'échan.

3202 2672 35 21 tel
3257 2674 44 19 pas
3324 2672 54 24 trop
3396 2672 28 21 de
3446 2680 9 11 «
3477 2674 110 21 taloches
3608 2683 11 9 »
3639 2676 79 20 même
3738 2679 118 21 amicales
3874 2685 59 17 avec

3202 2698 34 19 :os
3259 2695 79 25 frères
3347 2699 18 20 t!

3219 2722 161 22 Blondinette
3400 2726 107 21 rêveuse.
3570 2728 30 20 Je
3614 2732 32 18 ne
3665 2731 51 20 vols
3735 2734 47 21 que
3801 2732 89 21 Paulot
3908 2735 24 18 et

3195 2750 104 21 Pierrot.

3221 2776 120 22 Brunette
3359 2778 119 22 aimante.
3544 2780 50 21 Gus
3613 2783 24 20 et
3657 2783 113 21 Gustave.

3217 2802 74 22 Seule
3311 2805 30 20 13.
3399 2805 85 21 Prière
3503 2807 58 20 bien
3578 2809 98 21 vouloir
3692 2813 39 17 me
3750 2811 97 20 donner
3861 2813 73 20 votr#

3193 2828 105 25 adresse,
3320 2830 46 24 j'ai
3386 2831 122 25 peut-être
3529 2833 113 25 quelque*
3658 2836 72 20 chose
3754 2841 64 20 pour
3835 2842 67 17 vous.

3217 2856 81 21 Veuve
3324 2857 53 25 G....
3400 2858 17 20 à
3437 2859 50 21 ïï...
3561 2861 64 21 Vous
3645 2865 58 18 avez
3728 2864 85 22 oublié
3834 2865 30 20 de
3888 2868 44 21 m#

3193 2882 96 20 donner
3307 2884 70 19 votre
3397 2883 106 25 adresse;
3522 2888 25 22 je
3566 2888 125 25 m'oeeupe
3711 2889 31 20 de
3758 2895 27 15 ce
3804 2895 47 18 que
3869 2891 61 21 vout

3190 2911 39 14 me
3249 2910 142 15 demandez.

3159 2933 1 32 '
3214 2934 144 26 Joséphine.
3376 2939 74 20 —Je
3471 2939 51 20 n'ai
3543 2944 44 19 pas
3607 2946 26 14 ce
3653 2942 200 22 renseignement
3870 2947 54 18 sout

3190 2960 26 20 la
3236 2962 77 22 main,
3334 2963 64 20 mats
3419 2965 24 24 je
3464 2965 43 20 l'ai
3527 2966 83 21 donné
3630 2967 125 25 plusieurs
3771 2969 56 24 fois.
3852 2960 73 34 Voyët

3190 2987 25 21 la
3240 2988 132 22 collection
3397 2991 28 20 de
3452 2992 81 21 Z'O.-E.
3562 2992 81 25 {pages
3667 2995 30 20 de
3723 2996 26 19 la
3768 2995 106 24 femme).

3215 3014 26 21 P.
3260 3015 26 20 B.
3306 3015 15 21 à
3339 3017 26 20 P.
3429 3018 38 20 Un
3487 3018 50 20 très
3553 3018 48 21 bon
3621 3021 102 20 manuel
3738 3030 9 13 :
3764 3022 96 25 Apollo,
3880 3027 45 21 par

3189 3040 117 22 Salomon
3330 3043 117 24 llelnach.
3470 3048 47 20 que
3541 3050 59 17 vous
3625 3047 126 21 trouverez
3771 3050 63 20 dans
3857 3051 67 20 tout*

3189 3066 122 22 librairie.
3326 3070 133 21 L'histoire
3476 3071 30 21 rte
3521 3072 71 24 J'Art,
3611 3077 47 20 par
3673 3074 73 21 Louis
3763 3076 81 24 C.lllct,
3862 3078 63 21 dan»

3198 3097 17 31 1
3255 3099 9 15 r
3266 3109 7 19 /
3273 3099 34 15 ln,
3311 3096 6 19 '
3320 3102 6 13 t
3326 3096 5 32 '
3351 3096 107 21 Histoire
3477 3099 31 19 de
3529 3099 24 20 la
3573 3099 91 21 Nation
3684 3102 130 24 française,
3835 3104 34 19 est
3891 3106 34 19 un

3188 3119 183 27 chef-d'œuvre,
3397 3123 61 20 mais
3482 3125 44 22 qui
3549 3126 69 20 route
3641 3128 26 20 50
3685 3128 92 24 francs.
3802 3129 38 21 Un
3861 3130 64 20 llrri

3188 3146 48 21 très
3256 3148 149 21 intéressant
3426 3151 35 20 est
3481 3150 131 24 {'Histoire
3631 3154 119 21 Générale
3767 3155 43 21 des
3831 3156 93 22 Beaux.

3185 3174 64 22 Arts,
3272 3178 46 20 par
3338 3175 80 24 Hogcr
3436 3177 85 24 l'ei/rc.
3544 3178 30 21 Le
3595 3181 107 24 premier
3723 3182 37 19 est
3780 3182 64 20 édité
3865 3183 58 22 chez

3187 3200 126 26 Hachette,
3331 3202 22 20 le
3372 3203 129 21 deuxième
3520 3206 57 20 chez
3594 3206 70 24 Pion,
3683 3208 21 19 le
3723 3209 124 21 troisième
3865 3210 57 22 chez

3185 3226 144 26 Dclagrave.
3348 3228 32 21 Le
3397 3231 110 21 premier
3521 3233 22 19 et
3563 3233 22 19 le
3602 3233 100 20 dernier
3719 3234 102 21 doivent
3835 3237 87 20 coûter

3183 3254 26 19 20
3228 3253 91 25 francs.

3209 3280 26 21 A.
3255 3281 25 20 L.
3302 3281 22 21 C.
3389 3282 38 21 Vn
3446 3285 122 20 excellent
3588 3289 109 21 ouvrage
3717 3294 7 12 :
3744 3288 86 20 Savoir
3852 3289 70 21 vivra

3183 3306 25 20 et
3224 3307 136 22 Nouveaux
3378 3308 92 25 Usages
3488 3311 139 25 mondains,
3646 3317 48 20 par
3711 3313 25 21 la
3751 3315 120 21 Comtesse
3889 3315 30 21 de

3184 3333 86 24 Oence,
3298 3334 56 20 chez
3380 3335 76 21 Albin
3476 3337 99 24 Michel,
3601 3339 58 25 prix
3683 3341 13 18 7
3722 3340 90 22 francs.
3886 3343 32 20 Ce

3183 3358 63 21 livre
3269 3364 38 17 me
3331 3363 84 22 parait
3436 3363 113 24 complet,
3574 3370 30 14 en
3627 3366 65 21 rolcl
3711 3366 35 21 les
3768 3369 151 22 princina-ix

3181 3385 125 25 chapitres
3320 3394 7 13 .-
3352 3389 37 20 En
3412 3389 107 25 famille;
3544 3391 117 24 Chapitre
3683 3394 18 20 i.
3729 3393 67 21 Fêtes
3821 3396 28 19 de
3875 3396 28 19 Fa-

3181 3412 78 24 mille;
3279 3413 117 25 Chapitre
3418 3417 19 21 5,
3462 3416 156 25 Naissances;
3639 3418 117 25 Chapitre
3778 3422 19 21 6,
3822 3422 22 20 le
3867 3422 34 20 Ma-

3180 3439 69 21 riage
3272 3439 5 32 {
3280 3439 32 21 tel
3337 3444 60 17 vous
3416 3442 128 20 trouverez
3566 3443 28 21 de
3617 3445 138 21 nombreux
3777 3448 126 24 renseigne-

3178 3465 98 24 ments);
3299 3467 117 24 Chapitre
3435 3470 19 20 7.
3475 3469 22 19 le
3517 3469 81 22 Décès;
3619 3470 117 24 Chapitre
3755 3474 19 20 s.
3794 3474 20 20 le
3834 3475 71 20 Deuil

3221 3491 38 21 En
3278 3493 93 20 Société
3410 3494 118 25 Chapitre
3548 3498 18 20 1,
3586 3497 39 22 4a
3644 3497 91 21 hasard
3754 3500 41 20 des
3814 3504 86 17 rencon-

3178 3519 48 19 tres
3243 3527 6 13 ;
3272 3520 116 22 Chapitre
3406 3523 20 22 2,
3449 3522 34 19 les
3508 3522 85 21 Visites
3609 3531 6 14 ;
3638 3524 116 22 Chapitre
3774 3527 20 21 4,
3814 3526 78 20 Rêvas

3177 3544 118 25 Chapitre
3312 3548 19 22 5,
3354 3547 57 21 nais
3431 3550 24 18 et
3471 3548 104 24 Soirées,-
3592 3550 120 24 Chapitre
3729 3553 20 24 s,
3768 3552 24 20 la
3813 3554 87 20 Conver-

3176 3572 91 24 sation;
3287 3572 118 25 Chapitre
3425 3576 21 21 p.
3468 3576 217 24 Correspondance
3703 3579 22 19 et
3746 3579 120 21 Cadeaux.

3201 3598 60 21 Aine
3278 3605 32 14 en
3331 3600 78 24 peine.
3471 3601 30 20 Ce
3522 3606 47 20 que
3591 3607 59 17 vous
3667 3607 58 17 avez
3745 3605 30 19 de
3795 3606 84 20 mieux
3896 3608 15 19 d

3175 3624 72 24 faire,
3272 3626 58 19 c'est
3353 3627 28 19 de
3404 3631 60 17 vous
3487 3630 112 20 adresser
3620 3632 14 20 a
3657 3631 67 20 votre
3746 3631 76 26 église
3841 3637 33 17 ou
3896 3635 15 18 d

3176 3651 69 20 votre
3268 3652 90 24 temple
3384 3653 31 20 01i
3442 3654 48 20 l'on
3516 3659 60 17 vous
3602 3657 111 20 donnera
3741 3658 116 21 l'adresse
3882 3660 30 20 de

3175 3678 91 19 cercles
3285 3683 64 19 pour
3364 3679 87 22 jeunes
3468 3681 73 22 filles,
3560 3683 63 19 dans
3643 3683 21 20 le
3681 3687 74 19 genre
3774 3686 30 20 de
3820 3690 26 15 ce
3863 3690 47 20 que

3175 3707 59 17 vous
3259 3703 143 24 demandez.
3428 3707 30 20 Je
3484 3712 31 15 ne
3539 3709 103 20 connais
3671 3715 44 20 pas
3742 3711 25 20 la
3794 3712 57 20 ville
3879 3715 31 19 de.

3172 3730 100 21 Nantes.
3302 3731 25 20 Si
3356 3736 59 17 vous
3442 3733 109 22 préférez
3578 3735 40 20 des
3645 3736 106 22 Sociétés
3778 3741 132 21 purement

3172 3756 103 25 laïques,
3302 3758 19 19 il
3346 3763 38 15 me
3410 3761 91 20 semble
3522 3765 47 15 nue
3594 3767 59 15 vous
3679 3764 125 20 trouverez
3827 3767 80 19 toutes

3172 3782 152 22 Indications
3341 3785 74 20 utiles
3432 3787 48 20 sott
3496 3787 15 20 d
3527 3788 25 19 la
3569 3788 94 24 mairie,
3684 3790 46 19 soit
3748 3790 14 19 d
3778 3795 48 17 une
3841 3791 66 21 école

3171 3810 48 19 sott
3234 3810 14 20 à
3268 3814 35 17 un
3321 3811 69 22 lycée
3407 3813 28 20 de
3455 3813 85 22 jeunes
3559 3814 72 24 filles,
3650 3816 100 20 suivant
3769 3817 35 21 les
3822 3817 86 21 êtudet

3172 3840 46 19 que
3242 3840 59 18 vous
3326 3841 58 18 avez
3407 3839 73 22 faites
3506 3841 22 18 et
3553 3840 21 20 le
3599 3841 89 21 milieu
3709 3847 46 20 que
3778 3847 59 18 vous
3860 3846 35 22 fré-

3170 3863 109 21 quentez.
3312 3863 52 21 Une
3397 3865 154 21 Association
3583 3868 142 24 catholique
3758 3870 30 19 de
3820 3872 72 22 jeune
3894 3875 12 17 $

3168 3888 74 24 filles,
3265 3891 34 19 les
3318 3891 126 24 Xoilistes,
3465 3896 14 15 a
3500 3893 125 21 sûrement
3641 3898 34 17 un
3696 3899 93 21 groupe
3808 3898 14 20 d
3840 3898 66 20 .Van.

3169 3917 43 20 les.
3233 3915 22 20 et
3276 3918 67 19 toute
3364 3918 111 24 paroisse
3496 3924 59 15 vous
3573 3921 159 22 renseignera
3752 3924 13 20 -i
3784 3927 27 17 ce
3830 3924 65 24 sujet

3195 3943 37 20 Un
3252 3944 125 21 Matheux.
3448 3945 20 20 Il
3491 3946 69 21 m'est
3582 3941 113 30 difficile,
3719 3950 14 19 d
3755 3950 52 20 moi
3827 3952 66 19 aussi

3168 3969 27 20 de
3211 3972 59 17 vous
3289 3970 96 20 donner
3403 3976 33 15 un
3455 3973 198 22 renseignement
3672 3974 78 24 précis
3768 3977 24 20 et
3808 3977 84 24 rapide

3168 3996 60 19 Mais
3246 3996 22 22 je
3286 3996 64 20 crois
3365 3998 74 24 qu'en
3454 3998 112 21 écrivant
3580 4002 14 19 <1
3609 4002 171 20 l'Association
3796 4005 105 19 amicale

3165 4020 39 22 M/,
3227 4022 20 21 le
3268 4022 128 21 Président
3416 4020 38 30 de)
3475 4026 41 19 des
3536 4026 106 20 Anciens
3661 4026 17 21 F
3681 4026 63 21 lèves
3764 4026 28 21 de
3810 4029 90 21 l'Ecole

3165 4048 122 24 Centrale,
3312 4050 17 21 i,
3350 4054 44 15 rue
3416 4050 116 24 Blanche,
3555 4052 71 21 Paris
3646 4052 45 24 ,'9'),
3710 4057 33 18 on
3764 4058 59 15 vous
3842 4055 43 22 don-

3164 4077 61 17 nera
3246 4074 178 24 cordialement
3445 4078 104 20 conseils
3569 4081 24 19 et
3612 4081 217 25 renseignements,

3796 4109 74 18 ANNIE.

3223 4181 231 44 PROPOS
3488 4185 335 43 D'ENFANTS

3188 4270 77 26 Dédé
3289 4271 84 30 (deux
3393 4274 64 27 ans)
3481 4274 87 28 reçoit
3587 4280 71 20 avec
3680 4283 35 19 sa
3733 4277 77 25 mère
3831 4279 47 24 l'in-

3159 4300 276 30 nrmière-visiteuse,
3468 4302 39 26 lui
3534 4304 50 24 fait
3613 4305 39 24 les
3680 4302 144 32 honneurs
3852 4309 38 26 du

3156 4331 80 30 logis,
3257 4332 24 24 la
3304 4333 190 27 présentation
3514 4335 39 26 de»
3573 4336 72 30 chat,
3666 4343 110 21 caresse
3795 4345 32 19 sa
3847 4348 28 19 ro-

3155 4363 41 27 be.
3219 4364 111 24 émiette
3350 4365 35 24 du
3410 4367 64 28 pain
3494 4374 50 18 sur
3562 4374 45 19 ses
3627 4374 120 25 genoux.
3815 4372 73 25 Mai»

3155 4395 67 25 midi
3240 4396 149 30 approche,
3407 4397 119 26 soudain
3547 4400 73 25 Cédé
3638 4407 85 22 pense
3738 4409 37 18 au
3793 4402 79 31 déjeu-

3155 4431 51 19 ner
3221 4429 26 22 et
3263 4427 80 25 hurle
3369 4430 41 25 On
3429 4429 128 30 l'apaise,
3574 4433 142 30 l'installe,
3736 4434 37 25 lui
3793 4435 93 26 donna

3154 4465 54 18 une
3227 4459 122 28 assiette,
3371 4466 52 19 une
3442 4463 107 27 cuiller,
3572 4465 74 24 enfin
3667 4466 33 24 de
3718 4466 92 26 beaux
3828 4472 39 20 ma-

3152 4492 119 24 caronis.
3350 4492 79 26 Alors
3451 4493 73 26 Dédé
3548 4495 103 25 choisit
3673 4496 26 24 le
3722 4498 61 28 plus
3808 4498 77 28 long,

3154 4521 24 24 le
3196 4522 64 28 plus
3279 4524 110 28 beurré,
3410 4525 26 25 le
3455 4526 83 25 saisit
3559 4526 15 24 H
3596 4528 92 30 pleine
3710 4530 78 25 main
3810 4532 26 24 et
3857 4535 27 21 M

3151 4556 65 24 tend
3237 4556 17 24 à
3273 4556 30 22 la
3321 4556 133 25 visiteuse
3476 4565 6 17 :
3503 4569 11 11 «
3533 4558 93 25 Tiens,
3647 4561 83 21 dame
3750 4563 7 20 1
3778 4570 12 13 »

3181 4648 165 28 Geneviève,
3372 4651 26 24 15
3422 4651 73 24 mois

3181 4677 135 30 Bernard,
3340 4681 13 24 3
3379 4685 58 19 ans.

3183 4708 155 26 Geneviève
3359 4711 83 24 crève
3465 4717 52 25 par
3540 4714 132 28 mégarde
3696 4715 26 24 le
3744 4716 50 30 Joli
3816 4717 60 25 tam

3150 4739 72 27 bour
3249 4740 35 25 île
3315 4742 123 26 Bernard
3480 4743 100 30 Quand
3612 4746 124 26 Bernard
3768 4748 111 28 revient,

3150 4769 26 27 la
3200 4775 123 22 maman,
3347 4773 149 26 cmenant
3522 4774 24 25 le
3570 4775 253 28 mécontentement
3848 4779 31 25 de

3150 4800 133 30 Bernard,
3306 4801 119 26 l'avertit
3445 4804 168 28 doiiremont
3633 4807 38 25 du
3691 4807 89 31 dégât.
3802 4808 77 25 Alors

3151 4832 123 25 Bernard
3301 4833 104 25 hausse
3430 4834 39 25 les
3493 4837 115 28 épaules
3634 4846 6 18 :

3224 4863 41 24 On
3286 4867 34 20 no
3340 4866 63 26 peut
3424 4865 57 25 rien
3501 4866 37 22 'ni
3559 4867 61 25 dire
3640 4877 6 15 :
3663 4870 65 22 c'est
3745 4870 22 25 si
3787 4871 87 27 Jeûna

3501 4912 15 13 *

3490 4925 13 14 *
3511 4925 15 14 ♦

3172 4955 32 21 t.a
3228 4958 96 20 maman.
3398 4957 20 25 11
3444 4959 59 24 faut
3528 4961 63 24 bien
3612 4961 196 28 l'économiser
3827 4965 48 24 ton

3145 4985 107 25 argent,
3280 4990 66 20 mon
3372 4988 77 24 chéri
3485 4991 59 24 tout
3572 4994 150 24 augmente
3746 4995 34 22 de
3806 4995 72 27 prix.

3174 5015 117 37 Infant
3379 5017 72 25 Mais
3476 5020 84 26 alors,
3588 5026 123 22 maman,
3738 5026 141 26 pourquoi

3144 5043 102 25 carder
3274 5049 67 22 mon
3373 5048 115 26 argent?
3522 5049 65 25 Plus
3618 5050 27 30 Je
3676 5052 25 25 le

3141 5076 27 20 et
3195 5074 91 25 moins
3313 5079 31 21 tu
3384 5082 118 21 pourras
3540 5081 150 25 m'achetrr
3716 5082 33 26 de
3776 5085 99 25 choses

3143 5107 66 20 avec
3224 5105 7 25 1

3498 5141 11 11 *

3487 5154 13 12 #
3508 5154 12 12 *

3171 5179 37 26 Le
3223 5184 66 28 petit
3308 5184 93 25 Pierre
3423 5185 80 26 (celui
3522 5189 47 28 qui
3588 5187 164 28 demandait
3769 5197 32 20 co
3817 5198 54 22 que

3144 5213 152 31 pouvaient
3313 5216 65 24 bien
3397 5217 57 25 être
3471 5220 92 22 toutes
3581 5224 45 20 ces
3646 5222 99 28 petites
3763 5232 13 12 «

3143 5246 40 24 tes
3207 5244 34 26 de
3266 5245 66 25 lùtie
3357 5257 9 12 «
3392 5249 85 28 qu'on
3503 5250 96 30 voyait
3622 5251 25 26 le
3671 5252 59 24 soir
3752 5254 71 27 d:>ns
3847 5257 22 24 lu

3141 5276 73 28 ciel),
3237 5277 24 24 le
3281 5278 67 30 petit
3372 5280 91 25 Pierro
3483 5281 78 25 vient
3581 5282 33 25 de
3633 5288 94 21 casser
3748 5289 35 20 un
3803 5290 67 21 vas#

3139 5308 175 30 magnillque

3170 5341 40 22 Au
3230 5340 74 26 bruit
3321 5341 39 25 du
3377 5342 115 26 sinistre
3510 5344 93 25 fracas
3621 5365 6 8 ,
3647 5346 28 25 la
3692 5352 113 21 anman
3827 5354 32 19 &c

3138 5374 81 21 court
3236 5374 27 22 et
3285 5372 59 26 lèva
3366 5374 39 25 les
3426 5374 64 26 bras
3509 5381 39 21 au
3567 5375 53 26 ciel
3634 5385 6 17 :

3213 5405 70 24 Petit
3296 5405 184 26 malheureux
3501 5408 6 24 I
3522 5407 136 26 Qu'est-ce
3674 5414 53 24 que
3743 5417 73 21 papa
3833 5418 35 20 v*

3137 5433 61 26 dire
3213 5434 34 25 1...

3169 5466 31 25 lit
3220 5467 100 28 Pierre,
3341 5469 48 30 qui
3409 5474 34 20 en
3463 5476 15 20 a
3496 5470 65 30 déjà
3579 5472 58 31 pris
3654 5479 51 19 son
3723 5474 73 31 pajti
3816 5484 6 14 :

3214 5498 138 28 Qu'est-ce
3372 5505 53 26 que
3445 5503 31 22 tu
3494 5506 100 21 veux...
3617 5504 22 26 Il
3654 5503 65 28 dirm
3741 5513 8 17 :
3767 5513 13 17 *
3801 5504 65 27 Mi

3136 5533 83 26 gosse
3233 5530 34 27 !...
3285 5537 14 18 »

875 3462 111 25 ENTRE
1004 3464 99 25 NOUS.
1162 3467 90 25 Toute
1267 3470 105 25 femme
1387 3471 130 31 élégante
1533 3472 54 25 sait

842 3494 103 24 rendre
959 3495 18 25 à
991 3500 44 22 ses
1048 3496 128 27 cheveux
1191 3497 107 30 blancs,
1315 3506 67 21 sans
1393 3501 41 26 les
1442 3503 136 27 mouiller

844 3523 63 25 leur
924 3531 112 19 nuance
1056 3527 152 31 primitive,
1227 3536 34 18 en
1279 3530 109 26 faisant
1406 3539 87 25 usage
1511 3535 34 25 de
1561 3523 26 38 là

846 3556 110 24 Poudre
973 3556 112 30 Capsllu
1089 3568 13 18 8
1119 3561 48 28 qui
1180 3561 92 26 existe
1289 3569 37 19 en
1342 3565 93 25 toutes
1452 3565 103 27 teintes
1571 3569 17 25 à

841 3587 28 24 la
893 3588 227 26 PARFUMERIE
1141 3592 113 30 NINON,
1274 3595 38 26 31,
1336 3595 59 24 Rue
1415 3598 38 24 du
1473 3596 102 31 4-Sept.

843 3619 110 24 PARIS.
977 3621 77 25 Pour
1075 3621 132 26 blanchir
1230 3625 26 24 et
1278 3625 120 27 fortifier
1419 3627 80 25 votre
1520 3628 50 25 den-

841 3650 84 25 tition
950 3650 4 35 :
976 3652 107 25 l'Elrxir
1102 3653 152 26 dentifrioe
1274 3657 51 24 de*
1346 3657 180 27 Bénédictins
1546 3661 38 24 du

842 3681 77 25 Mont
939 3683 117 30 Majolla
1075 3685 33 26 de
1128 3685 27 25 E.
1178 3685 117 31 SENET,
1316 3689 34 28 26,
1374 3690 28 22 R.
1422 3690 38 22 du
1481 3690 102 30 «-Sept.

2626 2669 144 24 TRAVAUX
2794 2672 37 21 DR
2855 2674 90 21 LAINE

2443 2693 79 21 Toute
2542 2694 92 21 femme
2654 2695 116 26 élégante
2790 2700 25 20 et
2836 2699 117 22 économe
2972 2701 115 25 désirant
3109 2705 35 21 exé-

2418 2721 70 19 cuter
2506 2721 15 20 â
2541 2726 48 19 peu
2608 2722 31 20 de
2657 2722 64 21 frais
2740 2728 39 17 ses
2797 2726 73 21 robes
2888 2727 24 20 et
2931 2727 106 26 blouses,
3057 2734 98 18 receva

2417 2750 45 18 nos
2486 2747 102 21 albums
2611 2748 112 22 illustrés
2747 2747 5 32 :
2842 2754 19 21 1,
2885 2756 117 21 Travaux
3027 2757 30 21 de
3083 2758 67 21 laine

2414 2773 47 38 f?
2652 2778 110 24 Blouses,
2784 2780 45 20 Frs
2846 2781 54 24 3.60;
2975 2784 20 22 3,
3018 2784 137 22 Vêtements

2415 2802 109 24 tricotés,
2542 2803 45 21 Frs
2597 2805 56 22 3.50;
2667 2805 34 20 N*
2718 2806 20 24 4,
2752 2806 142 22 Vêtements
2907 2807 33 22 de
2953 2811 77 24 sport,
3045 2812 44 20 Frs
3103 2812 13 20 3
3123 2812 32 20 50-

2414 2829 37 19 N*
2467 2830 21 22 5,
2504 2830 76 21 Point
2594 2831 32 20 de
2640 2832 78 25 croix,
2733 2833 46 20 Frs
2791 2836 56 22 4.80;
2862 2836 32 20 N*
2911 2838 19 20 8.
2947 2838 73 24 Tapis
3044 2838 46 20 Frs
3103 2841 52 19 4.M-

2412 2856 34 20 N*
2466 2857 20 21 7.
2507 2857 77 24 Tapis
2603 2858 115 25 Smyrne,
2738 2861 45 20 Frs
2803 2863 32 19 10.
2846 2870 18 13 ».
2887 2863 44 20 Les
2952 2864 60 24 sept,
3031 2865 33 19 Fr
3092 2868 26 19 35
3137 2858 18 26 »•'

2414 2883 89 21 contre
2523 2885 106 20 mandat
2653 2887 99 21 adressé
2777 2888 15 21 à
2816 2889 122 24 GIAFAR.
2962 2893 32 22 16,
3019 2891 136 24 boulevard

2413 2910 175 25 Montmartre,
2607 2914 72 19 Paris
2694 2914 46 26 (S'),
2758 2915 24 20 et
2798 2916 144 21 n'utilisera
2960 2922 47 19 que
3022 2917 35 22 les
3074 2920 80 21 laines

2412 2936 34 22 du
2469 2939 57 19 BON
2549 2940 133 21 PASTEUR
2702 2942 22 20 et
2745 2943 31 19 de
2796 2943 170 21 SAINT-EPIN
2988 2947 24 19 P.
3032 2947 25 20 F.
3077 2947 27 21 N.
3123 2947 32 21 Ce

2413 2963 57 20 sont
2486 2963 37 20 les
2538 2963 57 25 plus
2613 2965 64 21 fines
2692 2967 25 20 et
2733 2967 37 21 les
2786 2969 56 21 plus
2862 2968 182 22 économiques.
