1240 1958
21 8 75 17 RADIO
113 9 13 17 I
130 18 9 8 .
157 7 89 18 Eerste
263 7 150 23 uitzending
428 11 46 14 van
489 6 14 19 2
519 8 72 18 Maart
609 7 70 24 1937*

22 31 165 23 Goedenavond
203 32 73 17 Dames
294 36 28 13 en
337 32 90 18 Heeren
430 44 9 12 ,
443 32 224 19 Nieuwsberichten
683 37 44 15 van
742 34 43 18 het
802 35 120 22 Algemeen
938 35 180 20 Nederlandsch

22 57 152 19 Persbureau
188 59 14 17 A
206 68 8 9 .
218 58 14 17 N
236 68 8 9 .
248 58 13 17 P
266 67 8 9 .
297 54 7 24 (
309 57 147 19 Publicatie
474 57 26 18 is
517 57 120 19 verboden
652 58 132 19 krachtens
801 60 29 18 de
847 61 148 19 Auteurswet
999 72 9 9 .

22 83 89 19 Eerste
128 82 150 24 uitzending
294 87 57 14 voor
368 83 30 19 de
413 85 14 17 A
431 96 8 12 ,
444 84 15 18 V
460 94 9 9 .
472 85 14 18 R
491 95 7 7 .
504 84 13 18 O
520 95 8 9 .
552 81 7 24 (
563 85 15 17 K
580 95 8 9 .
592 85 13 17 R
611 95 8 9 .
624 85 13 17 O
640 95 9 9 .
657 83 7 24 )

21 148 228 19 WEERVERWACHTING
269 152 7 14 :
296 145 8 24 (
309 148 43 18 zie
370 148 71 18 losse
459 149 72 23 copie
537 146 8 24 )

22 198 149 19 BINNENÏAND
193 203 6 14 :
219 199 27 18 Ir
262 199 29 18 de
307 200 46 18 KOK
369 203 28 14 en
412 200 29 17 de
457 200 59 17 heer
533 201 102 19 SCHFIDT
654 202 72 18 CRANS
743 201 58 23 zijn
818 206 27 19 op
861 203 46 17 hun
922 203 87 18 vlucht
1027 207 44 14 van
1087 200 72 23 Indië

113 228 57 14 naar
187 224 42 18 het
248 224 147 19 Moederland
413 225 103 23 vandaag
533 225 27 17 te
576 226 104 18 KARACHI
698 226 134 22 azgekomen
835 237 9 9 .
846 228 46 17 Hun
907 227 88 18 vlucht
1011 228 59 19 werd
1086 225 120 28 begun%%-

113 249 73 23 stigd
202 249 59 18 door
278 249 119 23 prachtig
412 253 59 14 weer
475 260 8 9 .
503 251 88 21 Morgen
606 251 73 18 wordt
696 251 30 18 de
742 251 58 18 reis
817 252 148 22 voortgezet
969 264 9 9 .

219 300 85 18 Zooals
323 300 102 22 gehoopt
443 304 29 14 en
488 301 116 18 verwacht
622 301 58 18 werd
698 301 26 18 is
743 301 29 18 in
786 302 46 18 den
848 303 57 22 loop
922 307 44 14 van
980 304 46 18 den
1041 304 89 23 middag
1145 305 28 18 de
1189 307 42 18 WAS

113 329 44 13 van
171 325 47 18 den
235 325 87 18 IJssel
338 325 27 18 te
384 326 103 22 Zutphen
503 326 42 18 tot
563 326 73 18 staan
652 327 103 22 gekomen
759 337 9 9 .

21 376 45 18 UIT
81 376 32 17 DE
128 376 194 19 STAATSCOURANT
343 381 7 14 :
367 376 103 18 Benoemd
488 377 42 18 tot
547 376 119 19 officier
681 378 31 19 in
725 378 32 18 de
771 378 60 18 orde
846 383 46 14 van
906 379 195 23 Oranje-Nassau
1107 386 6 13 :
1132 381 43 18 Jhr
1179 392 8 8 .

113 402 27 18 Mr
146 413 7 8 .
156 402 14 18 T
175 413 7 8 .
188 402 13 17 J
206 412 8 9 .
218 402 44 17 VAN
279 402 133 18 IDDEKINGE
414 414 9 12 ,
428 402 148 19 voorzitter
592 407 45 14 van
650 402 28 18 de
696 403 193 19 hoofddirectie
906 408 44 14 van
965 405 42 18 het
1026 405 132 18 instituut

112 431 58 14 voor
186 427 166 18 doofstommen
368 428 27 18 te
413 428 134 23 Groningen
550 441 8 11 ,
561 428 103 18 wonende
682 428 27 18 te
725 430 76 17 Haren
803 440 8 8 .

367 467 45 18 Aan
428 467 27 17 Mr
460 477 8 7 .
474 467 12 17 Z
490 477 8 8 .
502 467 31 18 Th
536 477 8 8 .
548 467 14 17 N
566 477 8 8 .
576 468 30 17 DE
623 468 73 17 JONGH
713 468 43 18 VAN
772 469 75 18 ARKEL
862 468 26 18 is
907 473 27 18 op
952 468 59 24 zijn
1026 470 104 18 verzoek

113 491 43 18 met
173 486 106 27 ingang/
293 495 45 14 van
353 492 13 18 I
383 491 72 19 Maart
472 492 59 23 1937
548 492 88 18 eervol
652 493 104 22 ontslag
771 494 118 17 verleend
907 494 41 18 als
966 494 119 23 griffier
1101 499 45 14 van

111 516 43 18 het
173 516 164 23 gerechtshof
353 516 27 18 te
398 517 91 18 Arnhem
503 521 29 14 en
548 517 27 18 is
593 517 41 19 als
653 517 118 23 zoodanig
785 518 104 19 benoemd
894 531 8 11 ,
907 520 27 17 Mr
939 530 8 9 .
950 520 15 17 D
969 530 8 9 .
980 521 14 17 F
999 530 8 8 .
1009 520 15 16 W
1028 530 9 9 .
1041 520 133 19 SCHEIDIUS
1178 533 8 12 ,

113 541 71 19 thans
203 541 282 23 substituut-griffier
501 542 43 23 bij
562 542 102 23 genoemd
682 543 163 22 gerechtshof
849 554 8 9 .

111 617 90 18 EERSTE
217 617 208 19 KAMEROVERZICHT
447 622 6 15 :
475 616 7 22 (
488 617 42 18 zie
546 618 119 22 haagsche
682 619 146 22 telexcople
835 617 7 23 )
