<?xml version="1.0" encoding="utf-8"?>
<alto xmlns:xlink="http://www.w3.org/TR/xlink" xmlns:xsi="http://www.w3.org/2001/XMLSchema-instance" xsi:noNamespaceSchemaLocation="http://schema.ccs-gmbh.com/metae/alto-1-2.xsd">
<Description><MeasurementUnit>pixel</MeasurementUnit></Description>
<Layout>
<Page HEIGHT="1963" ID="Page1" PHYSICAL_IMG_NR="1" WIDTH="1239">
<PrintSpace HEIGHT="1963" HPOS="0" VPOS="0" WIDTH="1239">
<TextBlock HEIGHT="33" HPOS="48" ID="TextBlock1" VPOS="43" WIDTH="678">
<TextLine HEIGHT="27" HPOS="51" ID="TextLine1" VPOS="46" WIDTH="672">
<String CONTENT="RADIO" HEIGHT="19" HPOS="51" ID="String1" VPOS="52" WIDTH="77"/>
<SP HPOS="127" ID="SP1" VPOS="70" WIDTH="15"/>
<String CONTENT="2" HEIGHT="19" HPOS="142" ID="String2" VPOS="51" WIDTH="15"/>
<String CONTENT="." HEIGHT="10" HPOS="160" ID="String3" VPOS="61" WIDTH="10"/>
<SP HPOS="156" ID="SP2" VPOS="69" WIDTH="29"/>
<String CONTENT="Tweede" HEIGHT="18" HPOS="186" ID="String4" VPOS="51" WIDTH="91"/>
<SP HPOS="276" ID="SP3" VPOS="69" WIDTH="16"/>
<String CONTENT="uitzending" HEIGHT="24" HPOS="292" ID="String5" VPOS="48" WIDTH="151"/>
<SP HPOS="443" ID="SP4" VPOS="72" WIDTH="15"/>
<String CONTENT="van" HEIGHT="15" HPOS="457" ID="String6" VPOS="53" WIDTH="45"/>
<SP HPOS="502" ID="SP5" VPOS="68" WIDTH="18"/>
<String CONTENT="I" HEIGHT="18" HPOS="520" ID="String7" VPOS="49" WIDTH="13"/>
<SP HPOS="533" ID="SP6" VPOS="67" WIDTH="15"/>
<String CONTENT="Maart" HEIGHT="19" HPOS="548" ID="String8" VPOS="48" WIDTH="72"/>
<String CONTENT="." HEIGHT="9" HPOS="624" ID="String9" VPOS="60" WIDTH="8"/>
<SP HPOS="620" ID="SP7" VPOS="67" WIDTH="34"/>
<String CONTENT="1937*" HEIGHT="25" HPOS="653" ID="String10" VPOS="48" WIDTH="70"/>
</TextLine>
</TextBlock>
<TextBlock HEIGHT="369" HPOS="41" ID="TextBlock2" VPOS="91" WIDTH="1128">
<TextLine HEIGHT="32" HPOS="52" ID="TextLine2" VPOS="94" WIDTH="1095">
<String CONTENT="Goedenavond" HEIGHT="19" HPOS="52" ID="String11" VPOS="101" WIDTH="166"/>
<SP HPOS="218" ID="SP8" VPOS="120" WIDTH="17"/>
<String CONTENT="Dames" HEIGHT="18" HPOS="234" ID="String12" VPOS="101" WIDTH="72"/>
<SP HPOS="306" ID="SP9" VPOS="119" WIDTH="19"/>
<String CONTENT="en" HEIGHT="15" HPOS="324" ID="String13" VPOS="103" WIDTH="29"/>
<SP HPOS="353" ID="SP10" VPOS="118" WIDTH="15"/>
<String CONTENT="Heeren" HEIGHT="18" HPOS="368" ID="String14" VPOS="101" WIDTH="91"/>
<String CONTENT="," HEIGHT="13" HPOS="459" ID="String15" VPOS="111" WIDTH="9"/>
<SP HPOS="459" ID="SP11" VPOS="118" WIDTH="14"/>
<String CONTENT="Nieuwsberichten" HEIGHT="20" HPOS="472" ID="String16" VPOS="98" WIDTH="225"/>
<SP HPOS="697" ID="SP12" VPOS="118" WIDTH="15"/>
<String CONTENT="van" HEIGHT="15" HPOS="712" ID="String17" VPOS="103" WIDTH="45"/>
<SP HPOS="756" ID="SP13" VPOS="118" WIDTH="15"/>
<String CONTENT="het" HEIGHT="19" HPOS="771" ID="String18" VPOS="99" WIDTH="43"/>
<SP HPOS="813" ID="SP14" VPOS="117" WIDTH="19"/>
<String CONTENT="Algemeen" HEIGHT="24" HPOS="832" ID="String19" VPOS="98" WIDTH="120"/>
<SP HPOS="951" ID="SP15" VPOS="122" WIDTH="14"/>
<String CONTENT="Nederlandsch" HEIGHT="21" HPOS="965" ID="String20" VPOS="97" WIDTH="182"/>
</TextLine>
<TextLine HEIGHT="29" HPOS="55" ID="TextLine3" VPOS="120" WIDTH="968">
<String CONTENT="Persbureau" HEIGHT="18" HPOS="55" ID="String21" VPOS="127" WIDTH="150"/>
<SP HPOS="204" ID="SP16" VPOS="145" WIDTH="14"/>
<String CONTENT="A" HEIGHT="17" HPOS="218" ID="String22" VPOS="127" WIDTH="15"/>
<String CONTENT="." HEIGHT="8" HPOS="236" ID="String23" VPOS="138" WIDTH="8"/>
<SP HPOS="233" ID="SP17" VPOS="144" WIDTH="16"/>
<String CONTENT="N" HEIGHT="17" HPOS="249" ID="String24" VPOS="126" WIDTH="13"/>
<String CONTENT="." HEIGHT="8" HPOS="267" ID="String25" VPOS="137" WIDTH="8"/>
<SP HPOS="262" ID="SP18" VPOS="143" WIDTH="19"/>
<String CONTENT="P" HEIGHT="18" HPOS="281" ID="String26" VPOS="126" WIDTH="13"/>
<String CONTENT="." HEIGHT="8" HPOS="296" ID="String27" VPOS="137" WIDTH="8"/>
<SP HPOS="294" ID="SP19" VPOS="143" WIDTH="32"/>
<String CONTENT="Publioatie" HEIGHT="20" HPOS="325" ID="String28" VPOS="124" WIDTH="146"/>
<SP HPOS="471" ID="SP20" VPOS="144" WIDTH="20"/>
<String CONTENT="is" HEIGHT="19" HPOS="490" ID="String29" VPOS="125" WIDTH="25"/>
<SP HPOS="515" ID="SP21" VPOS="144" WIDTH="18"/>
<String CONTENT="verboden" HEIGHT="19" HPOS="533" ID="String30" VPOS="125" WIDTH="119"/>
<SP HPOS="652" ID="SP22" VPOS="144" WIDTH="15"/>
<String CONTENT="krachtens" HEIGHT="20" HPOS="667" ID="String31" VPOS="124" WIDTH="132"/>
<SP HPOS="799" ID="SP23" VPOS="143" WIDTH="18"/>
<String CONTENT="de" HEIGHT="18" HPOS="817" ID="String32" VPOS="125" WIDTH="29"/>
<SP HPOS="845" ID="SP24" VPOS="143" WIDTH="16"/>
<String CONTENT="Auteurswet" HEIGHT="19" HPOS="861" ID="String33" VPOS="123" WIDTH="148"/>
<String CONTENT="." HEIGHT="9" HPOS="1014" ID="String34" VPOS="135" WIDTH="8"/>
</TextLine>
<TextLine HEIGHT="33" HPOS="52" ID="TextLine4" VPOS="143" WIDTH="925">
<String CONTENT="Tweede" HEIGHT="18" HPOS="52" ID="String35" VPOS="152" WIDTH="90"/>
<SP HPOS="141" ID="SP25" VPOS="169" WIDTH="17"/>
<String CONTENT="uitzending" HEIGHT="24" HPOS="158" ID="String36" VPOS="150" WIDTH="151"/>
<SP HPOS="308" ID="SP26" VPOS="173" WIDTH="15"/>
<String CONTENT="voor" HEIGHT="15" HPOS="323" ID="String37" VPOS="154" WIDTH="60"/>
<SP HPOS="383" ID="SP27" VPOS="169" WIDTH="16"/>
<String CONTENT="het" HEIGHT="18" HPOS="398" ID="String38" VPOS="150" WIDTH="42"/>
<SP HPOS="440" ID="SP28" VPOS="168" WIDTH="18"/>
<String CONTENT="Algemeen" HEIGHT="24" HPOS="458" ID="String39" VPOS="149" WIDTH="120"/>
<SP HPOS="578" ID="SP29" VPOS="173" WIDTH="17"/>
<String CONTENT="Programma" HEIGHT="24" HPOS="595" ID="String40" VPOS="149" WIDTH="132"/>
<String CONTENT="(" HEIGHT="24" HPOS="744" ID="String41" VPOS="147" WIDTH="8"/>
<SP HPOS="726" ID="SP30" VPOS="173" WIDTH="26"/>
<String CONTENT="^eSa^Hh-W*" HEIGHT="26" HPOS="752" ID="String42" VPOS="147" WIDTH="165"/>
<String CONTENT=")" HEIGHT="26" HPOS="923" ID="String43" VPOS="146" WIDTH="8"/>
<String CONTENT="," HEIGHT="14" HPOS="952" ID="String44" VPOS="160" WIDTH="10"/>
<String CONTENT="'" HEIGHT="4" HPOS="962" ID="String45" VPOS="149" WIDTH="3"/>
<String CONTENT="." HEIGHT="8" HPOS="969" ID="String46" VPOS="160" WIDTH="8"/>
</TextLine>
<TextLine HEIGHT="21" HPOS="50" ID="TextLine5" VPOS="227" WIDTH="177">
<String CONTENT="BINNENLAND" HEIGHT="20" HPOS="50" ID="String47" VPOS="227" WIDTH="152"/>
<String CONTENT=":" HEIGHT="15" HPOS="220" ID="String48" VPOS="231" WIDTH="7"/>
</TextLine>
<TextLine HEIGHT="32" HPOS="49" ID="TextLine6" VPOS="259" WIDTH="1111">
<String CONTENT="De" HEIGHT="18" HPOS="49" ID="String49" VPOS="267" WIDTH="29"/>
<SP HPOS="78" ID="SP31" VPOS="284" WIDTH="21"/>
<String CONTENT="stormwaarwchuwingsdienst" HEIGHT="24" HPOS="98" ID="String50" VPOS="264" WIDTH="356"/>
<SP HPOS="454" ID="SP32" VPOS="287" WIDTH="19"/>
<String CONTENT="seinde" HEIGHT="19" HPOS="473" ID="String51" VPOS="263" WIDTH="87"/>
<SP HPOS="559" ID="SP33" VPOS="282" WIDTH="16"/>
<String CONTENT="hedenavond" HEIGHT="19" HPOS="575" ID="String52" VPOS="264" WIDTH="150"/>
<SP HPOS="725" ID="SP34" VPOS="282" WIDTH="16"/>
<String CONTENT="om" HEIGHT="14" HPOS="741" ID="String53" VPOS="267" WIDTH="30"/>
<SP HPOS="771" ID="SP35" VPOS="281" WIDTH="16"/>
<String CONTENT="19" HEIGHT="23" HPOS="787" ID="String54" VPOS="264" WIDTH="26"/>
<SP HPOS="812" ID="SP36" VPOS="287" WIDTH="19"/>
<String CONTENT="uur" HEIGHT="14" HPOS="831" ID="String55" VPOS="267" WIDTH="44"/>
<SP HPOS="875" ID="SP37" VPOS="281" WIDTH="16"/>
<String CONTENT="55" HEIGHT="24" HPOS="891" ID="String56" VPOS="263" WIDTH="26"/>
<SP HPOS="916" ID="SP38" VPOS="287" WIDTH="19"/>
<String CONTENT="aan" HEIGHT="14" HPOS="935" ID="String57" VPOS="267" WIDTH="45"/>
<SP HPOS="980" ID="SP39" VPOS="281" WIDTH="15"/>
<String CONTENT="alle" HEIGHT="19" HPOS="995" ID="String58" VPOS="262" WIDTH="57"/>
<SP HPOS="1052" ID="SP40" VPOS="281" WIDTH="19"/>
<String CONTENT="posten" HEIGHT="23" HPOS="1070" ID="String59" VPOS="263" WIDTH="90"/>
</TextLine>
<TextLine HEIGHT="25" HPOS="110" ID="TextLine7" VPOS="286" WIDTH="299">
<String CONTENT='"' HEIGHT="12" HPOS="110" ID="String60" VPOS="288" WIDTH="12"/>
<String CONTENT="ATTENTIESEIN" HEIGHT="19" HPOS="126" ID="String61" VPOS="290" WIDTH="180"/>
<SP HPOS="305" ID="SP41" VPOS="309" WIDTH="16"/>
<String CONTENT="NEER" HEIGHT="18" HPOS="321" ID="String62" VPOS="290" WIDTH="60"/>
<String CONTENT="," HEIGHT="11" HPOS="384" ID="String63" VPOS="300" WIDTH="10"/>
<String CONTENT='"' HEIGHT="12" HPOS="397" ID="String64" VPOS="287" WIDTH="12"/>
</TextLine>
<TextLine HEIGHT="28" HPOS="125" ID="TextLine8" VPOS="349" WIDTH="1037">
<String CONTENT="Vanavond" HEIGHT="19" HPOS="125" ID="String65" VPOS="355" WIDTH="122"/>
<SP HPOS="246" ID="SP42" VPOS="374" WIDTH="17"/>
<String CONTENT="omstreeks" HEIGHT="19" HPOS="263" ID="String66" VPOS="353" WIDTH="133"/>
<SP HPOS="396" ID="SP43" VPOS="372" WIDTH="16"/>
<String CONTENT="half" HEIGHT="19" HPOS="412" ID="String67" VPOS="353" WIDTH="61"/>
<SP HPOS="472" ID="SP44" VPOS="372" WIDTH="15"/>
<String CONTENT="acht" HEIGHT="18" HPOS="487" ID="String68" VPOS="353" WIDTH="58"/>
<SP HPOS="545" ID="SP45" VPOS="371" WIDTH="18"/>
<String CONTENT="is" HEIGHT="19" HPOS="563" ID="String69" VPOS="353" WIDTH="27"/>
<SP HPOS="589" ID="SP46" VPOS="371" WIDTH="18"/>
<String CONTENT="een" HEIGHT="15" HPOS="607" ID="String70" VPOS="357" WIDTH="44"/>
<SP HPOS="651" ID="SP47" VPOS="372" WIDTH="17"/>
<String CONTENT="zeventigjarige" HEIGHT="24" HPOS="667" ID="String71" VPOS="353" WIDTH="206"/>
<SP HPOS="873" ID="SP48" VPOS="376" WIDTH="18"/>
<String CONTENT="dame" HEIGHT="18" HPOS="891" ID="String72" VPOS="353" WIDTH="57"/>
<SP HPOS="948" ID="SP49" VPOS="372" WIDTH="19"/>
<String CONTENT="uit" HEIGHT="19" HPOS="966" ID="String73" VPOS="352" WIDTH="42"/>
<SP HPOS="1008" ID="SP50" VPOS="371" WIDTH="16"/>
<String CONTENT="Hulzen" HEIGHT="19" HPOS="1024" ID="String74" VPOS="353" WIDTH="92"/>
<SP HPOS="1115" ID="SP51" VPOS="372" WIDTH="17"/>
<String CONTENT="op" HEIGHT="19" HPOS="1132" ID="String75" VPOS="357" WIDTH="29"/>
</TextLine>
<TextLine HEIGHT="29" HPOS="113" ID="TextLine9" VPOS="376" WIDTH="997">
<String CONTENT="den" HEIGHT="18" HPOS="113" ID="String76" VPOS="381" WIDTH="44"/>
<SP HPOS="156" ID="SP52" VPOS="398" WIDTH="15"/>
<String CONTENT="Nleuw-bussummerweg" HEIGHT="23" HPOS="171" ID="String77" VPOS="379" WIDTH="271"/>
<SP HPOS="442" ID="SP53" VPOS="402" WIDTH="14"/>
<String CONTENT="bi" HEIGHT="20" HPOS="456" ID="String78" VPOS="378" WIDTH="30"/>
<String CONTENT="." HEIGHT="4" HPOS="490" ID="String79" VPOS="397" WIDTH="3"/>
<SP HPOS="485" ID="SP54" VPOS="397" WIDTH="7"/>
<String CONTENT="f" HEIGHT="22" HPOS="492" ID="String80" VPOS="378" WIDTH="8"/>
<SP HPOS="500" ID="SP55" VPOS="400" WIDTH="17"/>
<String CONTENT="het" HEIGHT="19" HPOS="516" ID="String81" VPOS="378" WIDTH="43"/>
<SP HPOS="559" ID="SP56" VPOS="397" WIDTH="20"/>
<String CONTENT="oversteken" HEIGHT="20" HPOS="578" ID="String82" VPOS="378" WIDTH="148"/>
<SP HPOS="726" ID="SP57" VPOS="397" WIDTH="16"/>
<String CONTENT="door" HEIGHT="18" HPOS="741" ID="String83" VPOS="379" WIDTH="59"/>
<SP HPOS="800" ID="SP58" VPOS="397" WIDTH="17"/>
<String CONTENT="een" HEIGHT="14" HPOS="817" ID="String84" VPOS="383" WIDTH="44"/>
<SP HPOS="860" ID="SP59" VPOS="397" WIDTH="16"/>
<String CONTENT="auto" HEIGHT="19" HPOS="876" ID="String85" VPOS="379" WIDTH="58"/>
<SP HPOS="934" ID="SP60" VPOS="398" WIDTH="17"/>
<String CONTENT="aangereden" HEIGHT="22" HPOS="951" ID="String86" VPOS="379" WIDTH="150"/>
<String CONTENT="." HEIGHT="8" HPOS="1104" ID="String87" VPOS="391" WIDTH="7"/>
</TextLine>
<TextLine HEIGHT="32" HPOS="111" ID="TextLine10" VPOS="401" WIDTH="1019">
<String CONTENT="Tijdens" HEIGHT="24" HPOS="111" ID="String88" VPOS="405" WIDTH="103"/>
<SP HPOS="214" ID="SP61" VPOS="428" WIDTH="18"/>
<String CONTENT="het" HEIGHT="18" HPOS="231" ID="String89" VPOS="404" WIDTH="43"/>
<SP HPOS="274" ID="SP62" VPOS="422" WIDTH="18"/>
<String CONTENT="overbrengen" HEIGHT="23" HPOS="292" ID="String90" VPOS="404" WIDTH="164"/>
<SP HPOS="456" ID="SP63" VPOS="427" WIDTH="16"/>
<String CONTENT="naar" HEIGHT="14" HPOS="471" ID="String91" VPOS="409" WIDTH="59"/>
<SP HPOS="530" ID="SP64" VPOS="422" WIDTH="18"/>
<String CONTENT="de" HEIGHT="18" HPOS="547" ID="String92" VPOS="405" WIDTH="27"/>
<SP HPOS="574" ID="SP65" VPOS="423" WIDTH="17"/>
<String CONTENT="Gerardu«" HEIGHT="18" HPOS="591" ID="String93" VPOS="405" WIDTH="117"/>
<SP HPOS="708" ID="SP66" VPOS="422" WIDTH="18"/>
<String CONTENT="Majellastichting" HEIGHT="25" HPOS="725" ID="String94" VPOS="403" WIDTH="239"/>
<SP HPOS="963" ID="SP67" VPOS="428" WIDTH="18"/>
<String CONTENT="is" HEIGHT="18" HPOS="981" ID="String95" VPOS="404" WIDTH="27"/>
<SP HPOS="1008" ID="SP68" VPOS="422" WIDTH="18"/>
<String CONTENT="zij" HEIGHT="24" HPOS="1025" ID="String96" VPOS="404" WIDTH="41"/>
<SP HPOS="1066" ID="SP69" VPOS="427" WIDTH="19"/>
<String CONTENT="aan" HEIGHT="14" HPOS="1085" ID="String97" VPOS="408" WIDTH="45"/>
</TextLine>
<TextLine HEIGHT="24" HPOS="112" ID="TextLine11" VPOS="430" WIDTH="487">
<String CONTENT="de" HEIGHT="18" HPOS="112" ID="String98" VPOS="431" WIDTH="27"/>
<SP HPOS="139" ID="SP70" VPOS="449" WIDTH="16"/>
<String CONTENT="bekomen" HEIGHT="19" HPOS="155" ID="String99" VPOS="430" WIDTH="107"/>
<SP HPOS="262" ID="SP71" VPOS="449" WIDTH="14"/>
<String CONTENT="verwondingen" HEIGHT="23" HPOS="275" ID="String100" VPOS="431" WIDTH="180"/>
<SP HPOS="455" ID="SP72" VPOS="453" WIDTH="15"/>
<String CONTENT="bezweken" HEIGHT="18" HPOS="470" ID="String101" VPOS="431" WIDTH="121"/>
<String CONTENT="." HEIGHT="8" HPOS="592" ID="String102" VPOS="443" WIDTH="7"/>
</TextLine>
</TextBlock>
<TextBlock HEIGHT="628" HPOS="30" ID="TextBlock3" VPOS="976" WIDTH="1201">
<TextLine HEIGHT="28" HPOS="35" ID="TextLine12" VPOS="981" WIDTH="504">
<String CONTENT="SPORT" HEIGHT="18" HPOS="35" ID="String103" VPOS="987" WIDTH="73"/>
<String CONTENT=":" HEIGHT="16" HPOS="128" ID="String104" VPOS="990" WIDTH="8"/>
<SP HPOS="107" ID="SP73" VPOS="1005" WIDTH="45"/>
<String CONTENT="Voetbal" HEIGHT="21" HPOS="152" ID="String105" VPOS="984" WIDTH="107"/>
<String CONTENT="(" HEIGHT="25" HPOS="276" ID="String106" VPOS="983" WIDTH="8"/>
<SP HPOS="259" ID="SP74" VPOS="1005" WIDTH="30"/>
<String CONTENT="alleen" HEIGHT="19" HPOS="289" ID="String107" VPOS="985" WIDTH="90"/>
<SP HPOS="379" ID="SP75" VPOS="1004" WIDTH="15"/>
<String CONTENT="Alg" HEIGHT="23" HPOS="394" ID="String108" VPOS="986" WIDTH="45"/>
<String CONTENT="." HEIGHT="8" HPOS="441" ID="String109" VPOS="996" WIDTH="9"/>
<SP HPOS="439" ID="SP76" VPOS="1009" WIDTH="16"/>
<String CONTENT="Prog" HEIGHT="23" HPOS="454" ID="String110" VPOS="986" WIDTH="58"/>
<String CONTENT="." HEIGHT="9" HPOS="516" ID="String111" VPOS="997" WIDTH="8"/>
<String CONTENT=")" HEIGHT="24" HPOS="531" ID="String112" VPOS="983" WIDTH="8"/>
</TextLine>
<TextLine HEIGHT="28" HPOS="110" ID="TextLine13" VPOS="1021" WIDTH="1032">
<String CONTENT="Met" HEIGHT="19" HPOS="110" ID="String113" VPOS="1023" WIDTH="41"/>
<SP HPOS="151" ID="SP77" VPOS="1042" WIDTH="17"/>
<String CONTENT="betrekking" HEIGHT="24" HPOS="167" ID="String114" VPOS="1022" WIDTH="151"/>
<SP HPOS="318" ID="SP78" VPOS="1046" WIDTH="16"/>
<String CONTENT="tot" HEIGHT="19" HPOS="334" ID="String115" VPOS="1023" WIDTH="43"/>
<SP HPOS="376" ID="SP79" VPOS="1041" WIDTH="19"/>
<String CONTENT="de" HEIGHT="18" HPOS="395" ID="String116" VPOS="1024" WIDTH="27"/>
<SP HPOS="421" ID="SP80" VPOS="1041" WIDTH="17"/>
<String CONTENT="verwondingen" HEIGHT="24" HPOS="438" ID="String117" VPOS="1023" WIDTH="179"/>
<String CONTENT="," HEIGHT="13" HPOS="618" ID="String118" VPOS="1034" WIDTH="10"/>
<SP HPOS="617" ID="SP81" VPOS="1046" WIDTH="17"/>
<String CONTENT="die" HEIGHT="18" HPOS="633" ID="String119" VPOS="1023" WIDTH="42"/>
<SP HPOS="675" ID="SP82" VPOS="1041" WIDTH="17"/>
<String CONTENT="BAKHUYS" HEIGHT="19" HPOS="692" ID="String120" VPOS="1023" WIDTH="103"/>
<SP HPOS="795" ID="SP83" VPOS="1042" WIDTH="18"/>
<String CONTENT="en" HEIGHT="14" HPOS="813" ID="String121" VPOS="1028" WIDTH="30"/>
<SP HPOS="842" ID="SP84" VPOS="1042" WIDTH="15"/>
<String CONTENT="WILDERS" HEIGHT="18" HPOS="857" ID="String122" VPOS="1024" WIDTH="103"/>
<SP HPOS="960" ID="SP85" VPOS="1042" WIDTH="19"/>
<String CONTENT="j" HEIGHT="24" HPOS="979" ID="String123" VPOS="1025" WIDTH="10"/>
<String CONTENT="." HEIGHT="9" HPOS="994" ID="String124" VPOS="1035" WIDTH="8"/>
<SP HPOS="989" ID="SP86" VPOS="1048" WIDTH="20"/>
<String CONTENT="i" HEIGHT="18" HPOS="1009" ID="String125" VPOS="1024" WIDTH="13"/>
<String CONTENT="." HEIGHT="7" HPOS="1024" ID="String126" VPOS="1036" WIDTH="8"/>
<SP HPOS="1021" ID="SP87" VPOS="1042" WIDTH="30"/>
<String CONTENT="Zondag" HEIGHT="23" HPOS="1051" ID="String127" VPOS="1025" WIDTH="90"/>
</TextLine>
<TextLine HEIGHT="29" HPOS="109" ID="TextLine14" VPOS="1046" WIDTH="1034">
<String CONTENT="tijdens" HEIGHT="23" HPOS="109" ID="String128" VPOS="1048" WIDTH="103"/>
<SP HPOS="212" ID="SP88" VPOS="1071" WIDTH="19"/>
<String CONTENT="competitiewedstrijden" HEIGHT="24" HPOS="230" ID="String129" VPOS="1047" WIDTH="313"/>
<SP HPOS="543" ID="SP89" VPOS="1071" WIDTH="15"/>
<String CONTENT="hebben" HEIGHT="18" HPOS="558" ID="String130" VPOS="1049" WIDTH="90"/>
<SP HPOS="647" ID="SP90" VPOS="1067" WIDTH="17"/>
<String CONTENT="opgeloopen-beide" HEIGHT="23" HPOS="663" ID="String131" VPOS="1048" WIDTH="236"/>
<SP HPOS="900" ID="SP91" VPOS="1071" WIDTH="19"/>
<String CONTENT="spelers" HEIGHT="22" HPOS="919" ID="String132" VPOS="1049" WIDTH="101"/>
<SP HPOS="1019" ID="SP92" VPOS="1071" WIDTH="19"/>
<String CONTENT="zijn" HEIGHT="24" HPOS="1038" ID="String133" VPOS="1049" WIDTH="58"/>
<SP HPOS="1096" ID="SP93" VPOS="1073" WIDTH="18"/>
<String CONTENT="in" HEIGHT="19" HPOS="1114" ID="String134" VPOS="1050" WIDTH="29"/>
</TextLine>
<TextLine HEIGHT="28" HPOS="108" ID="TextLine15" VPOS="1070" WIDTH="1077">
<String CONTENT="het" HEIGHT="19" HPOS="108" ID="String135" VPOS="1073" WIDTH="42"/>
<SP HPOS="150" ID="SP94" VPOS="1091" WIDTH="18"/>
<String CONTENT="Nederlandsch" HEIGHT="19" HPOS="168" ID="String136" VPOS="1072" WIDTH="181"/>
<SP HPOS="349" ID="SP95" VPOS="1091" WIDTH="16"/>
<String CONTENT="elftal" HEIGHT="18" HPOS="364" ID="String137" VPOS="1073" WIDTH="87"/>
<SP HPOS="451" ID="SP96" VPOS="1091" WIDTH="18"/>
<String CONTENT="ongëstèla" HEIGHT="24" HPOS="469" ID="String138" VPOS="1072" WIDTH="132"/>
<String CONTENT="'" HEIGHT="10" HPOS="605" ID="String139" VPOS="1072" WIDTH="7"/>
<SP HPOS="601" ID="SP97" VPOS="1096" WIDTH="15"/>
<String CONTENT="hetwelk" HEIGHT="19" HPOS="616" ID="String140" VPOS="1073" WIDTH="108"/>
<SP HPOS="723" ID="SP98" VPOS="1092" WIDTH="15"/>
<String CONTENT="zondag" HEIGHT="23" HPOS="738" ID="String141" VPOS="1075" WIDTH="88"/>
<SP HPOS="826" ID="SP99" VPOS="1097" WIDTH="17"/>
<String CONTENT="a" HEIGHT="13" HPOS="842" ID="String142" VPOS="1079" WIDTH="14"/>
<String CONTENT="." HEIGHT="10" HPOS="860" ID="String143" VPOS="1085" WIDTH="8"/>
<SP HPOS="856" ID="SP100" VPOS="1092" WIDTH="18"/>
<String CONTENT="s" HEIGHT="13" HPOS="874" ID="String144" VPOS="1079" WIDTH="11"/>
<String CONTENT="." HEIGHT="8" HPOS="889" ID="String145" VPOS="1085" WIDTH="8"/>
<SP HPOS="884" ID="SP101" VPOS="1092" WIDTH="34"/>
<String CONTENT="in" HEIGHT="19" HPOS="917" ID="String146" VPOS="1075" WIDTH="29"/>
<SP HPOS="946" ID="SP102" VPOS="1093" WIDTH="14"/>
<String CONTENT="het" HEIGHT="18" HPOS="960" ID="String147" VPOS="1075" WIDTH="44"/>
<SP HPOS="1004" ID="SP103" VPOS="1093" WIDTH="17"/>
<String CONTENT="OLYMPISCH" HEIGHT="19" HPOS="1021" ID="String148" VPOS="1075" WIDTH="135"/>
<SP HPOS="1156" ID="SP104" VPOS="1094" WIDTH="17"/>
<String CONTENT="S" HEIGHT="17" HPOS="1172" ID="String149" VPOS="1076" WIDTH="13"/>
</TextLine>
<TextLine HEIGHT="29" HPOS="109" ID="TextLine16" VPOS="1097" WIDTH="1030">
<String CONTENT="STADION" HEIGHT="19" HPOS="109" ID="String150" VPOS="1099" WIDTH="102"/>
<SP HPOS="211" ID="SP105" VPOS="1117" WIDTH="18"/>
<String CONTENT="tegn" HEIGHT="24" HPOS="228" ID="String151" VPOS="1098" WIDTH="60"/>
<SP HPOS="288" ID="SP106" VPOS="1122" WIDTH="15"/>
<String CONTENT="Zwltperlabnd" HEIGHT="20" HPOS="303" ID="String152" VPOS="1098" WIDTH="177"/>
<SP HPOS="480" ID="SP107" VPOS="1118" WIDTH="18"/>
<String CONTENT="uitkomt-kan" HEIGHT="20" HPOS="497" ID="String153" VPOS="1099" WIDTH="164"/>
<SP HPOS="661" ID="SP108" VPOS="1118" WIDTH="15"/>
<String CONTENT="worden" HEIGHT="18" HPOS="676" ID="String154" VPOS="1101" WIDTH="90"/>
<SP HPOS="766" ID="SP109" VPOS="1118" WIDTH="16"/>
<String CONTENT="medegedeeld" HEIGHT="24" HPOS="781" ID="String155" VPOS="1100" WIDTH="164"/>
<String CONTENT="," HEIGHT="13" HPOS="946" ID="String156" VPOS="1112" WIDTH="10"/>
<SP HPOS="945" ID="SP110" VPOS="1124" WIDTH="16"/>
<String CONTENT="dat" HEIGHT="19" HPOS="961" ID="String157" VPOS="1101" WIDTH="43"/>
<SP HPOS="1004" ID="SP111" VPOS="1119" WIDTH="16"/>
<String CONTENT="nog" HEIGHT="20" HPOS="1020" ID="String158" VPOS="1105" WIDTH="45"/>
<SP HPOS="1064" ID="SP112" VPOS="1125" WIDTH="16"/>
<String CONTENT="niet" HEIGHT="20" HPOS="1080" ID="String159" VPOS="1100" WIDTH="59"/>
</TextLine>
<TextLine HEIGHT="32" HPOS="107" ID="TextLine17" VPOS="1122" WIDTH="1034">
<String CONTENT="definitief" HEIGHT="20" HPOS="107" ID="String160" VPOS="1122" WIDTH="150"/>
<SP HPOS="257" ID="SP113" VPOS="1142" WIDTH="14"/>
<String CONTENT="kan" HEIGHT="18" HPOS="271" ID="String161" VPOS="1124" WIDTH="45"/>
<SP HPOS="316" ID="SP114" VPOS="1141" WIDTH="15"/>
<String CONTENT="worden" HEIGHT="18" HPOS="331" ID="String162" VPOS="1125" WIDTH="92"/>
<SP HPOS="422" ID="SP115" VPOS="1143" WIDTH="14"/>
<String CONTENT="bepaalg" HEIGHT="26" HPOS="436" ID="String163" VPOS="1125" WIDTH="105"/>
<String CONTENT="," HEIGHT="9" HPOS="548" ID="String164" VPOS="1142" WIDTH="8"/>
<SP HPOS="541" ID="SP116" VPOS="1151" WIDTH="17"/>
<String CONTENT="of" HEIGHT="18" HPOS="558" ID="String165" VPOS="1126" WIDTH="27"/>
<SP HPOS="585" ID="SP117" VPOS="1144" WIDTH="16"/>
<String CONTENT="BAKHUYS" HEIGHT="18" HPOS="601" ID="String166" VPOS="1126" WIDTH="103"/>
<SP HPOS="705" ID="SP118" VPOS="1143" WIDTH="18"/>
<String CONTENT="zal" HEIGHT="19" HPOS="722" ID="String167" VPOS="1124" WIDTH="42"/>
<SP HPOS="764" ID="SP119" VPOS="1143" WIDTH="16"/>
<String CONTENT="kunnen" HEIGHT="19" HPOS="780" ID="String168" VPOS="1125" WIDTH="91"/>
<SP HPOS="871" ID="SP120" VPOS="1144" WIDTH="14"/>
<String CONTENT="meespelen" HEIGHT="23" HPOS="885" ID="String169" VPOS="1125" WIDTH="136"/>
<String CONTENT="." HEIGHT="9" HPOS="1022" ID="String170" VPOS="1137" WIDTH="9"/>
<SP HPOS="1021" ID="SP121" VPOS="1148" WIDTH="13"/>
<String CONTENT="Hijzelf" HEIGHT="24" HPOS="1034" ID="String171" VPOS="1126" WIDTH="107"/>
</TextLine>
<TextLine HEIGHT="32" HPOS="108" ID="TextLine18" VPOS="1143" WIDTH="1061">
<String CONTENT="is" HEIGHT="19" HPOS="108" ID="String172" VPOS="1148" WIDTH="27"/>
<SP HPOS="135" ID="SP122" VPOS="1166" WIDTH="18"/>
<String CONTENT="erg" HEIGHT="19" HPOS="152" ID="String173" VPOS="1152" WIDTH="44"/>
<SP HPOS="196" ID="SP123" VPOS="1171" WIDTH="18"/>
<String CONTENT="op" HEIGHT="19" HPOS="214" ID="String174" VPOS="1152" WIDTH="28"/>
<SP HPOS="242" ID="SP124" VPOS="1170" WIDTH="17"/>
<String CONTENT="imi?tisch" HEIGHT="21" HPOS="259" ID="String175" VPOS="1147" WIDTH="134"/>
<String CONTENT="," HEIGHT="12" HPOS="394" ID="String176" VPOS="1161" WIDTH="9"/>
<SP HPOS="393" ID="SP125" VPOS="1168" WIDTH="14"/>
<String CONTENT="hetgeen" HEIGHT="23" HPOS="406" ID="String177" VPOS="1150" WIDTH="106"/>
<SP HPOS="512" ID="SP126" VPOS="1173" WIDTH="13"/>
<String CONTENT="bok" HEIGHT="21" HPOS="524" ID="String178" VPOS="1148" WIDTH="48"/>
<SP HPOS="572" ID="SP127" VPOS="1168" WIDTH="14"/>
<String CONTENT="het" HEIGHT="18" HPOS="585" ID="String179" VPOS="1150" WIDTH="44"/>
<SP HPOS="629" ID="SP128" VPOS="1168" WIDTH="18"/>
<String CONTENT="geval" HEIGHT="23" HPOS="646" ID="String180" VPOS="1151" WIDTH="73"/>
<SP HPOS="719" ID="SP129" VPOS="1173" WIDTH="19"/>
<String CONTENT="i?" HEIGHT="18" HPOS="738" ID="String181" VPOS="1151" WIDTH="25"/>
<SP HPOS="762" ID="SP130" VPOS="1169" WIDTH="19"/>
<String CONTENT="met" HEIGHT="20" HPOS="781" ID="String182" VPOS="1149" WIDTH="41"/>
<SP HPOS="822" ID="SP131" VPOS="1169" WIDTH="18"/>
<String CONTENT="p^%%%^" HEIGHT="28" HPOS="840" ID="String183" VPOS="1146" WIDTH="92"/>
<SP HPOS="932" ID="SP132" VPOS="1174" WIDTH="15"/>
<String CONTENT="de" HEIGHT="18" HPOS="946" ID="String184" VPOS="1152" WIDTH="27"/>
<SP HPOS="973" ID="SP133" VPOS="1170" WIDTH="20"/>
<String CONTENT="leden" HEIGHT="19" HPOS="992" ID="String185" VPOS="1151" WIDTH="73"/>
<SP HPOS="1066" ID="SP134" VPOS="1170" WIDTH="14"/>
<String CONTENT="van" HEIGHT="15" HPOS="1080" ID="String186" VPOS="1156" WIDTH="46"/>
<SP HPOS="1125" ID="SP135" VPOS="1171" WIDTH="16"/>
<String CONTENT="de" HEIGHT="18" HPOS="1141" ID="String187" VPOS="1153" WIDTH="27"/>
</TextLine>
<TextLine HEIGHT="29" HPOS="109" ID="TextLine19" VPOS="1173" WIDTH="1044">
<String CONTENT="Keuze-commissie" HEIGHT="19" HPOS="109" ID="String188" VPOS="1173" WIDTH="221"/>
<SP HPOS="330" ID="SP136" VPOS="1192" WIDTH="17"/>
<String CONTENT="van" HEIGHT="15" HPOS="347" ID="String189" VPOS="1179" WIDTH="46"/>
<SP HPOS="392" ID="SP137" VPOS="1194" WIDTH="16"/>
<String CONTENT="de" HEIGHT="18" HPOS="408" ID="String190" VPOS="1175" WIDTH="27"/>
<SP HPOS="435" ID="SP138" VPOS="1193" WIDTH="19"/>
<String CONTENT="K" HEIGHT="17" HPOS="454" ID="String191" VPOS="1176" WIDTH="15"/>
<String CONTENT="." HEIGHT="8" HPOS="469" ID="String192" VPOS="1186" WIDTH="8"/>
<SP HPOS="468" ID="SP139" VPOS="1193" WIDTH="14"/>
<String CONTENT="N" HEIGHT="17" HPOS="482" ID="String193" VPOS="1175" WIDTH="14"/>
<String CONTENT="," HEIGHT="9" HPOS="498" ID="String194" VPOS="1186" WIDTH="10"/>
<SP HPOS="495" ID="SP140" VPOS="1192" WIDTH="16"/>
<String CONTENT="V" HEIGHT="17" HPOS="511" ID="String195" VPOS="1176" WIDTH="15"/>
<String CONTENT="." HEIGHT="8" HPOS="529" ID="String196" VPOS="1186" WIDTH="8"/>
<SP HPOS="526" ID="SP141" VPOS="1193" WIDTH="17"/>
<String CONTENT="B" HEIGHT="17" HPOS="542" ID="String197" VPOS="1176" WIDTH="14"/>
<String CONTENT="." HEIGHT="10" HPOS="559" ID="String198" VPOS="1185" WIDTH="9"/>
<SP HPOS="556" ID="SP142" VPOS="1193" WIDTH="30"/>
<String CONTENT="Doch" HEIGHT="18" HPOS="586" ID="String199" VPOS="1176" WIDTH="61"/>
<SP HPOS="647" ID="SP143" VPOS="1194" WIDTH="15"/>
<String CONTENT="de" HEIGHT="18" HPOS="662" ID="String200" VPOS="1176" WIDTH="27"/>
<SP HPOS="689" ID="SP144" VPOS="1194" WIDTH="18"/>
<String CONTENT="groote" HEIGHT="23" HPOS="706" ID="String201" VPOS="1176" WIDTH="87"/>
<SP HPOS="793" ID="SP145" VPOS="1199" WIDTH="18"/>
<String CONTENT="moeilijkheid" HEIGHT="24" HPOS="811" ID="String202" VPOS="1176" WIDTH="179"/>
<SP HPOS="990" ID="SP146" VPOS="1200" WIDTH="15"/>
<String CONTENT="blijft" HEIGHT="24" HPOS="1004" ID="String203" VPOS="1177" WIDTH="89"/>
<String CONTENT="," HEIGHT="13" HPOS="1096" ID="String204" VPOS="1189" WIDTH="10"/>
<SP HPOS="1093" ID="SP147" VPOS="1201" WIDTH="18"/>
<String CONTENT="dat" HEIGHT="19" HPOS="1111" ID="String205" VPOS="1177" WIDTH="42"/>
</TextLine>
<TextLine HEIGHT="33" HPOS="52" ID="TextLine20" VPOS="1197" WIDTH="1101">
<String CONTENT="1H" HEIGHT="19" HPOS="52" ID="String206" VPOS="1197" WIDTH="26"/>
<String CONTENT=")" HEIGHT="25" HPOS="77" ID="String207" VPOS="1201" WIDTH="8"/>
<SP HPOS="78" ID="SP148" VPOS="1216" WIDTH="30"/>
<String CONTENT="de" HEIGHT="18" HPOS="108" ID="String208" VPOS="1199" WIDTH="28"/>
<SP HPOS="136" ID="SP149" VPOS="1216" WIDTH="15"/>
<String CONTENT="verwonding" HEIGHT="23" HPOS="151" ID="String209" VPOS="1199" WIDTH="151"/>
<SP HPOS="301" ID="SP150" VPOS="1221" WIDTH="15"/>
<String CONTENT="volkomen" HEIGHT="19" HPOS="316" ID="String210" VPOS="1199" WIDTH="121"/>
<SP HPOS="437" ID="SP151" VPOS="1217" WIDTH="15"/>
<String CONTENT="genezen" HEIGHT="19" HPOS="451" ID="String211" VPOS="1203" WIDTH="106"/>
<SP HPOS="557" ID="SP152" VPOS="1222" WIDTH="14"/>
<String CONTENT="dient" HEIGHT="19" HPOS="571" ID="String212" VPOS="1199" WIDTH="73"/>
<SP HPOS="644" ID="SP153" VPOS="1218" WIDTH="17"/>
<String CONTENT="te" HEIGHT="19" HPOS="661" ID="String213" VPOS="1200" WIDTH="29"/>
<SP HPOS="689" ID="SP154" VPOS="1218" WIDTH="18"/>
<String CONTENT="zljn" HEIGHT="23" HPOS="707" ID="String214" VPOS="1201" WIDTH="59"/>
<String CONTENT="," HEIGHT="12" HPOS="767" ID="String215" VPOS="1213" WIDTH="9"/>
<SP HPOS="766" ID="SP155" VPOS="1224" WIDTH="15"/>
<String CONTENT="daar" HEIGHT="18" HPOS="780" ID="String216" VPOS="1202" WIDTH="60"/>
<SP HPOS="840" ID="SP156" VPOS="1220" WIDTH="17"/>
<String CONTENT="anders" HEIGHT="18" HPOS="856" ID="String217" VPOS="1202" WIDTH="87"/>
<SP HPOS="943" ID="SP157" VPOS="1220" WIDTH="15"/>
<String CONTENT="het" HEIGHT="20" HPOS="958" ID="String218" VPOS="1201" WIDTH="46"/>
<SP HPOS="1004" ID="SP158" VPOS="1220" WIDTH="15"/>
<String CONTENT="rlsioo" HEIGHT="20" HPOS="1019" ID="String219" VPOS="1201" WIDTH="91"/>
<SP HPOS="1109" ID="SP159" VPOS="1221" WIDTH="15"/>
<String CONTENT="te" HEIGHT="19" HPOS="1124" ID="String220" VPOS="1202" WIDTH="30"/>
</TextLine>
<TextLine HEIGHT="35" HPOS="61" ID="TextLine21" VPOS="1216" WIDTH="1078">
<String CONTENT="*" HEIGHT="14" HPOS="61" ID="String221" VPOS="1216" WIDTH="15"/>
<SP HPOS="76" ID="SP160" VPOS="1230" WIDTH="31"/>
<String CONTENT="bgroot" HEIGHT="24" HPOS="107" ID="String222" VPOS="1222" WIDTH="87"/>
<SP HPOS="193" ID="SP161" VPOS="1245" WIDTH="21"/>
<String CONTENT="is" HEIGHT="19" HPOS="214" ID="String223" VPOS="1222" WIDTH="26"/>
<SP HPOS="240" ID="SP162" VPOS="1241" WIDTH="19"/>
<String CONTENT="in" HEIGHT="19" HPOS="259" ID="String224" VPOS="1223" WIDTH="29"/>
<SP HPOS="287" ID="SP163" VPOS="1241" WIDTH="14"/>
<String CONTENT="varband" HEIGHT="18" HPOS="301" ID="String225" VPOS="1223" WIDTH="106"/>
<SP HPOS="406" ID="SP164" VPOS="1241" WIDTH="15"/>
<String CONTENT="met" HEIGHT="19" HPOS="421" ID="String226" VPOS="1223" WIDTH="42"/>
<SP HPOS="463" ID="SP165" VPOS="1241" WIDTH="17"/>
<String CONTENT="het" HEIGHT="19" HPOS="480" ID="String227" VPOS="1223" WIDTH="44"/>
<SP HPOS="524" ID="SP166" VPOS="1242" WIDTH="18"/>
<String CONTENT="felly" HEIGHT="19" HPOS="542" ID="String228" VPOS="1223" WIDTH="58"/>
<SP HPOS="600" ID="SP167" VPOS="1242" WIDTH="16"/>
<String CONTENT="dat" HEIGHT="19" HPOS="616" ID="String229" VPOS="1224" WIDTH="42"/>
<SP HPOS="658" ID="SP168" VPOS="1243" WIDTH="20"/>
<String CONTENT="invallers" HEIGHT="20" HPOS="678" ID="String230" VPOS="1225" WIDTH="131"/>
<SP HPOS="808" ID="SP169" VPOS="1244" WIDTH="16"/>
<String CONTENT="TIJDENS" HEIGHT="18" HPOS="824" ID="String231" VPOS="1226" WIDTH="103"/>
<SP HPOS="928" ID="SP170" VPOS="1245" WIDTH="17"/>
<String CONTENT="den" HEIGHT="18" HPOS="945" ID="String232" VPOS="1227" WIDTH="45"/>
<SP HPOS="990" ID="SP171" VPOS="1245" WIDTH="15"/>
<String CONTENT="wedstrijd" HEIGHT="24" HPOS="1004" ID="String233" VPOS="1227" WIDTH="135"/>
</TextLine>
<TextLine HEIGHT="27" HPOS="106" ID="TextLine22" VPOS="1247" WIDTH="1048">
<String CONTENT="niet" HEIGHT="19" HPOS="106" ID="String234" VPOS="1247" WIDTH="57"/>
<SP HPOS="163" ID="SP172" VPOS="1265" WIDTH="18"/>
<String CONTENT="worden" HEIGHT="17" HPOS="181" ID="String235" VPOS="1249" WIDTH="92"/>
<SP HPOS="272" ID="SP173" VPOS="1266" WIDTH="14"/>
<String CONTENT="toegostaan" HEIGHT="24" HPOS="286" ID="String236" VPOS="1248" WIDTH="150"/>
<String CONTENT="." HEIGHT="8" HPOS="437" ID="String237" VPOS="1261" WIDTH="9"/>
<SP HPOS="436" ID="SP174" VPOS="1271" WIDTH="16"/>
<String CONTENT="De" HEIGHT="18" HPOS="451" ID="String238" VPOS="1250" WIDTH="27"/>
<SP HPOS="478" ID="SP175" VPOS="1267" WIDTH="19"/>
<String CONTENT="keuze-commissie" HEIGHT="20" HPOS="497" ID="String239" VPOS="1249" WIDTH="222"/>
<SP HPOS="718" ID="SP176" VPOS="1269" WIDTH="16"/>
<String CONTENT="heeft" HEIGHT="19" HPOS="734" ID="String240" VPOS="1251" WIDTH="74"/>
<SP HPOS="808" ID="SP177" VPOS="1270" WIDTH="20"/>
<String CONTENT="inmiddels" HEIGHT="19" HPOS="827" ID="String241" VPOS="1252" WIDTH="130"/>
<SP HPOS="957" ID="SP178" VPOS="1271" WIDTH="18"/>
<String CONTENT="den" HEIGHT="19" HPOS="975" ID="String242" VPOS="1253" WIDTH="44"/>
<SP HPOS="1019" ID="SP179" VPOS="1271" WIDTH="14"/>
<String CONTENT="A" HEIGHT="17" HPOS="1033" ID="String243" VPOS="1253" WIDTH="15"/>
<String CONTENT="." HEIGHT="8" HPOS="1051" ID="String244" VPOS="1265" WIDTH="9"/>
<SP HPOS="1048" ID="SP180" VPOS="1270" WIDTH="16"/>
<String CONTENT="F" HEIGHT="19" HPOS="1064" ID="String245" VPOS="1253" WIDTH="15"/>
<String CONTENT="." HEIGHT="9" HPOS="1081" ID="String246" VPOS="1265" WIDTH="8"/>
<SP HPOS="1079" ID="SP181" VPOS="1271" WIDTH="16"/>
<String CONTENT="C-er" HEIGHT="19" HPOS="1095" ID="String247" VPOS="1253" WIDTH="60"/>
</TextLine>
<TextLine HEIGHT="28" HPOS="107" ID="TextLine23" VPOS="1271" WIDTH="989">
<String CONTENT="CHARLES" HEIGHT="18" HPOS="107" ID="String248" VPOS="1272" WIDTH="103"/>
<SP HPOS="210" ID="SP182" VPOS="1290" WIDTH="19"/>
<String CONTENT="LUNGEN" HEIGHT="19" HPOS="229" ID="String249" VPOS="1272" WIDTH="86"/>
<SP HPOS="315" ID="SP183" VPOS="1291" WIDTH="17"/>
<String CONTENT="uitgenoodlgd" HEIGHT="25" HPOS="331" ID="String250" VPOS="1272" WIDTH="180"/>
<SP HPOS="511" ID="SP184" VPOS="1297" WIDTH="16"/>
<String CONTENT="als" HEIGHT="19" HPOS="527" ID="String251" VPOS="1274" WIDTH="42"/>
<SP HPOS="569" ID="SP185" VPOS="1292" WIDTH="17"/>
<String CONTENT="reserve" HEIGHT="15" HPOS="586" ID="String252" VPOS="1279" WIDTH="103"/>
<SP HPOS="688" ID="SP186" VPOS="1294" WIDTH="17"/>
<String CONTENT="van" HEIGHT="16" HPOS="705" ID="String253" VPOS="1280" WIDTH="45"/>
<SP HPOS="750" ID="SP187" VPOS="1295" WIDTH="15"/>
<String CONTENT="het" HEIGHT="19" HPOS="764" ID="String254" VPOS="1276" WIDTH="44"/>
<SP HPOS="808" ID="SP188" VPOS="1294" WIDTH="17"/>
<String CONTENT="Nedalandsch" HEIGHT="20" HPOS="825" ID="String255" VPOS="1277" WIDTH="165"/>
<SP HPOS="990" ID="SP189" VPOS="1296" WIDTH="16"/>
<String CONTENT="elftal" HEIGHT="19" HPOS="1005" ID="String256" VPOS="1278" WIDTH="90"/>
</TextLine>
<TextLine HEIGHT="30" HPOS="106" ID="TextLine24" VPOS="1296" WIDTH="1032">
<String CONTENT="waaruit" HEIGHT="19" HPOS="106" ID="String257" VPOS="1296" WIDTH="103"/>
<SP HPOS="210" ID="SP190" VPOS="1315" WIDTH="18"/>
<String CONTENT="men" HEIGHT="14" HPOS="228" ID="String258" VPOS="1301" WIDTH="45"/>
<SP HPOS="272" ID="SP191" VPOS="1315" WIDTH="15"/>
<String CONTENT="dus" HEIGHT="18" HPOS="287" ID="String259" VPOS="1297" WIDTH="42"/>
<SP HPOS="329" ID="SP192" VPOS="1315" WIDTH="19"/>
<String CONTENT="zou" HEIGHT="15" HPOS="348" ID="String260" VPOS="1301" WIDTH="46"/>
<SP HPOS="393" ID="SP193" VPOS="1316" WIDTH="14"/>
<String CONTENT="mogen" HEIGHT="19" HPOS="407" ID="String261" VPOS="1302" WIDTH="74"/>
<SP HPOS="481" ID="SP194" VPOS="1321" WIDTH="17"/>
<String CONTENT="concludeeren" HEIGHT="20" HPOS="498" ID="String262" VPOS="1299" WIDTH="178"/>
<String CONTENT="," HEIGHT="13" HPOS="677" ID="String263" VPOS="1311" WIDTH="10"/>
<SP HPOS="676" ID="SP195" VPOS="1318" WIDTH="16"/>
<String CONTENT="dat" HEIGHT="19" HPOS="692" ID="String264" VPOS="1300" WIDTH="41"/>
<SP HPOS="732" ID="SP196" VPOS="1318" WIDTH="19"/>
<String CONTENT="als" HEIGHT="20" HPOS="751" ID="String265" VPOS="1300" WIDTH="42"/>
<SP HPOS="793" ID="SP197" VPOS="1319" WIDTH="18"/>
<String CONTENT="BAKHUYS" HEIGHT="19" HPOS="810" ID="String266" VPOS="1301" WIDTH="103"/>
<SP HPOS="913" ID="SP198" VPOS="1320" WIDTH="19"/>
<String CONTENT="inderdaad" HEIGHT="20" HPOS="931" ID="String267" VPOS="1301" WIDTH="133"/>
<SP HPOS="1064" ID="SP199" VPOS="1322" WIDTH="14"/>
<String CONTENT="NIET" HEIGHT="18" HPOS="1078" ID="String268" VPOS="1304" WIDTH="60"/>
</TextLine>
<TextLine HEIGHT="30" HPOS="107" ID="TextLine25" VPOS="1321" WIDTH="952">
<String CONTENT="zou" HEIGHT="15" HPOS="107" ID="String269" VPOS="1325" WIDTH="45"/>
<SP HPOS="152" ID="SP200" VPOS="1339" WIDTH="14"/>
<String CONTENT="kunnen" HEIGHT="19" HPOS="166" ID="String270" VPOS="1321" WIDTH="92"/>
<SP HPOS="258" ID="SP201" VPOS="1340" WIDTH="13"/>
<String CONTENT="pspelen" HEIGHT="23" HPOS="270" ID="String271" VPOS="1322" WIDTH="106"/>
<SP HPOS="376" ID="SP202" VPOS="1345" WIDTH="16"/>
<String CONTENT="zijn" HEIGHT="23" HPOS="392" ID="String272" VPOS="1323" WIDTH="58"/>
<SP HPOS="450" ID="SP203" VPOS="1346" WIDTH="16"/>
<String CONTENT="plaats" HEIGHT="23" HPOS="466" ID="String273" VPOS="1323" WIDTH="87"/>
<SP HPOS="553" ID="SP204" VPOS="1345" WIDTH="17"/>
<String CONTENT="door" HEIGHT="18" HPOS="570" ID="String274" VPOS="1325" WIDTH="59"/>
<SP HPOS="629" ID="SP205" VPOS="1343" WIDTH="17"/>
<String CONTENT="LUNGEN" HEIGHT="19" HPOS="646" ID="String275" VPOS="1325" WIDTH="87"/>
<SP HPOS="732" ID="SP206" VPOS="1344" WIDTH="18"/>
<String CONTENT="zal" HEIGHT="19" HPOS="750" ID="String276" VPOS="1325" WIDTH="43"/>
<SP HPOS="793" ID="SP207" VPOS="1344" WIDTH="16"/>
<String CONTENT="worden" HEIGHT="18" HPOS="808" ID="String277" VPOS="1327" WIDTH="91"/>
<SP HPOS="899" ID="SP208" VPOS="1345" WIDTH="17"/>
<String CONTENT="ingenomen" HEIGHT="24" HPOS="915" ID="String278" VPOS="1327" WIDTH="133"/>
<String CONTENT="." HEIGHT="9" HPOS="1050" ID="String279" VPOS="1340" WIDTH="9"/>
</TextLine>
<TextLine HEIGHT="27" HPOS="105" ID="TextLine26" VPOS="1346" WIDTH="1047">
<String CONTENT="De" HEIGHT="18" HPOS="105" ID="String280" VPOS="1347" WIDTH="29"/>
<SP HPOS="134" ID="SP209" VPOS="1365" WIDTH="17"/>
<String CONTENT="enkelblessure" HEIGHT="20" HPOS="150" ID="String281" VPOS="1346" WIDTH="194"/>
<SP HPOS="344" ID="SP210" VPOS="1366" WIDTH="16"/>
<String CONTENT="van" HEIGHT="15" HPOS="360" ID="String282" VPOS="1352" WIDTH="46"/>
<SP HPOS="406" ID="SP211" VPOS="1367" WIDTH="14"/>
<String CONTENT="WILDERS" HEIGHT="19" HPOS="419" ID="String283" VPOS="1349" WIDTH="104"/>
<SP HPOS="523" ID="SP212" VPOS="1368" WIDTH="18"/>
<String CONTENT="is" HEIGHT="19" HPOS="541" ID="String284" VPOS="1349" WIDTH="27"/>
<SP HPOS="568" ID="SP213" VPOS="1368" WIDTH="15"/>
<String CONTENT="hedenavond" HEIGHT="20" HPOS="583" ID="String285" VPOS="1350" WIDTH="151"/>
<SP HPOS="734" ID="SP214" VPOS="1370" WIDTH="15"/>
<String CONTENT="door" HEIGHT="18" HPOS="749" ID="String286" VPOS="1352" WIDTH="60"/>
<SP HPOS="809" ID="SP215" VPOS="1370" WIDTH="16"/>
<String CONTENT="een" HEIGHT="14" HPOS="825" ID="String287" VPOS="1357" WIDTH="44"/>
<SP HPOS="868" ID="SP216" VPOS="1370" WIDTH="15"/>
<String CONTENT="medicus" HEIGHT="20" HPOS="883" ID="String288" VPOS="1353" WIDTH="103"/>
<SP HPOS="986" ID="SP217" VPOS="1372" WIDTH="18"/>
<String CONTENT="onderzocht" HEIGHT="19" HPOS="1004" ID="String289" VPOS="1354" WIDTH="147"/>
</TextLine>
<TextLine HEIGHT="31" HPOS="105" ID="TextLine27" VPOS="1372" WIDTH="1062">
<String CONTENT="dia" HEIGHT="20" HPOS="105" ID="String290" VPOS="1372" WIDTH="43"/>
<String CONTENT="." HEIGHT="4" HPOS="148" ID="String291" VPOS="1390" WIDTH="4"/>
<SP HPOS="148" ID="SP218" VPOS="1392" WIDTH="17"/>
<String CONTENT="ten" HEIGHT="19" HPOS="165" ID="String292" VPOS="1372" WIDTH="46"/>
<SP HPOS="211" ID="SP219" VPOS="1391" WIDTH="16"/>
<String CONTENT="aanzien" HEIGHT="19" HPOS="226" ID="String293" VPOS="1372" WIDTH="103"/>
<SP HPOS="330" ID="SP220" VPOS="1391" WIDTH="16"/>
<String CONTENT="van" HEIGHT="15" HPOS="345" ID="String294" VPOS="1378" WIDTH="45"/>
<SP HPOS="390" ID="SP221" VPOS="1392" WIDTH="17"/>
<String CONTENT="zijn" HEIGHT="24" HPOS="406" ID="String295" VPOS="1374" WIDTH="58"/>
<SP HPOS="464" ID="SP222" VPOS="1397" WIDTH="16"/>
<String CONTENT="mogelijk" HEIGHT="24" HPOS="480" ID="String296" VPOS="1374" WIDTH="120"/>
<SP HPOS="599" ID="SP223" VPOS="1398" WIDTH="15"/>
<String CONTENT="medespelen" HEIGHT="23" HPOS="614" ID="String297" VPOS="1375" WIDTH="150"/>
<SP HPOS="764" ID="SP224" VPOS="1398" WIDTH="14"/>
<String CONTENT="NIET" HEIGHT="19" HPOS="778" ID="String298" VPOS="1377" WIDTH="59"/>
<SP HPOS="836" ID="SP225" VPOS="1396" WIDTH="20"/>
<String CONTENT="PESSIMISTISCH" HEIGHT="19" HPOS="856" ID="String299" VPOS="1378" WIDTH="191"/>
<SP HPOS="1047" ID="SP226" VPOS="1397" WIDTH="16"/>
<String CONTENT="gestemd" HEIGHT="23" HPOS="1063" ID="String300" VPOS="1380" WIDTH="105"/>
</TextLine>
<TextLine HEIGHT="33" HPOS="104" ID="TextLine28" VPOS="1396" WIDTH="1076">
<String CONTENT="was" HEIGHT="14" HPOS="104" ID="String301" VPOS="1401" WIDTH="44"/>
<String CONTENT="." HEIGHT="8" HPOS="152" ID="String302" VPOS="1408" WIDTH="8"/>
<SP HPOS="148" ID="SP227" VPOS="1415" WIDTH="18"/>
<String CONTENT="De" HEIGHT="18" HPOS="165" ID="String303" VPOS="1398" WIDTH="27"/>
<SP HPOS="193" ID="SP228" VPOS="1415" WIDTH="19"/>
<String CONTENT="trap" HEIGHT="24" HPOS="211" ID="String304" VPOS="1396" WIDTH="59"/>
<SP HPOS="270" ID="SP229" VPOS="1420" WIDTH="15"/>
<String CONTENT="tegen" HEIGHT="24" HPOS="285" ID="String305" VPOS="1397" WIDTH="76"/>
<SP HPOS="360" ID="SP230" VPOS="1421" WIDTH="17"/>
<String CONTENT="zijn" HEIGHT="24" HPOS="376" ID="String306" VPOS="1399" WIDTH="58"/>
<String CONTENT="." HEIGHT="2" HPOS="434" ID="String307" VPOS="1414" WIDTH="4"/>
<SP HPOS="434" ID="SP231" VPOS="1422" WIDTH="17"/>
<String CONTENT="enkel" HEIGHT="19" HPOS="451" ID="String308" VPOS="1399" WIDTH="74"/>
<SP HPOS="525" ID="SP232" VPOS="1418" WIDTH="31"/>
<String CONTENT="is" HEIGHT="20" HPOS="555" ID="String309" VPOS="1399" WIDTH="26"/>
<SP HPOS="581" ID="SP233" VPOS="1419" WIDTH="17"/>
<String CONTENT="weliswaar" HEIGHT="20" HPOS="598" ID="String310" VPOS="1400" WIDTH="136"/>
<SP HPOS="734" ID="SP234" VPOS="1420" WIDTH="15"/>
<String CONTENT="flink" HEIGHT="20" HPOS="749" ID="String311" VPOS="1401" WIDTH="76"/>
<SP HPOS="824" ID="SP235" VPOS="1421" WIDTH="15"/>
<String CONTENT="aangekomen" HEIGHT="23" HPOS="839" ID="String312" VPOS="1403" WIDTH="149"/>
<String CONTENT="," HEIGHT="13" HPOS="989" ID="String313" VPOS="1415" WIDTH="10"/>
<SP HPOS="988" ID="SP236" VPOS="1426" WIDTH="15"/>
<String CONTENT="doch" HEIGHT="19" HPOS="1003" ID="String314" VPOS="1405" WIDTH="60"/>
<SP HPOS="1063" ID="SP237" VPOS="1423" WIDTH="15"/>
<String CONTENT="de" HEIGHT="18" HPOS="1078" ID="String315" VPOS="1405" WIDTH="27"/>
<SP HPOS="1105" ID="SP238" VPOS="1423" WIDTH="18"/>
<String CONTENT="kans" HEIGHT="19" HPOS="1123" ID="String316" VPOS="1405" WIDTH="57"/>
</TextLine>
<TextLine HEIGHT="32" HPOS="107" ID="TextLine29" VPOS="1422" WIDTH="1104">
<String CONTENT="is" HEIGHT="18" HPOS="107" ID="String317" VPOS="1422" WIDTH="26"/>
<SP HPOS="133" ID="SP239" VPOS="1441" WIDTH="17"/>
<String CONTENT="niet" HEIGHT="19" HPOS="150" ID="String318" VPOS="1422" WIDTH="58"/>
<SP HPOS="207" ID="SP240" VPOS="1441" WIDTH="18"/>
<String CONTENT="uitgesloten" HEIGHT="24" HPOS="225" ID="String319" VPOS="1422" WIDTH="166"/>
<SP HPOS="391" ID="SP241" VPOS="1446" WIDTH="15"/>
<String CONTENT="dat" HEIGHT="19" HPOS="406" ID="String320" VPOS="1424" WIDTH="42"/>
<SP HPOS="447" ID="SP242" VPOS="1443" WIDTH="18"/>
<String CONTENT="door" HEIGHT="19" HPOS="465" ID="String321" VPOS="1426" WIDTH="60"/>
<SP HPOS="525" ID="SP243" VPOS="1445" WIDTH="15"/>
<String CONTENT="de" HEIGHT="18" HPOS="540" ID="String322" VPOS="1426" WIDTH="27"/>
<SP HPOS="568" ID="SP244" VPOS="1444" WIDTH="19"/>
<String CONTENT="speciale" HEIGHT="22" HPOS="586" ID="String323" VPOS="1426" WIDTH="116"/>
<SP HPOS="702" ID="SP245" VPOS="1448" WIDTH="16"/>
<String CONTENT="behandeling" HEIGHT="24" HPOS="718" ID="String324" VPOS="1428" WIDTH="165"/>
<SP HPOS="882" ID="SP246" VPOS="1451" WIDTH="15"/>
<String CONTENT="hij" HEIGHT="24" HPOS="897" ID="String325" VPOS="1429" WIDTH="44"/>
<SP HPOS="941" ID="SP247" VPOS="1453" WIDTH="17"/>
<String CONTENT="Zondag" HEIGHT="23" HPOS="958" ID="String326" VPOS="1430" WIDTH="89"/>
<SP HPOS="1047" ID="SP248" VPOS="1453" WIDTH="15"/>
<String CONTENT="weer" HEIGHT="15" HPOS="1061" ID="String327" VPOS="1434" WIDTH="61"/>
<SP HPOS="1122" ID="SP249" VPOS="1449" WIDTH="17"/>
<String CONTENT="gehee" HEIGHT="22" HPOS="1138" ID="String328" VPOS="1432" WIDTH="73"/>
</TextLine>
<TextLine HEIGHT="25" HPOS="105" ID="TextLine30" VPOS="1448" WIDTH="191">
<String CONTENT="fit" HEIGHT="20" HPOS="105" ID="String329" VPOS="1448" WIDTH="42"/>
<SP HPOS="147" ID="SP250" VPOS="1467" WIDTH="18"/>
<String CONTENT="zal" HEIGHT="20" HPOS="164" ID="String330" VPOS="1448" WIDTH="46"/>
<SP HPOS="210" ID="SP251" VPOS="1467" WIDTH="16"/>
<String CONTENT="zijn" HEIGHT="23" HPOS="226" ID="String331" VPOS="1449" WIDTH="58"/>
<String CONTENT="." HEIGHT="9" HPOS="287" ID="String332" VPOS="1460" WIDTH="9"/>
</TextLine>
<TextLine HEIGHT="29" HPOS="105" ID="TextLine31" VPOS="1500" WIDTH="1087">
<String CONTENT="SCHAATSENRIJDEN" HEIGHT="19" HPOS="105" ID="String333" VPOS="1500" WIDTH="223"/>
<String CONTENT=":" HEIGHT="15" HPOS="347" ID="String334" VPOS="1505" WIDTH="7"/>
<SP HPOS="327" ID="SP252" VPOS="1519" WIDTH="45"/>
<String CONTENT="Vandaag" HEIGHT="23" HPOS="373" ID="String335" VPOS="1502" WIDTH="105"/>
<SP HPOS="477" ID="SP253" VPOS="1525" WIDTH="17"/>
<String CONTENT="zijn" HEIGHT="23" HPOS="494" ID="String336" VPOS="1502" WIDTH="60"/>
<SP HPOS="554" ID="SP254" VPOS="1525" WIDTH="15"/>
<String CONTENT="te" HEIGHT="18" HPOS="568" ID="String337" VPOS="1503" WIDTH="28"/>
<SP HPOS="596" ID="SP255" VPOS="1521" WIDTH="17"/>
<String CONTENT="Londen" HEIGHT="18" HPOS="613" ID="String338" VPOS="1503" WIDTH="89"/>
<SP HPOS="702" ID="SP256" VPOS="1521" WIDTH="16"/>
<String CONTENT="de" HEIGHT="18" HPOS="718" ID="String339" VPOS="1504" WIDTH="27"/>
<SP HPOS="744" ID="SP257" VPOS="1522" WIDTH="17"/>
<String CONTENT="wereldkampioenschappen" HEIGHT="25" HPOS="761" ID="String340" VPOS="1504" WIDTH="331"/>
<SP HPOS="1092" ID="SP258" VPOS="1529" WIDTH="17"/>
<String CONTENT="in" HEIGHT="18" HPOS="1109" ID="String341" VPOS="1507" WIDTH="27"/>
<SP HPOS="1136" ID="SP259" VPOS="1525" WIDTH="15"/>
<String CONTENT="hot" HEIGHT="19" HPOS="1151" ID="String342" VPOS="1507" WIDTH="41"/>
</TextLine>
<TextLine HEIGHT="32" HPOS="104" ID="TextLine32" VPOS="1524" WIDTH="1122">
<String CONTENT="kunstrijden" HEIGHT="25" HPOS="104" ID="String343" VPOS="1524" WIDTH="165"/>
<SP HPOS="269" ID="SP260" VPOS="1549" WIDTH="15"/>
<String CONTENT="v" HEIGHT="14" HPOS="284" ID="String344" VPOS="1530" WIDTH="15"/>
<SP HPOS="299" ID="SP261" VPOS="1544" WIDTH="16"/>
<String CONTENT="or" HEIGHT="14" HPOS="315" ID="String345" VPOS="1530" WIDTH="29"/>
<SP HPOS="344" ID="SP262" VPOS="1543" WIDTH="17"/>
<String CONTENT="dames" HEIGHT="18" HPOS="360" ID="String346" VPOS="1526" WIDTH="71"/>
<SP HPOS="431" ID="SP263" VPOS="1544" WIDTH="18"/>
<String CONTENT="aangevangen" HEIGHT="20" HPOS="449" ID="String347" VPOS="1531" WIDTH="164"/>
<String CONTENT="." HEIGHT="8" HPOS="615" ID="String348" VPOS="1539" WIDTH="8"/>
<SP HPOS="613" ID="SP264" VPOS="1551" WIDTH="30"/>
<String CONTENT="CECILIA" HEIGHT="18" HPOS="643" ID="String349" VPOS="1529" WIDTH="103"/>
<SP HPOS="746" ID="SP265" VPOS="1547" WIDTH="17"/>
<String CONTENT="COLLEDGE" HEIGHT="19" HPOS="763" ID="String350" VPOS="1530" WIDTH="116"/>
<SP HPOS="880" ID="SP266" VPOS="1548" WIDTH="16"/>
<String CONTENT="heeft" HEIGHT="18" HPOS="895" ID="String351" VPOS="1531" WIDTH="74"/>
<SP HPOS="969" ID="SP267" VPOS="1549" WIDTH="18"/>
<String CONTENT="na" HEIGHT="14" HPOS="987" ID="String352" VPOS="1536" WIDTH="30"/>
<SP HPOS="1016" ID="SP268" VPOS="1550" WIDTH="16"/>
<String CONTENT="de" HEIGHT="18" HPOS="1032" ID="String353" VPOS="1533" WIDTH="27"/>
<SP HPOS="1059" ID="SP269" VPOS="1550" WIDTH="17"/>
<String CONTENT="verplichte" HEIGHT="23" HPOS="1076" ID="String354" VPOS="1532" WIDTH="150"/>
</TextLine>
<TextLine HEIGHT="30" HPOS="103" ID="TextLine33" VPOS="1548" WIDTH="1046">
<String CONTENT="figuren" HEIGHT="24" HPOS="103" ID="String355" VPOS="1548" WIDTH="105"/>
<SP HPOS="208" ID="SP270" VPOS="1572" WIDTH="16"/>
<String CONTENT="de" HEIGHT="18" HPOS="224" ID="String356" VPOS="1550" WIDTH="27"/>
<SP HPOS="251" ID="SP271" VPOS="1568" WIDTH="19"/>
<String CONTENT="leiding" HEIGHT="24" HPOS="269" ID="String357" VPOS="1550" WIDTH="104"/>
<SP HPOS="373" ID="SP272" VPOS="1574" WIDTH="15"/>
<String CONTENT="voor" HEIGHT="15" HPOS="388" ID="String358" VPOS="1555" WIDTH="60"/>
<SP HPOS="447" ID="SP273" VPOS="1570" WIDTH="16"/>
<String CONTENT="haar" HEIGHT="19" HPOS="463" ID="String359" VPOS="1552" WIDTH="60"/>
<SP HPOS="523" ID="SP274" VPOS="1571" WIDTH="16"/>
<String CONTENT="landgehoote" HEIGHT="24" HPOS="539" ID="String360" VPOS="1552" WIDTH="162"/>
<SP HPOS="700" ID="SP275" VPOS="1576" WIDTH="16"/>
<String CONTENT="MAYGAN" HEIGHT="18" HPOS="716" ID="String361" VPOS="1555" WIDTH="89"/>
<SP HPOS="805" ID="SP276" VPOS="1572" WIDTH="16"/>
<String CONTENT="TAYI" HEIGHT="19" HPOS="821" ID="String362" VPOS="1555" WIDTH="57"/>
<String CONTENT="&amp;" HEIGHT="17" HPOS="877" ID="String363" VPOS="1557" WIDTH="17"/>
<SP HPOS="877" ID="SP277" VPOS="1574" WIDTH="18"/>
<String CONTENT="R" HEIGHT="18" HPOS="894" ID="String364" VPOS="1556" WIDTH="15"/>
<SP HPOS="909" ID="SP278" VPOS="1574" WIDTH="18"/>
<String CONTENT="en" HEIGHT="14" HPOS="927" ID="String365" VPOS="1561" WIDTH="29"/>
<SP HPOS="955" ID="SP279" VPOS="1575" WIDTH="17"/>
<String CONTENT="de" HEIGHT="18" HPOS="972" ID="String366" VPOS="1558" WIDTH="26"/>
<SP HPOS="998" ID="SP280" VPOS="1576" WIDTH="18"/>
<String CONTENT="Zweedsche" HEIGHT="19" HPOS="1015" ID="String367" VPOS="1558" WIDTH="134"/>
</TextLine>
<TextLine HEIGHT="26" HPOS="102" ID="TextLine34" VPOS="1573" WIDTH="418">
<String CONTENT="Kunstrijdster" HEIGHT="25" HPOS="102" ID="String368" VPOS="1573" WIDTH="195"/>
<SP HPOS="298" ID="SP281" VPOS="1598" WIDTH="14"/>
<String CONTENT="VIVIAN" HEIGHT="19" HPOS="311" ID="String369" VPOS="1576" WIDTH="91"/>
<SP HPOS="402" ID="SP282" VPOS="1594" WIDTH="16"/>
<String CONTENT="HBULTEN" HEIGHT="20" HPOS="418" ID="String370" VPOS="1576" WIDTH="103"/>
</TextLine>
</TextBlock>
</PrintSpace>
</Page>
</Layout>
</alto>