5093 7386
220 411 96 33 JOUR
320 411 63 32 HAi
409 409 226 33 ABSOLUMENT
663 402 236 40 INDÉPENDANT

254 521 136 33 ■PARIS;
404 516 209 32 DIMANCHE
625 517 20 30 2
657 514 213 33 AVRIL-1893

180 991 227 26 JLes-iiunouccs
418 991 71 20 sont
502 993 111 18 reçues
625 990 76 21 chez
706 986 65 24 MM.
782 987 165 26 I.agrauge,

262 1016 76 22 Cerl'
345 1017 33 21 et
392 1016 45 25 O,
451 1017 19 20 6
478 1018 35 19 et
556 1016 89 26 place
654 1015 78 22 delà
745 1013 125 25 Sourae,

224 1043 26 12 u
266 1048 9 4 -
337 1044 32 20 et
383 1046 59 17 aux
456 1042 137 21 Bureaux
605 1041 40 22 du
664 1041 138 22 Journal.

216 1133 96 30 ELLE
331 1139 91 24 PEUT
443 1131 115 37 surgir
570 1130 80 31 d'un
665 1130 156 31 moment
836 1128 20 30 Â
873 1128 65 31 l'au-

180 1169 52 37 tre
256 1173 89 31 celle
367 1170 174 33 insoluble
566 1169 157 40 question
741 1168 44 33 do
810 1167 142 37 Gaudie,

177 1219 135 32 grosse,
338 1219 136 22 comme
502 1209 170 39 toujours,
698 1208 41 31 do
770 1206 159 39 comphca-

176 1251 94 32 tiens
285 1252 30 28 et
333 1251 43 31 de,
391 1250 161 39 dangers.

219 1290 105 32 Aussi
339 1297 210 25 avons-nous
580 1287 41 32 de
648 1289 35 31 îa
709 1286 103 40 peine
827 1285 26 32 ù.
865 1293 86 24 nous
954 1285 1 41 :

180 1329 182 40 expliquer
374 1328 171 33 l'attitude
568 1326 46 32 du
635 1328 113 33 Divan
764 1333 122 25 envers
895 1325 56 31 tes
954 1325 1 44 ;

171 1369 191 32 'Cretois.ll
376 1376 43 24 ne
428 1369 204 32 secontente
641 1369 89 38 plus,
739 1365 210 37 semble-t-il,
954 1365 1 41 :

174 1408 50 32 xle
233 1409 40 30 4a
286 1408 164 32 violation
462 1408 66 31 des
543 1408 131 35 traites,
686 1407 28 30 il
728 1408 85 30 veut
826 1413 125 24 encore

176 1448 175 37 modifier,
373 1455 44 25 au
438 1447 106 40 profit
567 1447 60 32 des
651 1447 231 34 musulmans,
894 1444 57 32 les
954 1443 1 44 !

175 1487 198 33 conditions
390 1486 265 40 ethnologiques
671 1487 40 30 de
724 1485 80 32 l'île.

214 1527 97 31 d'fisl
322 1527 90 31 dans
430 1535 38 22 ce
488 1527 64 31 Lut
575 1526 83 39 qu'il
671 1525 64 31 fait
748 1524 97 33 venir
860 1524 44 32 de
914 1525 38 30 la

176 1565 228 43 Tripolilaine
418 1565 61 32 des
497 1565 119 33 colons
646 1565 83 41 qu'il
757 1564 118 32 établit
886 1571 65 24 sur
954 1564 1 44 ;

175 1605 177 39 plusieurs
364 1604 117 41 points
495 1605 41 32 de
552 1604 79 37 l'île,
651 1603 133 40 malgré
807 1604 48 31 les
867 1602 67 41 légi-

176 1645 104 31 times
296 1645 257 31 remontrances
568 1643 61 32 des
640 1643 185 37 chrétiens,
833 1643 60 39 qui
905 1651 46 22 ne

175 1684 180 32 sauraient
365 1683 77 32 voir
456 1683 44 32 de
514 1684 70 31 bon
599 1683 59 32 œil
671 1690 57 24 ces
737 1683 100 31 flûtes
846 1682 84 31 semi-

174 1722 171 34 barbares
358 1724 183 33 s'installer
555 1722 20 32 à
589 1722 165 32 demeure
769 1721 86 33 dans
873 1721 77 33 Leur
954 1721 1 39 ;

175 1769 98 33 pays.

214 1800 117 39 &u*on
344 1801 104 33 laisse
456 1801 50 33 les
516 1801 129 40 Tripoli
651 1802 87 31 tains
749 1802 39 30 et
797 1802 53 31 les
863 1800 86 33 Ben-
954 1800 1 41 ■

171 1843 128 38 ghazis
314 1851 44 22 en
371 1843 142 39 Afrique
534 1845 34 28 et
594 1851 66 31 que
674 1843 71 30 l'on
759 1850 38 22 se
811 1841 81 31 hâte
906 1843 45 32 de

172 1881 180 34 restaurer
364 1881 124 32 l'ordre
503 1881 44 32 de
568 1881 123 32 choses
704 1880 104 32 établi
821 1889 66 32 par
899 1881 51 32 les
954 1880 1 40 :

171 1919 138 38 traités,
326 1930 83 22 sous
431 1922 37 31 la
488 1922 157 40 garantie
660 1922 59 31 des
733 1919 214 40 puissances,

171 1959 35 34 Bi
219 1961 72 31 l'on
305 1962 84 31 veut
404 1961 187 41 inaugurer
612 1968 66 25 une
702 1961 168 40 politique
881 1959 53 33 d'a-

171 1995 27 44 jp
203 2000 177 38 aisément,
392 2001 59 39 qui
465 2001 85 37 fera,
565 2008 81 25 avec
663 2002 164 38 letemps,
840 2002 116 30 sentir:

174 2046 44 26 sa
228 2040 228 33 bienfaisante
483 2041 170 32 influence
681 2047 61 25 sur
767 2041 117 31 toutes
898 2041 51 31 les

175 2080 222 39 populations
442 2079 216 40 helléniques
706 2080 43 32 de
795 2080 156 39 l'empire

176 2112 167 48 jxttoman.

207 627 154 54 PRIX
415 621 515 58 D'ABONNEMENT

180 901 248 25 tetabonnomeats
433 901 109 27 parlent
549 900 35 21 du
663 900 35 21 du
706 896 11 32 l
728 896 11 32 6
749 896 20 32 de
775 899 104 27 chaîna
883 896 65 22 mois

509 2226 92 85 ôtt

209 2378 46 31 La
269 2376 104 33 veiive
386 2380 40 28 de
450 2379 176 31 l'historien
651 2378 139 32 Amédée
815 2376 133 37 Thierry

175 2413 104 38 jfequel
306 2415 118 33 publia,
455 2422 38 20 en
520 2414 224 28 collaboration
774 2420 77 22 avec
881 2419 58 21 son

175 2450 93 33 frère,
285 2448 58 31 des
359 2448 111 32 études
488 2448 125 30 restées
643 2447 142 30 célèbres
814 2454 57 21 sur
898 2446 48 30 les

175 2484 158 37 premiers
344 2486 104 33 temps
469 2485 39 27 de
522 2484 32 27 la
580 2484 131 32 France,
726 2491 20 20 a
774 2481 172 31 succombé

174 2520 81 27 dans
274 2526 64 21 une
352 2520 126 27 maison
491 2519 40 28 de
561 2518 100 35 santé,
677 2518 80 34 hier,
774 2518 19 28 à
809 2517 80 35 l'âge
907 2517 39 28 de

171 2555 301 34 fcoixaule-dix-sept
485 2562 70 22 ans.

210 2621 87 34 Hier,
313 2628 76 22 aeu
402 2621 65 30 lieu
480 2629 40 21 au
549 2619 256 35 Père-Lachaise,
820 2619 31 30 la
881 2620 51 30 cré-

172 2657 123 30 ÎTialioH
312 2657 40 28 de
365 2657 31 27 la
411 2656 159 35 dépouille
579 2655 144 28 mortelle
735 2656 40 27 de
788 2656 40 27 M.
846 2654 83 30 Théo-

170 2693 92 37 phile
278 2691 149 32 Lieulier,
445 2698 39 22 en
513 2689 152 39 présence
680 2689 40 28 de
748 2691 83 28 Mme
855 2689 93 37 Nelly

170 2727 144 30 Lieulier
346 2728 32 27 et
405 2727 58 28 des
489 2725 162 31 membres
692 2725 39 30 de
763 2726 30 28 la
816 2725 130 34 famille,

169 2761 107 37 parmi
292 2761 141 37 lesquels
448 2761 47 30 les
522 2769 137 26 neveux,
677 2761 47 26 les
751 2761 197 27 lieutenants

172 2798 43 28 de
229 2797 149 30 vaisseau
392 2796 104 31 Viaùd
509 2796 116 38 (Pierre
639 2796 79 37 Loti)
737 2797 32 27 et
783 2794 106 31 Vallée
917 2797 32 27 et

170 2832 34 30 te
217 2831 93 35 poète
322 2832 89 30 Léon
426 2831 109 31 Dierx.

210 2900 27 27 A
250 2898 31 27 la
296 2898 84 30 suite
394 2898 94 28 d'une
504 2897 181 39 polémique
709 2897 40 28 de
757 2906 123 28 presse,
905 2906 43 21 un

174 2934 76 30 duel
263 2941 19 21 a
298 2941 40 22 eu
352 2935 64 27 lieu
431 2934 78 33 liier,
520 2934 19 28 à
550 2940 80 22 onze
645 2934 118 28 heures
776 2934 44 28 du
837 2933 109 34 matin,

171 2970 93 30 entre
282 2969 74 28 MM.
372 2970 111 33 Henry
495 2970 103 27 Maret
622 2970 32 26 et
667 2968 175 30 Andrieux.
855 2968 93 28 Deux

171 3005 103 28 balles
291 3006 57 27 ont
359 3004 50 30 été
423 3002 177 37 échangées
620 3011 76 21 sans
724 3002 142 30 résultat.
887 3004 61 30 Les

170 3039 144 30 témoins
331 3040 39 28 de
394 3040 43 27 M.
465 3039 165 30 Anarieux
646 3038 117 30 étaient
775 3039 43 28 M.
843 3038 105 31 Dérué

174 3076 33 26 et
221 3074 28 28 le
273 3074 132 28 docteur
426 3074 171 31 Devillers;
624 3080 81 21 ceux
724 3073 39 28 de
778 3074 44 28 M.
837 3073 109 35 Maret,

170 3110 78 27 MM.
266 3110 130 27 Derriaz
411 3111 32 26 et
456 3109 113 28 Michel
585 3107 125 30 Ilirsch.

210 3174 45 28 Le
268 3172 129 39 général
419 3172 131 30 Camille
567 3171 228 30 Ferrio-Pisani
809 3172 139 28 Jourdan

174 3209 41 28 de
229 3209 256 28 Saint-Anasîase
500 3208 89 28 vient
607 3208 38 28 de
660 3208 123 27 mourir
794 3208 79 28 dans
889 3215 59 21 son

175 3244 136 27 château
325 3244 44 27 du
379 3243 138 28 Blancat.
526 3242 47 28 Né
581 3249 39 21 en
630 3243 80 32 1819,
718 3243 77 27 sorti
802 3243 39 27 de
849 3242 99 28 Saint-

175 3279 61 34 Cyr
249 3285 40 24 en
305 3279 79 32 1839,
393 3278 22 27 il
431 3278 46 28 fut
491 3276 129 30 nommé
628 3276 130 35 général
770 3276 39 30 de
817 3276 130 35 brigade

170 3313 37 28 te
216 3315 19 27 6
248 3313 174 28 novembre
436 3313 79 30 1870.
523 3312 25 28 Il
557 3312 61 35 prit
626 3320 38 21 sa
672 3312 125 30 retraite
811 3319 41 21 en
868 3313 78 34 1881,

175 3356 126 20 comme
317 3348 129 34 général
471 3348 40 27 de
524 3347 156 31 .division.
710 3347 234 28 Commandeur

175 3384 41 30 de
227 3384 27 27 la
260 3383 119 35 Légion
387 3383 20 28 d
411 3383 6 18 ?
418 3383 155 32 honneur,
582 3381 19 27 il
613 3383 84 28 avait
706 3381 50 28 été
764 3381 182 37 longtemps

176 3419 72 27 aide
262 3418 39 28 de
317 3426 90 25 camp
423 3418 39 28 de
474 3416 163 35 Napoléon
650 3418 53 28 111.
891 3416 4 35 ■

211 3483 44 27 Le
266 3481 74 35 jury
353 3481 45 28 du
412 3487 155 22 concours
581 3481 111 28 ouvert
703 3485 58 30 par
774 3478 30 31 la
822 3480 74 27 ville
908 3480 38 28 de

175 3517 90 28 Paris
279 3524 80 26 pour
372 3516 27 28 la
417 3515 178 30 décoration
612 3514 154 37 picturale
784 3515 61 28 des
861 3514 87 30 deux

175 3553 110 28 salons
300 3550 242 30 d'introduction
562 3550 87 27 Nord
672 3550 33 26 et
724 3550 65 27 Sud
803 3550 19 27 à
834 3549 113 28 l'Hôtel

175 3588 40 27 de
231 3586 80 28 Ville
326 3594 19 20 a
357 3585 102 31 rendu
474 3585 150 30 vendredi
643 3591 59 22 son
711 3583 180 35 jugement,
907 3592 40 20 au

176 3621 120 30 second
308 3620 107 37 degré,
445 3628 77 21 sous
543 3620 31 28 la
594 3619 188 37 présidence
803 3619 40 28 de
857 3619 43 28 M.
915 3619 32 28 le

174 3657 107 37 préfet
292 3657 40 27 de
347 3657 30 27 la
391 3656 102 30 Seine.
517 3656 64 28 Les
602 3653 85 31 deux
709 3654 71 34 prix
807 3653 124 30 d'exécu-

175 3692 67 28 tion
268 3693 57 26 ont
350 3691 48 30 été
426 3689 163 34 décernés,
620 3690 93 28 d'une
735 3691 80 33 part,
839 3689 19 28 à
870 3689 73 28 MM.

176 3726 98 28 Henri
305 3726 113 27 Martin
439 3726 31 26 et
497 3724 97 30 Louis
618 3725 132 34 Bigaux,
783 3726 31 26 et
828 3724 119 28 d'autre

176 3763 80 30 part,
272 3761 19 28 à
302 3762 73 27 MM.
393 3759 96 30 Bonis
507 3762 30 26 cl
547 3759 120 30 Mouré.
692 3759 5 33 .

211 3826 41 28 La
272 3824 149 35 musique
437 3823 39 30 de
490 3824 32 27 la
543 3822 96 35 garde
667 3821 214 35 républicaine
907 3829 40 21 va

177 3867 38 22 se
226 3860 117 28 rendre
358 3860 18 27 à
391 3859 148 35 Chicago.
554 3857 84 30 C'est
651 3863 56 22 sur
720 3856 48 28 les
788 3857 161 28 instances

176 3896 48 28 du
237 3895 255 33 gouvernement
507 3893 56 28 des
575 3892 183 28 Etats-Unis
769 3899 63 28 que
841 3892 31 27 la
881 3900 53 33 pro-

176 3930 150 37 position,
345 3928 143 37 appuyée
503 3928 44 28 du
567 3928 85 27 reste
683 3933 56 28 par
763 3926 30 28 le
817 3926 130 40 général

176 3965 161 31 haussier,
353 3965 89 26 vient
454 3964 97 27 d'être
572 3963 144 35 acceptée
733 3967 41 22 en
795 3961 151 37 principe.

176 4002 46 27 La
235 4000 73 27 date
320 4000 45 27 du
379 3998 115 35 départ'
504 3997 99 33 seule,
618 3999 85 28 reste
715 3996 22 28 à
750 3997 78 27 fixer
839 4004 8 25 ;
861 3998 37 26 cé
909 4004 41 20 ne

178 4043 74 21 sera
267 4033 64 30 très
346 4033 241 35 probablement
605 4032 71 34 qu'e
691 4038 20 20 n
723 4031 116 35 juillet,
855 4030 94 37 après

178 4070 32 28 la
224 4069 64 30 fête
300 4069 156 28 nationale
465 4077 8 25 ;
489 4068 84 28 voilà
582 4068 39 28 de
632 4068 104 27 beaux
743 4065 115 31 débuts
869 4074 79 27 pour

181 4113 60 22 son
254 4103 242 31 nouveau-chef.
510 4103 41 30 M.
567 4102 107 28 Parés.

213 4176 178 30 Dimanche
404 4176 18 27 9
437 4174 79 28 avril
530 4173 79 34 1893,
625 4180 40 21 on
679 4173 201 34 inaugurera,
888 4173 19 27 à
922 4174 28 26 la

180 4213 90 35 place
295 4213 39 27 de
364 4212 28 27 la
417 4209 161 37 Chapelle,
605 4208 28 28 le
648 4207 300 30 dortoir-réfectoire

178 4250 112 28 ouvert
306 4253 54 30 par
373 4245 221 27 l'Association
619 4243 193 32 tonkinoise,
826 4243 124 30 destiné

178 4292 20 20 u
213 4283 203 34 hospitaliser
430 4280 46 27 les
490 4278 164 30 médaillés
667 4278 44 27 du
724 4276 124 28 Tonkin
863 4278 32 26 et
908 4278 43 27 du

178 4318 167 33 Dahomey
372 4315 120 28 rentrés
508 4315 43 28 du
565 4313 122 28 service
712 4311 115 35 depuis
843 4312 105 28 moins

181 4354 46 28 de-
248 4351 78 28 trois
351 4350 92 28 mois,
474 4350 46 27 les
548 4349 162 27 membres
735 4346 152 30 titulaires
909 4348 39 28 de

178 4387 221 32 l'Association
437 4382 181 32 tonkinoise
659 4382 292 27 momentanément

180 4430 78 21 sans
272 4426 185 25 ressources
471 4422 31 30 et
517 4420 46 27 les
585 4420 106 28 autres
705 4415 164 32 militaires
883 4423 51 21 ren-

181 4459 83 22 trant
275 4456 57 25 des
347 4454 150 27 colonies.

215 4515 76 28 MM.
301 4514 116 35 Dupuy
433 4514 30 26 et
476 4513 89 27 Jules
574 4511 156 35 Siegfried
743 4509 125 30 avaient
883 4517 51 28 pro-

182 4552 61 27 mis
260 4550 164 28 d'assister
437 4556 65 22 aux
517 4546 79 30 fêtes
628 4546 43 28 du
704 4545 180 28 centenaire
913 4546 39 26 de

182 4584 135 31 Casimir
337 4581 182 35 Delavigne,
548 4580 52 35 qui
630 4580 256 28 commenceront
900 4579 35 30 de-

181 4620 87 30 main
282 4618 178 30 dimanche.
475 4617 44 28 Ils
546 4616 151 28 viennent
711 4615 182 28 d'informer
908 4616 28 27 of-

182 4655 203 28 ficiellement
398 4652 32 30 le.
451 4652 99 28 maire
582 4650 44 30 du
658 4651 106 28 Havre
795 4656 72 30 que,
893 4656 58 30 par

182 4690 85 30 suite
282 4689 39 28 de
334 4689 31 27 la
378 4688 80 27 crise
489 4685 228 32 ministérielle,
744 4684 39 28 ils
813 4690 41 22 ne
876 4691 57 30 pou-

182 4726 109 28 vaient
305 4723 122 30 donner
442 4722 84 28 suite
540 4722 19 27 à
574 4722 79 26 cette
684 4726 176 30 promesse.
891 4720 61 28 Les

183 4761 81 27 fêles
278 4759 44 28 du
340 4756 181 31 centenaire
535 4762 40 21 ne
595 4755 146 28 subiront
765 4755 39 27 de
833 4760 35 21 ce
898 4754 54 28 fait

183 4800 106 25 aucun
305 4793 113 28 retard.
436 4793 45 26 On
496 4800 37 20 se
549 4798 130 28 passera
704 4789 44 28 du
776 4795 158 31 gouverne-

182 4831 97 26 ment.

219 4894 46 28 La
280 4891 211 37 température
506 4889 148 30 radieuse
669 4887 77 30 dont
759 4892 84 24 nous
855 4885 84 37 jouis-

185 4936 79 21 sons
279 4928 92 27 attire
384 4926 164 37 beaucoup
570 4924 39 27 de
637 4923 117 27 monde
780 4923 19 28 à
826 4923 31 27 la
885 4924 72 26 tour

184 4962 103 31 Eiffel.
320 4962 172 27 Rarement
516 4957 176 30 faffluence
717 4956 59 30 des
806 4956 149 28 visiteurs

182 5008 18 20 a
223 4997 54 30 été
306 4997 71 34 plus
391 4996 131 33 grande.
537 4994 126 28 L'accès
693 4993 39 28 de
763 4993 30 27 la
816 4993 138 28 terrasse

183 5034 45 28 du
243 5030 176 39 quatrième
437 5029 99 37 étage,
544 5027 194 38 jusqu'alors
755 5027 146 27 interdite
917 5034 40 20 au

178 5059 113 46 public
306 5068 31 27 et
350 5067 54 35 qui
420 5066 43 27 lui
480 5067 48 27 est
541 5066 130 27 ouverte
698 5061 196 30 maintenant
909 5061 46 28 les

178 5102 124 33 lundis,
319 5100 183 30 mercredis,
514 5099 107 37 jeudis
646 5100 32 26 et
696 5096 197 33 dimanches,
907 5096 50 28 est

183 5139 78 27 d'un
273 5137 105 28 attrait
391 5135 146 34 toujours
552 5132 213 37 grandissant.
790 5132 44 27 Le
865 5138 74 27 pano-

182 5180 92 22 rama
282 5172 94 34 qu'on
387 5178 20 22 v
419 5171 163 27 embrasse
592 5171 48 26 est
648 5167 119 34 unique
776 5173 41 21 au
829 5166 125 28 monde.

182 5209 64 28 Les
255 5207 72 35 plus
341 5205 106 31 blasés
464 5212 39 22 ne
521 5211 33 22 se
567 5204 119 28 lassent
694 5209 56 28 pas
763 5203 40 27 de
816 5207 37 22 ce
869 5207 71 30 spec-

182 5243 92 24 tacle.

221 5306 85 28 C'est
321 5303 70 30 hier
412 5309 61 28 que
502 5302 76 28 s'est
598 5301 120 33 ouvert,
748 5300 20 28 à
790 5300 111 31 Rome,
918 5304 41 22 au

183 5340 103 37 .palais
301 5340 39 27 de
357 5336 188 31 l'Académie
559 5336 39 28 de
611 5336 130 32 France,
758 5333 200 37 l'exposition

183 5374 156 33 publique
351 5374 59 27 des
422 5374 133 27 travaux
570 5372 39 27 de
626 5378 60 22 nos
698 5370 117 35 jeunôs
830 5367 128 30 artistes

984 305 87 30 îdMa
1082 305 79 31 <vilta
1170 305 144 30 Médicls.
1330 306 60 28 Les
1406 304 142 38 peintres
1558 305 59 27 ont
1639 300 120 39 exposé

981 340 57 30 Iles
1062 347 131 24 œuvres
1220 340 168 30 suivantes
1400 348 7 19 :
1422 340 44 30 M.
1485 340 143 27 Laurent
1651 339 28 37 (4
1681 344 12 15 e
1708 345 35 21 an-

981 376 208 35 wèç),.Saint
1202 377 172 39 François
1389 374 128 30 louant
1530 376 32 28 le
1570 373 176 31 Créateur
1750 381 8 25 ;

984 410 50 31 !M.
1043 411 94 37 Th.ys
1146 411 34 37 .(3
1180 417 13 15 e
1205 410 125 38 année),
1348 410 104 31 Saint
1467 407 158 38 Georges,
1637 407 123 35 d'après

989 446 118 30 latoite
1119 445 201 33 deßubens;
1333 445 41 30 M,
1387 445 184 28 Devatnbez
1585 443 174 37 (2<>année),

985 482 163 35 VEnfant
1166 483 174 34 prodigue
1370 481 182 30 touché.du
1577 478 183 37 repentir-,

991 516 41 28 M.
1043 516 150 37 Lavalley
1265 515 124 38 année),
1401 517 66 27 Eve
1485 515 34 31 et
1531 520 53 25 ses
1598 515 162 34 Enfants.

991 553 159 34 A-joutons
1176 560 61 27 que
1265 552 50 28 les
1338 550 111 30 envois
1478 552 38 28 de
1538 550 102 28 Rome
1655 550 109 28 seront

987 589 143 34 exposés
1156 587 18 28 à
1200 586 100 34 Paris,
1317 587 20 27 à.
1358 586 115 30 l'Ecole
1493 586 59 28 des
1569 586 193 33 beaux-arts,

991 622 80 28 dans
1085 624 28 27 la
1127 622 138 30 seconde
1280 621 169 37 quinzaine
1462 620 44 31 du
1524 620 81 30 mois
1625 620 39 30 de
1693 620 71 35 juin

991 658 164 35 prochain.

1094 755 71 34 LA
1221 752 89 35 VIE
1356 750 289 38 MONDAINE

1025 820 135 30 La-forêt
1173 820 39 28 de
1227 819 228 30 Fontainebleau
1483 821 59 24 sert
1571 821 66 24 tour
1656 815 18 27 à
1700 820 65 24 tour

991 855 37 28 de
1042 856 111 27 théâtre
1169 863 58 20 aux
1243 855 122 34 exploits
1382 854 52 26 des
1453 853 157 35 équipages
1626 850 138 37 Lebaudy

992 896 30 22 et
1036 893 35 26 de
1087 889 291 38 Rallye-Franchard.

1024 927 46 27 La
1082 926 133 28 dernière
1231 926 103 26 chasse
1349 926 35 26 de
1402 925 168 38 l'équipage
1592 922 142 35 Lebaudy
1749 931 15 19 a

992 963 45 27 ëté
1045 961 274 37 particulièrement
1332 959 145 28 brillante.
1494 958 207 28 Rendez-vous
1728 965 37 20 au

991 998 150 26 carrefour
1155 997 156 27 d'Achères
1332 1000 30 22 et
1380 996 81 34 prise
1476 994 71 27 d'un
1564 993 61 27 cerf
1636 993 52 26 dix
1700 1000 65 20 cors

993 1032 72 28 dans
1085 1031 154 35 il'impasse
1269 1030 100 33 Maire,
1394 1030 83 34 après
1506 1031 79 25 deux
1610 1029 104 27 heures
1728 1028 37 28 de

994 1068 151 34 poursuite
1160 1074 71 21 sons
1245 1074 40 20 un
1300 1065 81 28 soleil
1398 1065 126 28 brûlant.

1024 1104 45 26 La
1078 1102 91 32 ;Ç«rée
1185 1102 115 26 chaude
1312 1108 17 20 a
1343 1102 44 26 été
1402 1102 91 25 servie
1506 1101 77 25 dans
1598 1101 26 26 la
1641 1107 73 19 cour
1727 1101 37 26 de

993 1137 97 31 l'hôtel
1104 1136 37 28 de
1157 1135 119 33 France,
1289 1142 37 21 au
1343 1135 98 28 milieu
1459 1134 87 28 d'une
1561 1134 203 37 très-élégante

991 1175 169 26 assistance,

1091 1208 156 26 'honneurs
1260 1206 20 27 à
1291 1206 41 27 M.
1349 1205 106 28 Michel
1473 1206 150 35 Ephrussi.

1029 1244 22 27 Il
1065 1252 17 19 a
1102 1241 45 30 été
1173 1243 59 35 pris
1258 1241 194 28 rendez-vous
1474 1248 80 28 pour
1578 1239 92 30 mardi
1697 1246 51 31 pro-

991 1279 97 33 chain,
1106 1279 17 27 à
1130 1269 32 41 ia
1174 1278 92 30 Table
1278 1277 41 27 du
1336 1277 224 28 Grand-Maître,

1025 1315 97 27 Même
1131 1313 164 27 -assistance
1311 1312 132 28 brillante
1453 1311 106 28 suivait
1564 1311 33 26 rie
1613 1311 135 27 surlende-

991 1350 78 26 main
1098 1350 27 26 la
1150 1349 103 27 chasse
1270 1349 40 30 du
1333 1346 295 37 Rallye-Franchard,
1657 1345 106 37 dirigée

990 1393 52 27 par
1057 1385 26 27 le
1091 1385 99 27 «baron
1213 1384 41 26 de
1279 1382 132 28 Neuflize
1433 1390 41 19 en
1499 1382 145 27 l'absence
1668 1381 38 27 de
1720 1382 40 26 M.

994 1420 152 35 Ephrussi,
1160 1420 105 28 maître
1280 1417 184 37 d'équipage.

1025 1456 116 26 Arrêtés
1153 1461 57 28 par
1220 1454 32 26 la
1280 1454 118 26 chaleur
1424 1459 30 21 et
1480 1454 25 26 la
1532 1453 174 33 sécheresse,
1715 1453 47 26 les

991 1491 98 28 ehiens
1107 1491 124 35 perdent
1254 1488 26 28 la
1305 1489 65 27 voie
1400 1493 28 22 et
1454 1487 119 31 doivent
1602 1493 109 24 rentrer
1726 1494 35 21 au

990 1526 106 28 chenil.

1026 1578 25 26 A
1065 1577 112 34 ajouter
1192 1583 58 21 aux
1264 1573 194 30 nombreuses
1486 1571 105 31 soirées
1611 1572 37 27 de
1671 1571 27 27 la
1719 1578 30 21 se-

991 1611 96 28 maine
1101 1611 39 27 de
1154 1611 123 35 Pâques.
1302 1611 5 35 -

1025 1646 110 32 Lundi,
1165 1646 46 27 baî
1239 1645 71 27 chez
1336 1644 84 30 Mme
1441 1643 116 28 ,«arold
1558 1650 13 13 J
1572 1643 94 33 Fitch,
1695 1643 69 27 chez

990 1682 80 27 Mme
1087 1682 141 27 Fouchet.

1025 1716 156 32 Vendredi,
1199 1715 46 28 bal
1261 1716 70 27 chez
1345 1715 80 27 Mme
1441 1715 92 35 Béjot.

1023 1766 81 27 Dans
1115 1766 45 27 les
1173 1765 120 28 cercles.

1029 1800 145 32 Membres
1185 1805 189 32 permanents
1390 1806 83 28 reçus
1489 1806 35 21 au
1546 1798 116 28 dernier
1684 1805 63 21 scru-

991 1835 43 30 tiu
1050 1838 35 26 de
1101 1835 157 35 ballottage
1284 1834 40 27 du
1349 1834 98 27 Cercle
1462 1835 37 26 de
1509 1835 32 25 la
1564 1841 50 19 rue
1630 1833 109 37 Royale
1747 1841 17 19 7

1024 1871 43 30 M.
1082 1871 157 32 Crémière,
1258 1871 131 33 présenté
1413 1876 56 30 par
1486 1866 45 32 M.
1548 1867 33 28 G.
1594 1867 167 37 Brinquant

989 1911 28 24 et
1029 1907 28 27 le
1069 1906 104 37 prince
1182 1904 135 30 Joacnicn
1329 1905 99 27 Murât
1436 1913 8 24 ;

1024 1942 41 27 Le
1078 1946 97 24 comte
1187 1941 72 28 Bcla
1271 1941 99 35 Zichy,
1387 1939 135 37 présenté
1537 1948 51 28 par
1610 1939 28 26 le
1662 1945 98 22 comte

991 1977 151 35 Batthyani
1156 1981 31 24 et
1201 1976 25 28 le
1240 1971 146 32 comte'de
1401 1975 81 27 Poix.

1062 2357 27 50 A
1146 2352 289 54 TRAVERS
1494 2352 191 52 PARIS

1121 2477 163 33 Bulletin
1298 2473 327 38 météorologique.

1012 3480 46 19 Les
1068 3481 165 18 observations
1244 3478 53 19 sont
1305 3478 77 21 prises
1390 3478 14 18 à
1415 3478 11 18 4
1435 3477 85 20 heures
1531 3481 32 17 au
1570 3480 80 19 matin.
1683 3496 8 8 ,
1710 3477 5 27 .

1013 3500 44 20 Les
1065 3506 58 19 gros
1134 3500 142 19 traits-noirs
1284 3498 118 25 indiquent
1409 3503 63 18 pour
1481 3498 89 25 chaque
1576 3500 53 20 jour
1642 3498 5 26 :
1654 3498 64 18 celui
1727 3498 28 18 de

989 3521 128 22 gauche,la
1123 3521 102 19 hauteur
1233 3521 169 22 barométrique
1409 3524 6 15 ;
1427 3520 60 19 celui
1495 3520 30 18 de
1533 3520 84 22 droite,
1624 3521 38 19 les
1669 3519 86 21 degrés

990 3542 30 18 de
1037 3544 163 21 température.
1219 3542 43 19 Les
1279 3542 83 19 lettres
1380 3541 104 19 initiales
1500 3540 96 24 placées
1613 3546 28 14 en
1663 3540 46 19 tôte
1726 3540 30 18 de

992 3563 85 22 chaque
1085 3563 99 20 colonne
1194 3563 117 21 indiquent
1318 3563 22 18 la
1357 3562 115 19 direction
1487 3562 131 19 dominante
1628 3563 31 17 du
1669 3561 53 17 vent
1730 3562 25 17 et

992 3583 34 19 les
1037 3586 92 19 chiffres
1136 3585 83 24 placés
1226 3583 141 19 au-dessous
1383 3588 26 14 sa
1417 3583 96 19 vitesse.
1524 3583 32 19 Le
1569 3583 12 19 0
1587 3581 142 22 correspond
1737 3583 13 18 à

991 3605 161 25 calmeplatet
1161 3607 21 19 le
1193 3607 22 19 10
1221 3606 15 20 à
1246 3606 104 21 tempête.

1454 3690 131 30 Arton.

1023 3745 43 28 Le
1097 3743 86 30 bruit
1211 3743 92 27 avant
1325 3748 102 21 couru
1459 3739 79 30 dans
1566 3739 28 28 la
1618 3739 139 34 journée

989 3780 110 33 d'hier,
1114 3778 18 30 à
1146 3778 30 28 la
1187 3778 132 31 Bourse,
1335 3776 155 34 qu'Arton
1502 3775 86 27 avait
1600 3775 50 27 été
1657 3775 103 27 arrêté

989 3815 19 28 à
1024 3815 133 32 Anvers,
1174 3820 81 21 nous
1278 3819 84 21 nous
1390 3816 142 22 sommes
1560 3809 103 28 rendu
1690 3809 18 28 à
1731 3809 30 27 la

989 3849 178 37 préfecture
1198 3848 39 27 de
1271 3847 100 34 police
1407 3852 80 28 pour
1518 3843 104 28 savoir
1635 3842 124 37 .quelle

990 3886 133 27 créance
1139 3883 22 27 il
1176 3881 97 31 fallait
1287 3880 149 30 accorder
1465 3880 19 27 à
1502 3880 81 26 cette
1598 3879 161 27 nouvelle.

1024 3919 26 28 Il
1063 3926 83 20 nous
1161 3926 19 19 a
1194 3917 50 30 été
1258 3915 144 35 répondu
1419 3913 178 35 qu'aucune
1618 3913 143 34 dépêche

987 3953 145 26 officielle
1148 3952 40 27 né
1202 3950 177 30 confirmait
1394 3956 35 21 ce
1448 3950 154 28 racontar.

1219 4044 71 32 Les
1303 4042 226 35 désespérés.

1024 4100 105 28 Victor
1143 4096 141 32 Honoré,
1298 4095 59 34 âgé
1369 4095 39 27 de
1431 4094 145 28 soixante
1590 4095 31 27 et
1630 4101 46 21 un
1691 4100 67 28 ans,

990 4134 190 28 demeurant
1192 4131 45 33 23,
1260 4137 58 20 rue
1348 4129 43 28 du
1415 4128 170 33 Ruisseau,
1603 4128 159 28 tenancier

990 4169 74 28 d'un
1081 4168 40 27 tir
1135 4166 83 28 situé
1233 4173 39 20 au
1286 4170 37 22 n°
1337 4165 69 28 3du
1421 4162 174 30 boulevard
1606 4162 40 28 de
1663 4162 83 28 Stras-

989 4205 113 34 bourg,
1120 4201 77 30 s'est
1211 4200 107 37 pendu
1343 4199 70 27 hier
1443 4198 79 28 dans
1548 4196 31 28 la
1607 4198 152 34 boutique

990 4239 74 35 qu'il
1076 4237 156 35 occupait.

1024 4274 41 27 M.
1083 4271 155 33 Créneau,
1269 4267 219 31 commissaire
1520 4266 39 28 de
1591 4267 100 34 police
1720 4266 43 30 du

989 4309 149 34 quartier,
1167 4313 19 21 a
1211 4304 136 38 procédé
1375 4311 65 20 aux
1457 4303 227 28 constatations
1697 4302 48 28 d'u-

987 4351 87 27 sage.

1024 4378 97 28 —Un
1154 4376 151 30 inconnu,
1341 4374 59 34 Sgé
1433 4372 93 30 dune
1558 4372 204 34 quarantaine

990 4413 161 31 d'années,
1167 4410 79 28 s'est
1257 4409 54 27 tué
1324 4409 69 26 hier
1406 4409 109 32 matin,
1530 4407 89 35 place
1631 4408 43 27 du
1682 4407 61 28 Lou-

990 4455 64 26 vre,
1069 4455 39 21 en
1124 4453 35 21 se
1170 4446 94 28 tirant
1277 4450 44 22 un
1333 4449 81 30 coup
1448 4442 39 28 de
1513 4441 144 28 revolver
1682 4441 79 30 dans

990 4485 27 22 la
1030 4483 73 24 tête.

989 4507 28 4 LU.
1064 4507 28 4 KJ\S
1096 4507 7 4 *

1023 4519 43 27 M.
1077 4517 117 32 Dhers,
1211 4513 217 31 commissaire
1448 4513 43 28 de
1518 4512 111 35 police,
1657 4519 19 21 a
1708 4519 34 20 en-

990 4552 80 33 voyé
1084 4552 28 28 le
1126 4558 93 27 corps
1232 4550 20 28 à
1267 4550 30 28 la
1311 4550 142 34 Morgue.

1093 4644 113 31 Entre
1221 4642 198 33 concierge
1434 4643 35 27 et
1480 4639 190 31 locataire.

1026 4694 50 28 Un
1091 4690 148 30 locataire
1272 4689 45 28 du
1348 4688 135 30 numéro
1508 4688 38 27 76
1560 4687 39 28 de
1622 4688 144 27 l'avenue

992 4726 235 33 Lcdru-Rollin,
1243 4724 41 28 M.
1302 4724 87 33 L...,
1407 4729 41 22 en
1474 4722 143 28 rentrant
1630 4722 78 27 chez
1721 4722 45 27 lui

992 4762 71 28 hier
1077 4761 76 32 soir,
1169 4760 18 28 à
1204 4761 53 26 dix
1267 4759 128 33 heures,
1421 4765 35 21 se
1486 4757 61 35 prit
1563 4756 38 30 de
1624 4755 141 38 querelle

991 4804 78 22 avec
1084 4796 31 27 le
1130 4795 167 33 concierge
1324 4793 38 28 de
1375 4793 30 27 la
1416 4793 136 27 maison.

1026 4833 89 32 L...,
1141 4831 137 31 furieux,
1315 4827 92 30 sortit
1436 4834 44 21 un
1512 4826 144 30 revolver
1676 4826 39 28 de
1731 4826 35 28 sa:

992 4867 102 35 poche
1109 4866 32 27 et
1152 4865 35 27 fit
1200 4865 53 28 feu
1267 4864 18 28 à
1302 4864 77 27 trois
1387 4861 139 37 reprises
1544 4870 57 20 sur
1617 4869 59 21 son
1693 4867 57 21 con-

994 4903 115 34 cierge,
1135 4900 53 35 qui
1220 4900 47 28 fut
1304 4898 196 35 légèrement
1526 4897 105 28 blessé
1658 4897 22 30 à
1714 4896 39 28 l'o-

993 4937 98 27 reille.

1030 4969 184 31 L'irascible
1247 4968 145 28 locataire
1427 4975 19 20 a
1480 4965 47 30 été
1554 4965 155 37 consigné
1727 4972 40 21 au

998 5009 92 33 poste
1104 5006 40 28 de
1160 5004 100 34 police
1285 5003 44 27 du
1350 5001 175 28 boulevard
1544 5002 141 31 Diderot,
1702 5001 18 27 à
1741 5001 27 27 la

994 5040 191 37 disposition
1213 5040 43 27 du
1285 5035 220 31 commissaire
1534 5035 39 31 de
1592 5035 102 37 police
1724 5035 43 28 du

993 5075 151 26 quartier.

1224 5135 118 26 Grave
1356 5133 183 28 accident.

1031 5191 50 27 Un
1093 5196 98 28 grave
1212 5186 143 30 accident
1378 5185 77 30 s'est
1468 5184 129 37 produit
1611 5185 80 27 dans
1717 5184 39 27 l'a-

997 5224 164 38 près-midi
1187 5223 98 28 d'hier
1317 5222 19 28 à
1367 5222 28 28 la.
1423 5219 233 30 blanchisserie
1669 5219 39 27 de
1723 5218 30 28 ri-

996 5261 106 28 deaux
1116 5261 97 27 tenue
1226 5264 57 30 par
1293 5256 76 28 MM.
1382 5256 139 27 Tailleur
1533 5256 32 26 et
1577 5254 130 30 Gautier
1726 5261 43 21 au

997 5295 131 30 numéro
1142 5294 53 28 113
1207 5294 39 28 de
1260 5293 28 28 la
1304 5298 57 21 rue
1376 5290 39 30 de
1426 5289 181 30 Montreuil.

1032 5331 93 27 Deux
1135 5328 159 32 ouvriers,
1311 5328 50 26 tes
1387 5324 148 30 nommés
1551 5324 145 35 Auguste
1708 5323 40 30 Da-

998 5366 65 24 crel
1078 5367 31 22 et
1122 5363 130 26 Charles
1273 5361 118 28 Maillet
1419 5361 54 27 ont
1494 5359 51 28 été
1571 5359 198 31 grièvement

1791 301 131 31 îblessés
1936 311 57 28 par
2007 302 84 31 suite
2105 302 41 31 de
2366 301 97 31 d'une
2476 302 76 28 chau-

1791 338 105 31 dière.

1833 372 102 37 Après
1950 373 90 30 avoir
2052 381 78 27 reçu
2141 376 47 27 les
2203 374 90 28 soins
2306 381 61 28 que
2387 373 184 30 nécessitait

1794 407 74 30 leur
1880 409 73 34 état,
1963 416 56 22 ces
2031 410 210 30 malheureux
2255 410 56 28 ont
2322 409 50 30 été
2385 409 184 32 reconduits

1798 450 59 24 sur
1881 444 70 30 leur
1975 444 155 30 demande
2154 445 20 28 à
2202 445 86 30 leurs
2313 444 167 30 domiciles
2509 451 47 22 res-

1800 480 123 35 pectifs.

1942 546 80 31 Une
2039 543 183 38 épidémie
2238 552 48 24 au
2298 543 129 38 Dépôt.

1837 598 61 27 Les
1911 596 236 28 commissaires
2177 596 39 28 de
2243 595 99 37 police
2367 595 40 28 de
2432 595 91 28 Paris
2545 595 33 28 et

1801 631 41 28 de
1858 632 146 30 banlieue
2016 633 56 27 ont
2095 639 84 26 reçu,
2210 631 79 34 hier,
2314 638 67 22 une
2411 631 163 28 circulaire

1799 667 74 28 leur
1889 666 185 35 enjoignant
2086 666 38 28 de
2140 674 41 20 ne
2197 666 73 35 plus
2295 672 138 28 envoyer
2445 665 130 37 jusqu'à

1799 703 123 28 nouvel
1937 703 102 32 ordre,
2055 702 176 33 d'inculpés
2248 709 41 22 au
2301 702 111 41 Dépôt.

1839 738 70 27 Une
1923 737 156 37 épidémie
2095 736 38 30 de
2148 730 98 35 fièvre
2254 736 158 37 'typhoïde
2433 736 89 35 s'est,
2536 744 38 21 en

1801 774 87 33 effet,
1906 774 195 27 récemment
2114 771 144 28 déclarée
2270 772 102 34 parmi
2388 771 46 28 les
2445 772 112 33 prison-

1800 807 90 30 niers
1917 808 133 30 écroués
2076 806 265 38 provisoirement
2366 814 40 21 au
2431 808 78 34 quai
2537 808 37 28 de

1804 842 170 35 l'Horloge,
1989 846 31 26 et
2034 843 73 28 bien
2122 848 60 30 que
2199 841 46 30 les
2265 842 164 28 différents
2458 849 57 22 cas
2541 849 33 22 se

1802 878 106 28 soient
1922 878 144 35 produits
2082 878 79 28 dans
2178 878 57 28 des
2250 876 135 30 cellules
2398 876 129 34 isolées,
2536 885 39 21 on

1802 921 19 20 a
1832 912 109 30 résolu
1954 913 180 35 d'ajourner
2146 914 70 27 tout
2237 912 117 28 nouvel
2382 912 93 30 envoi
2502 920 56 28 pen-

1802 948 77 28 dant
1898 948 136 34 quelque
2049 950 113 33 temps.

2036 1035 35 31 A
2094 1033 244 32 Saint-Denis.

1837 1087 71 27 Une
1930 1087 145 32 réunion,
2104 1087 144 39 présidée
2274 1093 59 27 par
2356 1085 44 27 M.
2427 1084 146 34 Foulard,

1804 1121 167 30 conseiller
1994 1120 171 38 municipal
2193 1121 40 30 de
2261 1119 209 34 Saint-Denis,
2496 1126 19 21 a
2535 1127 40 21 eu

1804 1156 64 28 lieu
1896 1156 70 28 hier
1991 1157 73 33 soir,
2093 1156 78 28 salle
2196 1152 111 39 Mérot,
2331 1155 45 34 25,
2401 1161 93 24 cours
2519 1155 38 28 Be-

1804 1192 74 28 noît.

1837 1228 86 27 Neuf
1936 1230 89 27 cents
2037 1235 176 30 personnes
2228 1227 131 28 environ
2374 1226 56 30 ont
2448 1225 123 35 écouté,

1804 1270 74 21 sans
1891 1263 46 28 les
1952 1263 221 39 interrompre,
2186 1263 51 28 les
2252 1261 146 30 discours
2420 1261 57 28 des
2503 1267 54 22 con-

1804 1298 122 28 seillers
1936 1297 94 30 Pillot
2042 1298 31 27 et
2083 1297 156 30 Picardet.

1830 1333 52 27 Le
1903 1333 136 35 premier
2063 1341 18 20 a
2109 1333 53 27 fait
2183 1333 27 28 le
2224 1332 111 37 procès
2352 1331 44 30 du
2408 1332 105 34 clergé
2520 1341 7 25 ;
2544 1332 31 28 le

1802 1368 117 30 second
1935 1376 18 20 a
1967 1368 129 28 raconté
2114 1368 79 30 dans
2209 1370 71 26 tous
2296 1367 87 30 leurs
2399 1367 111 30 détails
2526 1368 47 28 les

1802 1403 112 28 scènes
1928 1404 53 34 qui
2000 1411 34 20 se
2049 1406 73 26 sont
2146 1403 167 31 déroulées
2339 1401 236 31 dernièrement

1801 1439 18 28 à
1831 1439 125 34 -l'église
1971 1439 39 28 de
2026 1439 196 28 Saint-Denis
2249 1439 139 35 pendant
2411 1439 44 27 les
2471 1437 87 35 prédi-

1801 1474 120 28 cations
1935 1474 57 28 des
2003 1472 100 30 abbés
2117 1472 136 31 Lenfant
2264 1475 31 26 et
2309 1474 124 34 Steney,

1837 1511 46 27 La
1892 1508 137 30 Téunion
2046 1508 78 28 s'est
2137 1507 152 30 terminée
2303 1515 56 28 par
2372 1508 109 28 levote
2497 1507 77 30 d'un

1802 1544 92 31 ordre
1922 1543 43 31 du
1987 1543 78 35 jour
2085 1543 174 30 flétrissant
2287 1545 70 27 tout
2387 1543 128 30 d'abord
2544 1544 30 27 lé

1799 1579 126 37 journal
1937 1578 231 31 réactionnaire
2181 1579 40 30 de
2246 1579 34 27 la
2300 1578 125 30 localité
2445 1579 37 27 et
2507 1577 53 30 féli-

1804 1616 96 27 citant
1930 1615 126 32 ensuite
2081 1615 45 27 les
2154 1613 185 28 conseillers
2366 1612 208 37 municipaux

1801 1650 39 30 de
1854 1648 73 32 leur
1942 1648 133 31 altitude
2088 1648 183 38 énergique.

1835 1687 50 27 Un
1898 1687 99 34 jeune
2007 1685 128 27 homme
2147 1684 130 28 nommé
2287 1684 137 34 .Hubert,
2431 1683 56 35 qui
2496 1690 59 22 vou-

1802 1721 54 28 lait
1870 1720 135 38 prendre
2020 1721 31 27 la
2063 1719 118 37 parole,
2193 1726 21 22 a
2226 1719 50 28 été
2287 1719 77 30 hué.

1833 1756 161 34 Ajoutons
2020 1762 63 28 qne
2109 1755 40 28 de
2176 1754 178 30 nombreux
2382 1755 193 35 prospectus'

1802 1791 197 30 anarchistes
2015 1791 57 28 ont
2098 1791 48 27 été
2172 1789 174 28 distribués
2376 1789 138 35 pendant
2543 1789 31 28 la

1801 1826 126 30 séance.

1835 1863 27 27 A
1878 1863 30 27 la
1928 1863 105 32 sortie,
2055 1869 64 21 une
2133 1859 106 37 légère
2251 1860 135 35 bagarre
2401 1860 74 28 s'est
2502 1866 54 30 pro-

1801 1896 96 33 duite,
1909 1897 85 27 mais
2008 1896 123 33 l'ordre,
2145 1896 113 27 assuré
2270 1896 24 27 à
2307 1894 181 28 l'extérieur
2516 1902 58 28 par

1801 1931 189 30 MM.Baube
2003 1932 32 27 et
2046 1930 163 33 Bélouino,
2219 1930 237 30 commissaires
2467 1929 40 28 de
2522 1937 35 28 po-

1802 1967 70 32 lice,
1889 1974 19 21 a
1922 1965 50 31 été
1987 1967 136 28 aussitôt
2134 1964 122 30 rétabli.

1970 2065 229 37 Dangereux
2216 2063 191 31 locataire.

1835 2118 41 30 M.
1894 2117 200 37 Duponnois,
2115 2113 219 31 commissaire
2357 2113 40 30 de
2413 2114 102 35 police
2531 2115 41 28 du

1802 2153 141 34 quartier
1958 2152 131 32 Necker,
2108 2158 18 21 a
2147 2150 102 30 arrêté
2268 2150 70 28 hier
2353 2150 32 28 et
2396 2150 123 35 envoyé
2532 2158 40 20 au

1801 2189 100 34 Dépôt
1913 2194 46 21 un.
1974 2186 144 28 individu
2144 2186 44 28 du
2200 2192 76 21 nom
2297 2185 38 28 de
2348 2185 65 33 J...,
2428 2185 54 35 qui
2500 2185 72 30 était

1801 2224 76 28 sorti
1893 2223 28 28 la
1935 2222 97 32 veille
2044 2222 40 27 de
2112 2222 32 27 la
2167 2220 110 35 prison
2285 2219 45 28 >de
2346 2220 30 27 la
2389 2220 93 27 Santé
2498 2219 41 28 où
2552 2220 20 27 il

1801 2257 107 30 venait
1920 2258 39 28 de
1972 2263 118 30 purger
2115 2263 66 22 une
2206 2254 244 31 condamnation
2467 2254 105 37 légère

1801 2301 80 28 pour
1893 2293 61 30 vol.

1835 2328 100 34 J...,.à
1946 2324 94 39 peine
2057 2326 78 30 sorti
2161 2326 39 30 de
2220 2326 119 35 prison,
2355 2324 103 28 s'était
2470 2326 103 28 rendu

1801 2365 43 33 48,
1861 2370 57 20 rue
1933 2360 215 37 Brancion,où
2163 2361 22 28 il
2197 2360 131 30 habitait
2343 2361 94 27 avant
2450 2367 38 21 sa
2500 2367 54 24 con-

1801 2398 191 30 damnation.

1837 2433 47 28 La
1894 2432 206 37 propriétaire
2112 2431 41 30 de
2181 2430 28 30 la
2237 2430 135 33 maison,
2387 2430 85 27 Mme
2486 2430 60 28 Tou-

1801 2463 81 39 tihet,
1896 2473 41 22 ne
1950 2467 113 28 voulut
2078 2466 90 35 point
2176 2465 142 30 recevoir
2333 2471 63 22 son
2409 2464 112 28 ancien
2537 2466 31 26 et

1802 2503 265 35 compromettant
2092 2502 148 27 locataire
2251 2509 8 25 ;
2293 2500 59 27 elle
2386 2499 44 28 lui
2446 2498 125 30 déclara

1801 2537 74 35 qu'il
1891 2537 53 28 eût
1956 2536 19 28 à
1990 2543 34 22 se
2052 2536 90 35 loger
2169 2535 142 34 ailleurs,
2336 2542 40 21 en
2393 2533 43 28 lui
2461 2533 107 28 disant

1800 2572 113 34 qu'elle
1928 2572 84 27 avait
2031 2570 132 35 disposé
2187 2571 40 28 de
2250 2577 53 22 ses
2329 2567 145 31 meubles
2490 2574 80 31 pour

1801 2611 190 32 Compenser
2017 2606 31 28 la
2075 2606 86 35 perte
2186 2613 63 27 que
2274 2606 53 27 J...
2344 2604 47 28 lui
2417 2603 84 30 avait
2516 2604 54 28 fait

1802 2642 90 30 subir
1905 2650 38 20 en
1958 2649 39 21 ne
2010 2642 116 34 payant
2140 2647 57 28 pas
2211 2647 61 21 son
2287 2641 110 27 terme.

1835 2678 46 28 Le
1893 2678 100 35 repris
2008 2678 39 27 de
2056 2675 118 37 justice
2184 2682 43 21 ne
2233 2674 169 30 l'entendit
2411 2681 58 28 pas
2476 2674 92 34 ainsi,

1802 2712 20 30 il
1835 2720 39 21 se
1887 2712 151 34 précipita
2050 2718 56 21 sur
2121 2717 60 21 son
2194 2711 155 27 andienne
2365 2709 206 35 propriétaire

1802 2746 72 38 qu'il
1887 2753 152 22 renversa
2056 2748 31 26 et
2101 2745 76 37 qu'il
2190 2744 112 37 frappa
2314 2745 27 28 si
2359 2743 211 30 violemment

1804 2789 57 24 sur
1874 2783 28 28 la
1917 2783 64 27 tête
1997 2781 17 28 à
2028 2786 100 30 coups
2156 2781 39 27 de
2220 2780 86 28 talon
2337 2778 73 37 qu'il
2428 2779 27 30 la
2473 2779 97 30 laissa

1805 2825 80 28 pour
1898 2818 100 27 morte
2015 2824 56 22 sur
2085 2816 30 28 le
2128 2823 141 21 carreau.

1837 2854 64 27 Des
1917 2852 122 28 voisins
2054 2851 125 28 vinrent
2186 2850 250 30 heureusement
2451 2851 119 28 arrêter

1802 2889 31 28 le
1846 2887 137 34 forcené,
1998 2887 92 37 qu'ils
2115 2885 152 28 remirent
2291 2893 64 22 aux
2381 2887 104 27 mains
2513 2887 56 30 des

1802 2923 151 35 gardiens
1970 2923 40 28 de
2026 2923 27 28 la
2068 2922 80 37 paix.

1839 2959 84 28 Mme
1952 2959 152 33 Touchet,
2138 2957 78 27 dont
2239 2953 85 33 l'état
2352 2959 51 28 est
2427 2957 56 31 des
2497 2957 73 37 plus

1801 3000 125 27 graves,
1942 2994 50 28 est
2003 2992 131 35 soignée
2147 2991 19 31 à
2181 2999 59 22 son
2252 2992 156 32 domicile.

1935 3070 71 32 Les
2020 3069 149 33 fureurs
2184 3070 45 32 de
2244 3070 181 39 Tempête,

1835 3118 63 30 Les
1911 3117 156 35 figurants
2081 3117 41 30 du
2138 3117 120 30 théâtre
2272 3118 57 28 des
2350 3118 150 32 Variétés
2516 3119 39 30 fai-

1800 3154 102 31 saient
1913 3154 72 30 hier
1997 3152 19 28 à
2026 3161 45 20 un
2083 3152 39 28 de
2135 3154 86 27 leurs
2237 3154 184 30 camarades
2439 3155 128 31 nommé

1800 3190 152 35 Tempête
1965 3188 30 30 le
2015 3188 143 30 mauvais
2173 3190 72 28 tour
2261 3189 40 28 de
2314 3189 44 30 lui
2376 3191 116 28 cacher
2509 3200 58 20 son

1802 3226 156 35 pantalon.
1976 3226 143 33 Lorsque
2135 3224 162 34 Tempête,
2319 3233 39 20 en
2370 3226 138 34 quittant
2539 3226 27 30 le

1800 3260 222 37 déguisement
2035 3259 74 38 qu'il
2125 3260 116 35 portait
2263 3267 54 22 sur
2333 3260 30 28 la
2376 3260 97 30 scène
2486 3268 57 22 vou-

1800 3296 46 27 lut
1859 3296 152 27 endosser
2039 3302 59 21 son
2114 3296 145 27 costume
2276 3295 81 34 civil,
2374 3295 22 28 il
2411 3296 156 34 s'aperçut

1799 3338 61 28 que
1869 3338 35 21 ce
1913 3331 161 28 vêtement
2083 3330 240 35 indispensable
2334 3330 46 30 lui
2393 3331 171 35 manquait.

1833 3366 26 28 Il
1870 3366 30 28 le
1915 3366 136 28 chercha
2063 3371 39 22 en
2113 3365 73 27 vain
2199 3364 79 30 dans
2291 3367 72 26 tous
2378 3364 47 31 les
2441 3366 123 28 recoins

1799 3402 44 28 du
1858 3400 130 28 théâtre.
1997 3400 79 28 Mais
2089 3400 119 27 l'heure
2220 3400 39 27 de
2272 3400 30 27 la
2313 3400 174 34 fermeture
2493 3402 73 27 était

1796 3435 123 30 arrivée
1929 3437 37 27 et
1977 3436 151 34 Tempête
2143 3435 58 28 dut
2215 3436 97 28 sortir
2331 3436 64 28 bon
2421 3436 58 35 gré
2500 3436 64 30 mal

1796 3471 67 34 gré.
1879 3470 25 28 Il
1933 3470 65 35 prit
2022 3471 83 27 alors
2134 3476 59 22 son
2218 3470 79 35 gilet
2324 3470 39 28 de
2385 3471 129 28 flanelle
2536 3474 31 26 et

1798 3508 87 26 tenta
1899 3506 39 27 de
1951 3506 67 27 s'en
2031 3506 78 27 faire
2122 3513 46 20 un
2181 3506 137 33 caleçon,
2331 3513 66 20 non
2405 3513 76 21 sans
2493 3506 67 28 être

1799 3540 89 30 entré
1900 3540 80 28 dans
1996 3547 63 22 une
2073 3541 111 27 fureur
2198 3539 240 37 épouvantable.

1830 3576 67 27 Des
1909 3575 149 40 gardiens
2075 3574 38 28 de
2126 3574 30 28 la
2171 3575 72 35 paix
2254 3575 54 35 qui
2324 3575 208 35 l'aperçurent
2550 3575 17 28 à

1800 3617 35 21 sa
1851 3611 96 27 sortie
1962 3611 44 26 du
2026 3609 122 30 théâtre
2174 3611 183 27 trouvèrent
2383 3614 58 25 soh
2456 3617 93 22 accou-

1800 3646 136 27 trement
1948 3644 182 30 insuffisant
2145 3645 32 27 et
2200 3645 170 33 voulurent
2392 3646 143 35 l'obliger
2550 3645 17 28 à

1799 3680 135 34 prendre
1948 3686 64 20 une
2026 3679 135 27 voiture.
2177 3679 78 27 Mais
2272 3679 150 34 Tcmpâtc
2435 3687 39 19 ne
2489 3687 58 19 vou-

1800 3713 46 27 lut
1858 3713 67 27 rien
1941 3711 152 30 entendre
2122 3715 31 26 et
2169 3713 20 26 il
2213 3713 132 27 adressa
2370 3719 64 21 aux
2460 3712 89 35 repré-

1798 3749 142 28 sentants
1956 3748 40 27 dé
2008 3746 154 28 l'autorité
2178 3748 56 27 des
2262 3748 220 27 observations
2510 3754 38 21 en-

1800 3790 73 21 core
1885 3783 106 28 moins
2008 3782 149 28 décentes
2171 3789 63 28 que
2246 3789 59 20 son
2319 3783 155 26 costume.

1835 3819 61 27 Les
1910 3816 150 35 gardiens
2075 3816 39 28 de
2126 3816 30 28 la
2166 3816 83 35 paix,
2265 3819 206 33 comprenant
2487 3817 30 28 la
2526 3816 27 30 lé-

1798 3852 135 38 gitimité
1941 3852 63 28 des
2014 3853 130 26 fureurs
2164 3852 39 26 de
2218 3852 162 34 Tempête,
2396 3852 77 27 Font
2504 3859 43 21 em-

1801 3887 93 30 mené
1909 3895 41 21 au
1965 3889 90 33 poste
2070 3885 39 30 de
2134 3885 103 35 police
2252 3885 44 30 où
2321 3886 30 28 le
2363 3886 98 34 jeune
2490 3885 61 37 figu-

1801 3924 70 26 rant
1880 3924 59 33 put
1952 3924 129 26 trouver
2099 3927 45 22 un
2173 3920 158 35 pantalon,
2349 3921 77 27 dont
2439 3920 21 28 il
2487 3922 79 27 avait

1798 3958 103 34 grand
1915 3956 112 28 besoin
2054 3957 31 26 et
2096 3963 63 20 une
2190 3956 242 28 contravention
2453 3956 77 30 dont
2546 3956 20 28 il

1800 4000 35 21 se
1848 3992 47 28 fût
1915 3991 227 28 certainement
2160 3989 105 34 passé.

1994 4076 163 33 Bagarre
2176 4074 202 35 sanglante.

1837 4126 47 27 Un
1893 4123 176 35 journalier
2083 4123 43 28 du
2139 4130 74 21 nom
2226 4122 40 28 do
2293 4122 132 30 Charles
2448 4123 102 28 Lemaî-

1799 4160 47 27 tre
1861 4159 120 28 causait
1991 4159 44 27 du
2048 4157 158 34 scandale,
2219 4159 79 32 hier,
2308 4154 81 32 dans
2402 4157 31 28 la
2446 4165 58 22 rue
2515 4159 57 30 des

1799 4192 319 37 Francs-Bourgeois.

1835 4230 45 27 Le
1894 4228 130 35 gardien
2037 4227 39 28 de
2086 4227 31 27 la
2131 4226 74 37 paix
2215 4227 105 28 Rollet
2333 4227 187 37 s'approcha
2531 4230 40 28 de

1801 4264 151 35 l'ivrogne
1969 4264 30 27 et
2017 4263 27 28 le
2074 4270 132 25 menaça
2228 4263 39 27 de
2297 4263 27 28 le
2349 4263 152 30 conduire
2529 4272 41 20 au

1801 4302 91 33 poste
1892 4296 4 39 -
1907 4298 44 30 s'il
1970 4305 40 21 ne
2026 4305 35 21 se
2073 4296 102 30 tenait
2187 4304 52 27 pas
2252 4298 178 34 tranquille.
2448 4299 102 28 Lemal-

1799 4338 58 30 tre,
1874 4335 137 31 furieux,
2029 4331 91 30 sortit
2134 4339 45 20 un
2194 4333 132 27 couteau
2355 4335 30 26 et
2412 4341 35 21 se
2470 4335 84 33 préci-

1802 4370 65 35 pita
1881 4376 56 21 sur
1951 4368 116 34 l'agent
2087 4367 102 28 Rollet
2218 4367 73 35 qu'il
2317 4367 106 30 blessa
2451 4368 104 35 griève-

1801 4406 89 28 ment
1904 4404 18 28 à
1933 4402 28 28 la
1975 4409 109 28 gorge.

1834 4440 46 28 Le
1893 4437 211 28 malheureux
2119 4439 94 33 agent
2225 4437 39 28 de
2277 4437 99 35 police
2391 4439 110 28 tomba
2513 4446 57 28 par

1806 4476 81 27 lerre
1900 4474 80 28 dans
1993 4478 70 24 une
2072 4479 87 21 mare
2172 4472 39 28 de
2225 4479 92 28 sang,
2331 4473 132 28 entouré
2477 4474 94 28 d'une

1802 4509 87 30 foule
1903 4508 39 28 de
1955 4514 83 28 gens
2052 4507 53 35 qui
2118 4507 156 28 n'osaient
2285 4507 33 28 ni
2344 4507 45 30 lui
2402 4509 107 33 porter
2524 4517 32 20 se-

1804 4551 94 22 cours
1910 4543 33 28 ni
1956 4543 119 27 arrêter
2087 4550 58 20 son
2159 4543 177 33 meurtrier,
2359 4543 77 28 dont
2460 4543 93 30 l'exas-

1804 4578 142 37 pération
1958 4577 73 28 était
2044 4576 18 30 à
2075 4584 58 21 son
2148 4577 123 30 comble
2287 4579 32 26 et
2343 4577 54 35 qui
2424 4578 125 28 brandis-

1804 4615 60 28 sait
1874 4622 59 20 son
1949 4615 145 31 couteau,
2109 4615 168 31 menaçant
2298 4612 38 28 de
2365 4612 126 35 frapper
2504 4613 51 34 qui-

1802 4656 125 28 conque
1939 4648 148 27 tenterait
2101 4648 38 27 de
2151 4648 206 35 l'approcher.

1840 4685 44 27 Le
1897 4682 249 35 sous-brigadier
2161 4683 130 28 Henner
2308 4682 103 30 arriva
2435 4682 116 32 heureu-

1805 4720 124 25 sement
1941 4726 40 19 au
1996 4724 131 20 secours
2143 4717 39 27 de
2197 4726 58 19 son
2268 4719 176 26 camarade.

1837 4753 157 31 Lemaître
2003 4753 28 28 le
2046 4753 110 35 frappa
2171 4752 74 31 d'un
2259 4760 81 30 coup
2352 4753 41 30 de
2408 4755 133 28 couteau
2554 4754 19 30 à

1802 4791 31 27 la
1841 4791 86 33 joue,
1946 4788 80 27 mais
2040 4788 139 32 Henner,
2202 4788 119 35 malgré
2349 4796 37 20 sa
2414 4788 157 35 blessure,

1805 4825 91 28 saisit
1904 4824 30 27 le
1945 4822 126 28 foreenê
2083 4822 19 28 à
2114 4822 223 37 hras-le-corps
2360 4825 33 26 et
2417 4824 124 37 parvint
2555 4824 19 27 à

1808 4860 30 27 le
1853 4859 162 28 désarmer
2028 4858 30 27 et
2070 4857 19 28 à
2102 4857 30 28 le
2145 4864 170 21 renverser
2330 4865 54 22 sur
2398 4858 31 28 le
2450 4859 124 28 trottoir

1804 4894 44 30 où
1861 4894 22 27 il
1898 4902 35 20 se
1946 4893 34 28 lit
1997 4899 38 22 en
2052 4892 143 30 tombant
2207 4892 122 31 d'assez
2342 4900 113 28 graves
2467 4896 90 27 contu-

1804 4930 98 30 sions.

1838 4965 131 34 L'agent
1996 4963 104 28 Rollet
2128 4964 31 26 et
2176 4961 163 30 'Lemaître
2354 4963 56 27 ont
2435 4962 41 30 dû
2509 4962 65 30 être

1804 4998 198 34 transportés
2017 4998 18 27 à
2046 4997 141 34 l'hôpital
2200 4997 208 28 Saint-Louis.

1840 5035 45 26 La
1900 5033 145 28 blessure
2060 5031 38 28 de
2114 5031 102 28 Rollet
2230 5031 118 35 inspire
2369 5033 43 27 de
2428 5033 89 28 vives
2530 5033 31 28 in-

1805 5067 200 37 quiétudes./

1839 5104 46 28 Le
1900 5102 249 35 sous-brigadier
2163 5102 143 32 Ilenner,
2321 5101 56 35 qui
2389 5102 52 27 n'a
2453 5109 57 27 pas
2526 5104 48 27 été

1806 5138 146 35 grièvent
1964 5138 119 33 atteint,
2100 5144 18 20 a
2131 5137 157 28 demandé
2304 5137 18 28 à
2343 5137 66 28 être
2433 5137 112 38 soigné
2558 5137 17 30 à

1806 5180 60 19 son
1880 5171 156 28 domicile.

1946 5232 215 34 Statistique
2197 5231 236 35 municipale.

1841 5287 45 28 Le
1913 5285 122 28 service
2066 5284 39 28 de
2133 5284 180 34 statistique
2340 5283 194 35 municipale
2561 5291 14 21 a

1804 5321 129 37 •compté
1954 5319 139 37 pendant
2122 5319 30 28 la
2178 5319 167 28 douzième
2370 5319 143 28 semaine
2539 5319 35 28 de

1802 5356 185 31 1898,1,174
2000 5354 94 30 décès
2108 5361 41 22 au
2165 5354 64 28 lieu
2243 5354 39 28 de
2306 5353 53 31 999
2385 5353 190 34 enregistrés

2609 301 139 37 pendant
2781 300 31 30 la
2842 302 142 28 semaine
3030 300 190 37 précédente
3263 300 32 28 et
3335 296 40 32 de

2608 338 94 33 1,156,
2718 344 158 30 moyenne
2893 337 157 30 ordinaire
3072 337 63 28 des
3159 334 161 30 semaines
3335 334 39 28 de

2610 378 96 24 mars.

2644 407 105 30 Parmi
2765 409 48 28 les
2829 407 151 30 maladies
2998 406 228 41 épidémiques,
3235 405 30 30 la
3279 404 97 31 fièvre

2607 444 155 35 typhoïde
2779 444 28 35 (9
2822 444 94 30 décès
2941 451 41 21 au
3011 442 64 30 lieu
3098 442 39 30 de
3163 442 31 28 la
3220 448 156 32 moyenne

2610 480 60 35 10),
2686 480 32 27 et
2728 480 30 27 la
2770 480 169 28 scarlatine
2953 480 28 34 (2
3006 477 96 28 décès
3128 485 43 20 au
3194 476 65 30 lieu
3282 476 40 28 de
3347 476 30 27 la

2607 521 162 30 moyenne
2810 514 26 37 4)
2872 514 189 30 conservent
3100 519 63 24 une
3208 513 169 35 fréquence

2607 556 171 28 moyenne.

2649 586 45 28 La
2708 585 161 34 rougeole,
2898 585 138 37 quoique
3061 585 145 34 toujours
3234 589 70 21 rare
3334 582 45 34 (12

2607 619 100 31 décès
2719 627 41 21 au
2771 618 65 31 lieu
2857 620 40 28 de
2926 621 30 28 la
2980 626 156 30 moyenne
3158 617 57 37 28),
3243 617 133 37 dépasse

2608 663 51 20 un
2673 663 61 28 peu
2756 654 30 28 le
2813 656 111 28 chiffre
2949 656 57 30 des
3030 653 207 38 précédentes
3267 652 93 30 semai-

2609 697 74 22 nes.

2652 726 44 27 La
2706 725 197 35 coqueluche
2930 728 44 35 (19
3002 724 93 30 décès
3124 731 41 22 au
3191 723 63 31 lieu
3283 723 39 31 de
3348 723 31 30 la

2614 768 156 27 moyenne
2783 761 26 35 9)
2828 762 149 28 continue
2995 761 18 28 à
3030 761 66 30 être
3115 759 174 35 fréquente.

2648 797 46 28 La
2707 795 156 40 diphtérie
2883 796 146 35 présente
3044 803 65 22 une
3135 795 142 35 brusque
3304 800 57 30 aug-

2603 829 1 39 i
2616 831 172 27 mentation
2805 831 43 37 (41
2863 831 94 28 décès
2970 840 40 20 au
3021 831 67 28 lieu
3115 830 37 28 de
3177 830 35 28 28
3242 829 137 35 pendant

2603 865 1 44 |
2614 866 32 28 la
2660 865 142 30 semaine
2826 866 203 38 précédente)
3057 873 74 24 sans
3157 865 154 30 toutefois
3337 865 28 27 at-

2616 901 118 28 teindre
2748 901 31 28 la
2793 908 158 28 moyenne
2969 904 44 34 (45
3025 900 116 37 décès).

2650 937 43 28 La
2704 935 145 31 diarrhée
2863 937 142 30 infantile
3021 934 257 38 (athrepsie,etc.)
3294 935 85 27 reste

2616 978 113 22 encore
2744 978 71 24 rare
2828 973 118 35 malgré
2970 971 177 30 l'élévation
3174 970 44 30 du
3243 965 117 33 thermo-

2615 1006 109 28 mètre.

2646 1041 51 28 En
2712 1043 99 33 outre,
2829 1043 32 28 41
2885 1043 125 30 enfants
3037 1042 73 31 sont
3132 1041 100 31 morts
3262 1041 40 30 de
3325 1041 41 28 fai-

2613 1075 106 31 blesse
2734 1077 206 35 congénitale.

2648 1113 61 27 Les
2721 1113 151 28 maladies
2885 1113 260 28 inflammatoires
3171 1113 57 28 des
3241 1117 136 30 organes

2603 1142 1 43 :
2613 1146 39 30 de
2663 1146 31 30 la
2706 1147 188 38 respiration
2908 1149 56 28 ont
2972 1147 97 30 causé
3079 1147 54 30 203
3146 1147 105 33 décès,
3259 1154 41 21 au
3314 1146 64 28 Heu

2613 1181 39 30 de
2678 1182 53 28 150
2745 1183 139 34 pendant
2913 1183 30 27 la
2965 1183 142 28 semaine
3132 1182 188 34 précédente
3348 1181 31 28 et

2613 1217 39 30 de
2662 1217 63 33 21*8,
2743 1224 157 28 moyenne
2920 1218 156 28 ordinaire
3087 1217 57 30 des
3161 1215 158 30 semaines
3333 1215 39 28 de

2613 1259 96 21 mars.

2647 1287 44 28 Ce
2704 1289 110 27 chiffre
2828 1296 35 21 se
2874 1287 191 37 décompose
3081 1287 80 28 ainsi
3183 1286 76 37 qu'il
3285 1286 65 28 suit
3364 1294 8 20 :
3378 1286 1 38 -

2613 1322 163 30 bronchite
2802 1323 105 38 aiguë,
2933 1324 35 28 43
2998 1323 94 28 décès
3120 1323 51 35 (au
3198 1323 64 28 lieu
3288 1322 40 28 de
3348 1322 30 28 la

2613 1364 157 28 moyenne
2789 1358 45 37 40)
2841 1367 8 26 ;
2880 1358 164 28 bronchite
3060 1357 4 38 ;
3070 1357 183 35 chronique,
3280 1358 35 27 48
3337 1365 43 20 au

2613 1393 65 28 lieu
2691 1394 40 28 de
2744 1393 28 28 la
2800 1401 157 28 moyenne
2982 1394 45 35 54)
3037 1402 8 24 ;
3072 1393 287 35 broncho-pneumo-

2613 1427 61 34 nie,
2691 1429 35 28 50
2745 1428 51 30 (au
2810 1428 63 31 lieu
2884 1429 39 28 de
2933 1429 31 28 la
2974 1436 159 27 moyenne
3148 1428 43 35 44)
3202 1436 7 24 ;
3226 1433 131 31 pneumo-

2611 1463 60 32 nis,
2687 1463 37 27 62
2744 1465 52 34 (au
2811 1465 63 28 lieu
2887 1465 39 28 de
2939 1465 31 27 la
2981 1470 157 27 moyenne
3151 1463 58 35 80).

2646 1498 46 28 En
2709 1501 99 31 outre,
2828 1499 19 28 il
2875 1506 20 28 y
2921 1506 18 21 a
2966 1506 40 21 eu
3028 1499 34 27 51
3085 1498 94 28 décès
3194 1498 115 28 causés
3324 1504 54 28 par

2611 1532 137 30 d'autres
2759 1533 154 30 maladies
2926 1534 39 28 de
2987 1533 161 35 l'appareil
3163 1533 213 35 respiratoire,

2611 1569 77 27 dont
2700 1569 34 28 30
2747 1576 56 28 par
2819 1569 184 35 congestion
3017 1570 32 26 et
3060 1569 164 35 apoplexie
3256 1567 102 34 pulmo-

2610 1602 115 32 naires.

2646 1638 45 28 La
2714 1639 117 35 phtisie
2858 1639 198 34 pulmonaire
3085 1646 18 20 a
3130 1639 96 27 causé
3241 1638 138 35 pendant

2610 1675 81 27 cette
2701 1674 204 30 semaine22l
2920 1674 111 33 décès;
3044 1675 32 27 la
3089 1674 175 33 méningite
3276 1674 86 27 tuber-

2611 1708 141 37 culeuse,
2769 1711 51 32 22;
2831 1710 32 27 la
2874 1709 176 35 méningite
3063 1708 124 37 simple,
3200 1708 51 33 28;
3265 1708 47 28 les
3324 1715 37 21 au-

2611 1746 66 27 tres
2691 1746 231 32 tuberculoses,
2939 1744 45 28 17.

2644 1779 211 37 L'apoplexie,
2874 1780 31 27 la
2919 1779 156 37 paralysie
3091 1780 31 28 et
3141 1779 30 30 le
3185 1778 176 31 ramollisse-

2613 1817 90 26 ment
2717 1814 150 33 cérébral,
2880 1815 40 27 62
2931 1814 105 28 décès.

2646 1850 45 28 Le
2706 1857 110 21 cancer
2830 1857 18 20 a
2876 1850 54 27 fait
2943 1848 83 37 périr
3051 1850 38 28 50
3105 1856 197 28 personnes.
3318 1850 61 28 Les

2613 1884 151 31 maladies
2776 1885 190 35 organiques
2992 1884 45 30 du
3051 1891 87 22 cœur
3164 1885 56 28 ont
3231 1883 96 31 causé
3343 1885 35 27 94

2610 1918 94 30 décès

2647 1942 92 41 Enfin
2754 1955 34 30 46
2803 1954 159 31 vieillards
2979 1955 73 30 sont
3076 1956 99 28 morls
3197 1955 40 28 de
3253 1955 126 30 débilité

2614 1990 111 30 sénile.

2647 2026 25 27 Il
2689 2031 20 28 y
2720 2034 19 20 a
2754 2031 41 24 eu
2806 2026 34 30 15
2852 2026 138 30 suicides
3005 2027 32 28 et
3050 2026 34 30 13
3089 2026 106 30 autres
3207 2026 102 28 morts
3315 2023 48 30 vio-

2613 2060 112 31 lentes.

2648 2096 47 27 On
2711 2104 18 21 a
2740 2096 124 28 célébré
2878 2098 19 27 û
2909 2096 89 30 Paris
3012 2095 53 30 348
3085 2095 169 35 mariages.

2648 2130 50 30 On
2711 2139 18 21 a
2744 2132 176 35 enregistré
2946 2132 30 28 la
3000 2132 167 28 naissance
3180 2125 40 34 de
3233 2131 83 34 1,142
3330 2138 33 22 en-

2614 2165 84 30 fants
2717 2169 125 27 vivants
2861 2167 60 35 (571
2936 2174 136 33 garçons
3083 2169 32 27 et
3128 2167 52 27 571
3189 2166 103 35 filles),
3305 2167 74 27 dont

2613 2202 52 28 825
2681 2202 158 34 légitimes
2867 2204 32 26 et
2922 2202 54 28 317
3000 2202 193 34 illégitimes.
3207 2202 104 27 Parmi
3326 2209 53 21 ces

2613 2235 152 38 derniers,
2796 2237 34 30 45
2856 2237 56 28 ont
2936 2236 50 30 été
3008 2243 157 24 reconnus
3185 2236 175 30 immédiate-

2611 2274 98 26 ment.

2646 2307 48 28 On
2711 2314 18 21 a
2743 2307 123 30 déclaré
2897 2308 32 28 la
2942 2308 81 28 mise
3048 2315 40 21 en
3109 2307 149 30 nourrice
3270 2307 40 30 de
3322 2306 52 31 337

2611 2342 136 33 enfants,
2761 2342 77 30 dont
2848 2343 35 28 17
2896 2344 109 27 seront
3017 2342 105 35 placés
3136 2343 19 27 à
3168 2342 99 30 Paris.
3274 2342 105 28 Parmi

2611 2385 53 21 ces
2675 2376 135 34 enfants,
2828 2378 35 28 92
2877 2379 110 27 seront
3000 2378 126 28 nourris
3139 2385 43 21 au
3194 2378 71 28 sein
3278 2379 32 27 et
3322 2378 53 30 245

2610 2413 168 27 recevront
2791 2420 63 20 une
2865 2414 89 27 autre
2968 2412 226 28 alimentation.

2644 2446 47 28 On
2705 2453 19 20 a
2735 2446 122 28 déclaré
2872 2446 31 28 la
2920 2447 169 28 naissance
3109 2445 38 30 de
3161 2445 37 31 98
3213 2447 163 35 mort-nés,

2611 2480 77 30 dont
2702 2481 34 27 63
2748 2480 159 34 légitimes
2923 2481 31 27 et
2965 2481 35 28 35
3013 2480 194 34 illégitimes.

2848 2581 50 37 EN
2935 2580 203 38 HOLLANDE

2849 2616 22 4 la
2876 2616 20 4 IV
2935 2616 202 6 llVhknilUh

2608 2665 182 32 Situation
2802 2663 138 32 tendue
3007 2665 60 31 Un
3079 2672 94 32 pays
3189 2672 46 24 en
3246 2665 74 31 mal
3333 2665 45 32 de

2669 2704 215 32 révolution
2965 2704 89 32 Lois
3080 2704 236 39 d'exception

2803 2743 351 32 L'antimilitarisme
3178 2744 40 32 in-

2878 2783 235 32 ternational.

2644 2855 46 30 LA.
2702 2855 105 34 HAYE,
2820 2855 46 30 i«
2874 2854 125 30 avril.—
3005 2856 76 32 Par
3093 2854 130 32 service
3235 2855 148 35 spécial.,

2644 2890 45 30 La
2712 2890 149 30 situation
2889 2890 152 35 politique
3065 2893 32 26 et
3111 2889 206 37 économique
3335 2890 40 30 de

2606 2926 76 37 jour
2701 2933 39 22 en
2752 2926 74 37 jour
2841 2926 165 35 s'aggrave
3021 2933 39 21 en
3072 2926 165 28 Hollande.

2643 2962 86 28 Dans
2761 2962 47 28 les
2841 2961 169 37 provinces
3039 2960 263 37 septentrionales
3333 2961 43 30 du

2609 3005 86 30 pays,
2712 3004 41 22 en
2767 2998 98 33 Frise,
2896 3004 40 21 en
2960 2996 193 33 Groningue,
3183 3004 39 21 en
3234 2998 142 28 Drenthe

2610 3035 31 27 et
2656 3040 38 22 en
2709 3032 182 37 Overyssel,
2908 3032 38 30 de
2970 3030 161 39 multiples
3156 3032 139 28 révoltes
3322 3033 53 27 ont

2609 3070 96 28 éclaté
2732 3070 50 26 cet
2807 3069 98 33 hiver,
2933 3067 136 28 révoltes
3094 3067 200 35 provoquées
3319 3074 56 27 par

2607 3112 64 22 une
2683 3103 117 31 misère
2815 3103 73 32 telle
2904 3111 61 28 que
2979 3103 61 30 l'on
3056 3110 39 21 ne
3109 3104 76 34 peut
3198 3102 98 37 guère
3306 3103 66 30 s'en

2608 3141 78 28 faire
2701 3146 61 21 une
2778 3138 70 28 idée
2861 3141 110 26 exacte
2986 3146 40 20 en
3040 3139 126 27 France.

2644 3167 26 39 Â
2687 3174 72 38 quoi
2773 3174 152 28 attribuer
2940 3175 81 27 cette
3035 3174 91 28 triste
3141 3174 149 30 situation
3296 3174 15 27 ?

2815 3223 182 39 Quelques
3019 3221 150 32 chiffres

2644 3278 86 28 Dans
2747 3285 44 20 un
2804 3276 106 27 article
2923 3275 116 28 bourré
3061 3275 39 28 de
3125 3274 125 30 chiffres
3266 3275 107 35 publié
3381 3261 1 50 !

2608 3320 57 27 par
2681 3313 30 28 la
2733 3311 132 31 Société
2891 3311 157 30 nouvelle
3070 3311 39 27 de
3130 3311 177 32 Bruxelles,
3331 3311 40 28 M.

2606 3347 132 30 Domela
2761 3346 242 33 Nieuwenhuis,
3024 3345 31 28 le
3077 3345 158 28 socialiste
3256 3345 102 28 hollan-

2604 3384 66 28 dais
2685 3383 73 27 bien
2771 3389 106 21 connu
2940 3381 54 35 qui
3002 3380 48 28 fut
3060 3380 138 34 pendant
3206 3387 63 21 une
3279 3380 78 34 légis-

2606 3418 102 30 lature
2717 3416 221 37 représentant
2944 3416 44 30 de
3002 3415 30 28 la
3040 3415 90 30 Frise
3143 3423 40 21 au
3196 3415 177 28 Parlement

2606 3452 200 30 néerlandais
2865 3458 81 21 nous
2974 3457 133 30 procure
3133 3450 156 37 quelques
3315 3450 35 30 do-

2606 3490 148 27 cuments
2773 3494 56 22 sur
2851 3487 183 27 l'existence
3060 3485 139 35 précaire
3224 3485 38 27 de
3286 3487 83 27 cette

2606 3522 182 37 population
2820 3531 13 17 «
2865 3521 178 28 laborieuse
3077 3522 31 27 et
3138 3520 92 28 facile
3257 3520 19 30 ù
3302 3524 72 24 co'n-
3381 3520 1 39 '

2604 3560 103 26 tenter
2726 3566 15 18 »
2763 3557 56 34 qui
2832 3555 111 30 mérite
2957 3557 107 27 autant
3073 3555 30 28 la
3119 3554 254 31 commisération
3381 3554 1 38 .

2606 3600 61 28 que
2680 3592 78 28 celle
2771 3591 39 30 de
2869 3592 86 27 verte
2967 3591 85 30 Erin.
3381 3585 1 45 |

2643 3637 14 17 «
2676 3628 60 27 Les
2751 3626 100 30 valets
2867 3628 32 26 et
2911 3626 226 32 les.servantes
3152 3626 39 30 de
3207 3626 109 32 ferme,
3324 3625 50 33 dit

2606 3663 41 28 M.
2661 3663 142 33 Domela,
2820 3663 142 26 habitent
2974 3663 57 26 des
3047 3661 103 30 taudis
3172 3660 99 32 pavés
3298 3660 61 28 d'ar-

2606 3696 73 34 gile,
2708 3696 40 27 où
2774 3694 41 27 ils
2843 3693 132 40 passent
3007 3693 30 27 la
3064 3693 104 27 soirée
3204 3696 61 25 soit
3292 3696 79 25 dans

2604 3729 191 33 l'obscurité,
2810 3729 63 27 soit
2885 3726 130 28 éclairés
3026 3735 57 27 par
3093 3726 164 34 unepetite
3270 3726 104 41 lampe

2606 3764 18 28 à
2636 3764 97 28 huile.
2745 3763 48 28 Le
2806 3763 71 35 plus
2894 3764 136 26 souvent
3041 3761 106 35 privés
3161 3761 39 28 de
3214 3761 54 28 feu
3280 3762 32 27 et
3327 3758 39 31 de
3381 3758 1 45 j

2607 3800 144 31 lumière,
2765 3797 40 28 ils
2824 3798 77 26 vont
2927 3803 34 21 se
2989 3797 141 26 chauffer
3142 3796 80 28 dans
3235 3795 136 28 l'étable.

2642 3833 67 30 »Us
2722 3833 139 34 gagnent
2877 3839 40 20 en
2928 3830 128 34 général
3074 3831 52 27 150
3135 3831 110 27 florins
3255 3830 64 35 (300
3325 3830 47 35 fr.)

2606 3876 58 27 par
2676 3875 48 21 an.
2743 3867 110 33 Quand
2865 3867 33 27 la
2916 3865 118 28 femme
3063 3872 104 28 gagne
3193 3866 52 28 100
3269 3865 104 28 francs

2606 3904 139 65 fendant
2760 3901 71 28 l'été
2843 3909 41 20 au
2900 3900 182 35 labourage,
3104 3900 69 30 leur
3194 3900 117 28 annuel
3326 3901 48 27 est

2629 3946 17 20 e
2659 3939 52 28 400
2721 3938 117 32 francs,
2856 3943 37 24 ce
2911 3937 63 34 qui
2996 3943 45 21 ne
3065 3935 72 34 fait
3156 3940 70 31 2MS
3252 3941 123 22 encore

2609 3974 21 27 8
2644 3973 124 35 francs
2778 3977 73 30 par
2862 3971 167 30 semaine.
3046 3971 89 27 Ceux
3161 3970 56 35 qui
3239 3971 54 26 ont
3313 3977 64 24 une

2610 4009 117 27 femme
2739 4009 31 26 et
2781 4007 59 28 Six
2852 4005 139 35 enfants
3002 4012 40 22 ne
3058 4006 74 28 sont
3143 4012 58 28 pas
3213 4011 99 22 rares.
3328 4005 48 28 Eh

2610 4043 73 28 bien
2702 4044 7 26 1
2753 4042 28 28 si
2825 4049 40 21 on
2911 4041 98 34 prend
3040 4041 18 27 3
3094 4041 124 28 enfants
3252 4046 125 21 comme

2609 4084 168 28 moyenne,
2794 4076 66 28 cela
2872 4075 58 28 fait
2944 4075 18 28 8
2975 4075 103 28 francs
3097 4082 80 28 pour
3203 4076 17 27 5
3244 4081 112 28 person-

2607 4120 70 26 nes,
2694 4120 41 20 ou
2747 4113 17 26 1
2780 4113 74 27 fr.6o
2870 4117 54 28 par
2940 4110 152 35 semaine,
3109 4110 69 28 soit
3202 4111 44 28 23
3272 4110 89 30 centi-

2607 4153 76 25 mes
2687 4153 76 31 par
2769 4146 99 34 jour.

2644 4182 74 28 »On
2733 4181 172 35 comprend
2921 4180 104 35 quelle
3037 4182 51 27 est
3111 4180 32 28 la
3159 4180 50 30 vie
3229 4188 60 28 que
3321 4186 56 24 ces

2609 4217 123 37 gens-là
2745 4215 137 28 mènent.

2644 4263 14 15 »
2674 4250 274 37 Soixante-quinze
2963 4252 90 28 cents
3069 4250 26 37 (1
3111 4250 35 30 fr.
3163 4250 46 38 50)
3226 4258 57 28 par
3291 4250 84 37 jour,

2608 4279 142 48 pendant-
2760 4287 86 27 toute
2859 4286 130 34 l'année,
3007 4286 41 28 tel
3061 4287 50 27 est
3125 4286 28 27 le
3167 4286 122 35 budget
3302 4286 74 28 d'un

2609 4322 178 28 laboureur.
2805 4322 87 27 Ceux
2908 4322 54 35 qui
2979 4322 56 27 ont
3054 4328 34 21 ce
3102 4322 113 26 salaire
3230 4323 72 27 sont
3328 4328 35 20 en-

2611 4364 71 21 core
2696 4356 64 30 très
2785 4356 152 32 heureux,
2969 4356 58 28 des
3045 4355 195 37 privilégiés,
3272 4362 52 24 car
3348 4355 31 28 la

2610 4393 125 35 plupart
2750 4398 40 21 ne
2800 4390 77 28 l'ont
2891 4391 104 27 même
3009 4398 65 27 pas.
3096 4400 14 17 »

2642 4428 86 27 Avec
2741 4426 40 28 de
2794 4426 60 27 tels
2868 4424 129 28 chiffres
3022 4431 78 21 sous
3113 4426 46 27 l'es
3174 4433 96 27 yeux,
3283 4433 41 21 on
3338 4433 40 21 ne

2610 4462 180 28 s'étonnera
2804 4461 102 28 certes
2926 4460 73 35 plus
3028 4460 41 28 du
3100 4459 165 38 désespoir
3288 4460 38 30 de
3350 4460 30 28 la

2610 4496 182 37 population
2807 4493 135 38 agricole
2957 4502 40 21 en
3013 4494 156 30 Hollande
3203 4496 30 26 et
3257 4495 58 28 des
3330 4495 33 28 ré-

2608 4532 102 28 voltes
2722 4531 52 38 qui
2799 4538 39 22 en
2871 4531 53 27 ont
2950 4530 51 28 été
3033 4530 28 27 la
3090 4530 220 37 conséquence
3335 4531 28 27 fa-

2607 4566 71 30 tale.

2769 4602 243 33 L'assistance
3028 4600 190 40 publique.

2641 4654 213 30 L'assistance
2881 4652 162 37 publique,
3073 4661 39 20 en
3143 4654 167 33 Hollande,
3335 4661 41 20 ne

2610 4689 181 30 fonctionne
2802 4696 56 28 pas
2885 4695 124 22 comme
3037 4695 40 21 en
3100 4688 128 30 France.
3244 4688 43 30 Ce
3301 4690 73 27 sont

2608 4726 47 27 les
2665 4724 129 34 églises,
2809 4723 45 28 les
2868 4724 161 34 paroisses
3045 4723 231 35 (parochie)/jui
3293 4724 81 34 sont,

2610 4768 54 27 par
2675 4760 100 33 l'Etat,
2793 4759 151 35 chargées
2963 4759 45 27 -de
3032 4759 174 27 l'entretien
3230 4759 57 28 des
3302 4765 57 30 pau-

2610 4802 83 21 vres.
2706 4795 50 28 En
2767 4795 71 28 1888
2914 4793 122 35 d'après
3063 4793 48 30 les
3133 4794 144 34 comptes
3302 4800 57 22 nou-

2611 4830 170 28 vellement
2796 4828 125 34 publiés
3009 4828 46 27 les
3081 4827 74 28 frais
3172 4827 203 28 d'assistance

2613 4872 35 21 se
2663 4866 73 27 sont
2764 4863 105 30 élevés
2898 4863 19 28 à
2931 4863 167 35 12,7/8,359
3122 4863 120 34 florins,
3255 4863 105 28 c'est-à-

2613 4899 67 28 -dire
2696 4899 72 35 plus
2798 4899 38 28 de
2865 4898 155 35 vingt-six
3052 4897 139 30 millions
3207 4898 39 28 de
3259 4898 116 28 francs.

2611 4935 86 27 Avec
2724 4935 47 26 les
2799 4933 78 25 frais
2902 4933 283 25 d'administration
3198 4935 32 24 et
3243 4933 118 25 d'entre-

2611 4969 65 27 tien
2705 4965 288 30 d'établissements
3020 4972 39 20 on
3081 4965 100 27 arrive
3208 4964 18 28 à
3247 4963 74 38 plus
3341 4965 38 27 de

2615 5001 193 31 trente-trois
2820 5000 137 28 millions
2974 5000 39 28 de
3026 5000 117 27 francs.

2648 5039 61 27 Les
2735 5042 137 22 revenus
2895 5034 203 37 budgétaires
3124 5042 35 21 se
3189 5034 145 31 chiffrant
3361 5034 19 30 à

2611 5073 53 30 200
2679 5072 139 28 millions
2833 5072 38 26 de
2885 5070 104 27 francs
3004 5078 54 27 par
3074 5078 39 20 an
3180 5070 77 27 dont
3279 5070 84 28 seule-

2615 5109 87 27 ment
2727 5107 35 28 14
2786 5105 138 28 millions
2952 5106 72 27 sont
3047 5105 158 34 dépensés
3220 5112 79 27 pour
3317 5105 52 28 l'in-

2615 5141 154 30 struction
2794 5140 151 35 publique
3009 5145 50 21 'on
3086 5140 65 27 voit
3176 5140 97 34 qu'un
3296 5139 84 30 tiers

2615 5177 58 30 des
2699 5176 116 35 impôts
2839 5176 48 28 est
2914 5174 143 37 employé
3083 5181 80 28 pour
3189 5174 193 28 l'assistance

2616 5211 159 37 publique.

2650 5248 48 28 En
2712 5248 78 32 1889,
2807 5254 57 34 pas
2880 5245 104 28 moins
3000 5245 38 28 de
3050 5245 117 33 154,454
3182 5245 91 35 pères
3287 5246 39 27 de
3341 5245 28 28 fa-

2617 5281 86 31 mille
2719 5283 30 27 et
2761 5282 100 33 73,334
2875 5280 194 31 célibataires
3090 5283 54 26 ont
3165 5280 50 30 été
3237 5280 144 30 assistés.

2650 5317 63 28 Les
2728 5316 132 28 familles
2876 5315 86 31 étant
2972 5315 193 37 composées
3178 5316 39 28 de
3231 5316 72 34 cinq
3318 5322 50 28 per-

2616 5359 119 24 sonnes
2752 5359 39 21 en
2806 5359 164 25 moyenne,
2993 5359 41 20 on
3048 5352 103 27 arrive
3165 5352 19 27 à
3198 5357 46 21 un
3255 5352 74 27 total
3346 5350 37 28 de

3413 300 118 34 815,451
3544 301 161 31 individus
3731 304 65 35 qui,
3809 304 116 32 durant
3952 301 119 31 l'année
4091 300 85 35 1889,

3415 337 56 28 ont
3484 337 83 28 vécu
3581 337 41 30 de
3644 339 195 31 l'assistance
3852 339 159 35 publique.
4029 338 61 28 Sur
4115 344 64 22 une

3416 372 184 34 population
3611 372 40 30 de
3664 372 149 37 t,511,415
3834 372 175 35 individus,
4033 372 67 30 cola
4124 372 54 28 fait

3415 406 35 28 19
3475 405 53 37 0/0
3555 415 43 22 ou
3627 412 137 33 presque
3795 417 48 21 un
3873 403 197 43 cinquième,
4102 405 61 32 d'as-

3415 441 112 31 siStôsf

3495 494 247 39 Propagande
3768 494 330 33 révolutionnaire.

3446 539 80 31 "L'on
3537 548 100 28 pense
3651 540 39 35 si,
3717 542 79 30 dans
3822 542 40 30 de
3876 542 91 30 telles
3989 541 188 34 condition;},

3416 574 28 30 le
3468 575 178 30 socialisme
3672 578 113 30 trouve
3809 585 45 22 un
3882 578 117 30 terrain

3417 617 85 30 pour
3508 611 33 28 la
3550 613 208 34 propagation
3774 613 39 28 do
3822 619 57 22 ses
3893 613 98 28 idées.

3451 646 47 27 En
3522 646 84 34 effet,
3631 646 86 30 nulle
3745 648 78 35 part,
3847 646 19 30 à
3888 647 188 38 l'exception
4093 648 70 34 peut-

3417 679 66 30 être
3495 680 40 30 de
3557 683 45 27 La
3613 681 90 35 Haye
3717 684 33 27 et
3763 684 231 27 d'Amsterdam
4055 681 33 30 la
4102 681 61 28 rési-

3417 716 98 28 dence
3527 718 31 26 et
3572 716 167 38 laèapitale
3794 718 31 27 la
3837 718 202 35 propagande
4054 717 106 30 révolu-

3417 750 155 31 tionnaire
3585 757 41 25 ne
3635 759 103 34 gagne
3751 752 48 30 les
3809 755 202 34 populations
4023 758 77 25 avec
4115 759 64 21 une

3417 785 129 37 pareille
3560 785 142 38 rapidité.

3451 822 26 27 Il
3490 828 20 27 y
3522 829 19 21 a
3569 822 154 37 quelques
3745 823 129 37 années,
3913 824 47 30 les
3977 829 136 31 paysans
4128 823 39 28 fri-

3417 862 78 22 sons
3509 857 178 35 ignoraient
3698 860 39 27 de
3751 859 31 28 la
3808 860 89 34 façon
3918 860 31 27 la
3961 860 72 35 plus
4048 859 131 28 absolue

3418 899 34 21 ce
3468 900 61 27 que
3543 893 103 28 c'était
3665 900 65 27 que
3754 894 30 27 le
3797 894 180 30 socialisme
4005 895 32 28 et
4049 894 18 30 à
4089 893 90 37 peine

3418 926 228 30 écoutaient-ils
3673 927 47 30 les
3748 930 125 28 orateur
3881 928 298 31 révolutionnaires.

3417 963 209 35 Aujourd'hui
3639 963 39 30 ils
3692 965 162 39 comptent
3863 964 100 35 parmi
3974 971 64 21 eux
4050 964 129 28 nombre

3419 997 157 28 d'ardents
3585 998 274 37 propagandistes,
3888 998 149 30 hommes
4062 999 31 27 et
4108 998 53 30 fem-

3417 1038 69 24 mes
3514 1032 63 38 qui,
3607 1035 135 35 partout,
3758 1042 39 21 en
3811 1035 115 35 langue
3943 1035 154 33 frisonne,
4113 1039 50 31 por-

3417 1070 67 26 tent
3497 1068 30 28 la
3541 1069 105 27 bonne
3659 1070 117 33 parole.

3451 1102 67 28 Les.
3527 1102 204 30 événements
3754 1103 40 28 de
3814 1104 51 28 cet
3875 1102 92 31 hiver
3987 1104 56 28 ont
4056 1102 123 31 montré

3417 1136 300 38 péremptoirement
3731 1139 92 35 qu'ils
3839 1142 40 26 nô
3893 1146 34 22 se
3944 1141 73 27 sont
4028 1147 58 27 pas
4102 1137 61 32 arrê-

3417 1173 48 31 tés
3481 1180 63 22 aux
3554 1174 135 34 paroles.

3506 1225 61 31 Un
3580 1226 293 35 gouvernement
3885 1232 78 22 aux
3974 1219 116 37 abois.

3451 1274 102 37 Après
3557 1271 33 32 la
3605 1274 183 37 répression
3793 1274 278 35 nwnuj)iilitari
4081 1280 98 30 —pas

3417 1311 145 34 toujours
3576 1310 89 28 facile
3730 1310 57 30 des
3801 1311 137 28 révoltes
3951 1311 40 28 de
4007 1310 120 30 famine,
4140 1310 39 27 de

3417 1352 53 22 ces
3485 1346 81 27 mois
3580 1344 152 34 derniers,
3749 1345 28 28 le
3796 1348 254 33 gouvernement
4059 1344 105 30 liollan-

3417 1380 66 30 dais
3498 1389 18 20 a
3533 1381 60 28 mis
3611 1388 39 21 en
3664 1381 106 28 branle
3787 1387 37 22 sa
3835 1380 231 35 magistrature.

3451 1415 74 30 Cela
3540 1415 74 28 était
3626 1415 138 28 d'autant
3789 1415 72 37 plus
3887 1415 90 30 facile
3999 1415 93 35 qu'en
4108 1415 53 28 Hol-

3417 1452 103 34 lande,
3534 1450 27 28 le
3573 1450 74 35 jury
3669 1450 133 30 n'existe
3816 1459 58 28 pas
3887 1453 32 27 et
3932 1459 60 28 que
4009 1452 67 28 tout
4098 1459 17 18 «
4128 1449 34 30 dé-

3417 1487 144 35 linquant
3585 1495 14 17 »
3626 1485 106 28 déféré
3756 1493 63 21 aux
3849 1487 172 27 tribunaux
4050 1493 56 28 par
4135 1486 44 27 les

3417 1522 80 28 bons
3514 1521 87 30 soins
3614 1520 58 28 des
3685 1520 144 30 Canovas
3843 1521 254 31 in-duoitccinio
4115 1520 48 28 hol-

3418 1558 120 27 landais
3552 1557 48 28 est
3615 1565 14 17 «
3643 1556 56 28 sûr
3712 1556 40 28 de
3764 1563 60 22 son
3839 1557 107 28 affaire
3958 1566 26 19 ».

3450 1592 131 30 Pourde
3593 1590 131 37 simples
3735 1592 124 26 articles
3870 1592 40 26 de
3920 1591 170 34 journaux,
4102 1598 79 28 pour

3417 1628 57 30 des
3489 1629 145 28 discours
3660 1625 40 28 de
3728 1625 152 30 réunions
3905 1626 168 40 publiques
4087 1626 93 40 qu'en

3417 1662 118 31 France
3543 1668 159 32 personne
3717 1669 39 20 ne
3772 1662 161 34 songerait
3946 1661 18 28 à
3978 1669 200 28 poursuivre,

3417 1700 30 28 le
3461 1696 252 39 gouvernement
3724 1696 54 27 fait
3789 1696 196 30 condamner
3998 1702 53 24 ses
4072 1696 90 28 adver-

3418 1735 100 27 saires
3530 1739 76 24 avec
3620 1731 28 28 la
3663 1731 72 35 plus
3748 1730 119 37 grande
3879 1730 141 37 rigueur.

3452 1769 85 28 C'est
3548 1767 83 31 ainsi
3645 1774 61 28 que
3730 1767 28 27 le
3780 1766 167 30 rédacteur
3972 1774 39 20 en
4038 1768 77 27 chef
4136 1767 44 27 du

3417 1801 324 32 Sneeker-Courant
3755 1801 135 34 (journal
3906 1802 39 28 de
3956 1802 113 35 Sneek)
4089 1809 20 21 a
4131 1801 48 28 été

3418 1839 185 33 condamné,
3619 1839 28 27 la
3664 1837 141 28 semaine
3821 1837 152 34 dernière,
3987 1839 24 27 à
4030 1837 152 31 dix-huit

3417 1876 91 30 mois
3533 1872 352 38 d'emprisonnement
3896 1873 194 30 cellulaire.

3454 1911 64 27 Des
3531 1910 181 35 poursuites
3729 1915 79 30 pour
3819 1907 215 37 lèse-majesté
4063 1910 74 27 sont
4161 1909 19 28 à

3417 1944 112 28 Fordre
3544 1944 43 28 du
3596 1944 85 35 jour,
3699 1944 32 27 et
3743 1943 20 27 il
3780 1943 87 28 suffit
3892 1944 39 27 de
3958 1943 100 35 parler
4084 1944 39 26 de
4152 1943 28 27 la

3420 1980 93 37 petite
3524 1980 89 30 reine
3670 1978 56 37 qui
3739 1987 19 20 a
3783 1977 103 30 douze
3900 1985 43 21 ou
3958 1977 94 30 treize
4075 1984 57 22 ans

3419 2022 123 21 comme
3554 2015 94 28 d'une
3672 2014 94 34 petite
3780 2013 64 30 fille
3902 2020 145 30 srnoarg
4061 2013 118 35 famke

3418 2056 39 22 en
3485 2049 100 38 frison
3673 2048 34 30 î°
3710 2050 27 27 rt
3764 2048 152 30 coûteuse
3939 2055 81 30 pour
4045 2048 137 37 attraper

3418 2085 152 37 quelques
3587 2083 81 30 mois
3679 2085 43 28 de
3737 2083 122 30 cellule.

3451 2120 84 28 Tout
3547 2120 66 30 cela
3627 2120 81 28 n'est
3720 2127 58 28 pas
3790 2120 58 27 fait
3872 2126 79 28 pour
3978 2120 124 35 apaiser
4135 2120 46 28 les

3417 2156 117 35 esprits
3548 2157 79 28 dans
3640 2163 45 22 un
3698 2161 78 30 pays
3790 2153 152 37 d'origine
3957 2154 227 28 foncièrement

3418 2191 222 37 républicaine,
3657 2192 63 33 peu
3735 2198 41 20 ou
3791 2196 80 30 prou
3896 2190 146 34 royaliste
4064 2190 32 28 et
4119 2189 43 30 mé-

3418 2225 195 30 diocrement
3644 2225 154 31 enchante
3828 2225 57 28 des
3919 2224 129 30 menées
4087 2224 94 28 d'une

3417 2257 89 33 reine
3520 2261 184 34 allemande,
3720 2261 54 40 qui
3789 2259 52 30 n'a
3860 2259 86 30 désir
3974 2261 72 37 plus
4072 2258 111 31 ardent

3417 2303 63 28 que
3495 2296 40 28 de
3547 2297 106 34 copier
3666 2303 41 21 en
3722 2295 154 30 Hollande
3902 2296 30 27 le
3946 2295 5 37 '
3959 2303 13 18 «
3985 2295 104 34 grand
4115 2301 44 21 mo-

3418 2331 70 30 dèle
3502 2331 39 30 de
3555 2331 32 28 la
3600 2333 151 31 Prusse»,
3770 2339 41 21 ou
3824 2330 97 44 règne
3931 2329 32 30 le
3977 2328 206 39 caporalisme

3419 2366 178 31 autraneier
3612 2373 60 30 que
3685 2366 64 28 l'on
3762 2367 136 28 connaît.

3586 2418 60 30 Un
3669 2415 133 39 procès
3829 2414 193 39 politique.

3452 2471 26 27 Il
3495 2477 40 21 ne
3548 2467 110 31 restait
3680 2467 74 38 plus
3781 2467 165 37 beaucoup
3967 2466 39 30 de
4031 2467 103 28 fautes
4165 2466 19 30 à

3419 2505 184 28 commettre
3618 2511 41 21 au
3671 2504 91 34 point
3778 2504 39 28 de
3842 2509 63 24 vue
3931 2509 233 30 gouvernemen-

3420 2541 50 28 tal.

3452 2576 45 28 Le
3522 2575 253 34 gouvernement
3798 2574 188 34 hollandais,
4017 2572 92 30 affolé
4124 2581 56 28 par

3417 2610 47 30 les
3478 2603 207 37 événements
3698 2610 39 28 de
3750 2616 53 22 ces
3817 2610 105 34 temps
3937 2609 152 33 derniers,
4106 2610 78 28 veut

3417 2646 19 28 à
3449 2647 69 27 tout
3528 2647 72 34 prix
3614 2653 35 21 se
3661 2644 206 30 débarrasser
3880 2646 40 28 de
3933 2652 81 22 ceux
4024 2644 76 37 qu'il
4110 2652 53 21 con-

3418 2681 103 30 sidère
3534 2687 123 22 comme
3672 2681 46 28 les
3741 2688 14 19 K
3775 2680 89 28 chefs
3882 2691 15 17 »
3920 2680 43 28 du
3974 2681 207 27 mouvement

3417 2717 274 33 révolutionnaire,
3719 2714 54 38 qui
3802 2722 39 21 en
3872 2713 110 31 réalité
4011 2714 169 30 n'existent

3417 2759 66 28 pas.
3498 2752 43 28 Ce
3554 2752 213 33 mouvement,
3780 2759 81 21 nous
3870 2751 120 28 l'avons
4004 2750 174 35 démontré,

3418 2789 48 28 est
3477 2786 41 30 né
3533 2786 39 30 de
3587 2793 112 22 causes
3716 2786 181 33 naturelles,
3925 2785 250 37 spontanément.

3451 2824 84 28 Pour
3547 2823 152 27 atteindre
3717 2829 34 21 ce
3772 2822 58 28 but
3850 2822 58 28 des
3927 2820 185 37 poursuites
4126 2820 54 30 ont

3417 2857 48 30 été
3481 2857 191 32 ordonnées
3678 2859 109 27 contre
3798 2857 30 28 la
3848 2867 13 17 «
3878 2850 189 35 Fédération
4082 2856 83 28 socia-

3417 2893 320 37 liste-démocratique
3756 2902 14 18 »
3795 2893 8 35 (
3803 2890 377 32 Sociaal-Demohratis

3417 2929 58 30 che
3489 2928 98 31 Bond
3587 2929 9 35 )
3615 2931 31 25 et
3652 2929 202 32 notamment
3868 2928 107 28 contre
3991 2927 40 28 M.
4048 2926 132 30 Domela

3416 2965 239 33 Nieuwenhuis,
3670 2965 139 34 Fortuyn
3823 2965 31 27 et
3867 2963 110 35 quatre
3992 2962 117 28 autres.

3450 3000 45 28 Le
3509 3000 136 28 tribunal
3657 3000 40 27 de
3711 2999 125 33 Zwolle,
3859 2999 93 34 ayant
3966 2996 195 37 catégorique-

3413 3038 89 27 ment
3515 3034 107 31 refusé
3644 3034 39 30 de
3705 3033 189 38 poursuivre
3920 3033 57 28 des
4004 3039 176 27 personnes

3413 3078 63 22 non
3485 3070 247 33 incriminables,
3743 3070 28 28 la
3781 3076 77 22 cour
3865 3067 120 37 d'appel
3997 3067 181 33 d'Arnhem,

3413 3115 57 22 sur
3496 3105 174 38 injonction
3703 3103 309 38 gouvernementale,
4041 3111 19 20 a
4088 3103 91 28 cassé

3413 3143 104 30 l'arrêt
3530 3142 39 28 de
3585 3139 141 30 non-lieu
3737 3139 102 28 rendu
3861 3141 31 26 et
3911 3137 138 35 renvoyé
4063 3138 117 28 devant

3415 3178 28 30 la
3467 3177 104 28 même
3593 3174 246 38 jurisprudence
3874 3175 47 27 les
3946 3172 231 37 personnalités

3412 3211 175 32 nommées.

3561 3268 102 38 Coup
3678 3266 126 39 d'épée
3821 3266 92 31 dans
3927 3261 107 35 l'eau.
4180 3261 5 45 J

3446 3321 45 30 Le
3513 3320 128 37 journal
3669 3319 107 30 Redit
3802 3325 85 24 voor
3911 3319 113 33 Allen,
4041 3317 138 37 l'organe

3412 3354 151 38 principal
3580 3354 57 28 des
3652 3353 176 30 socialistes
3850 3353 185 33 hollandais,
4054 3359 35 21 se
4115 3359 44 21 mo-

3411 3398 61 28 que
3484 3389 236 35 agréablement
3732 3389 44 28 du
3788 3390 253 34 gouvernement
4068 3387 19 28 à
4109 3393 53 30 pro-

3411 3433 59 28 pos
3484 3425 39 28 de
3536 3431 53 22 ces
3604 3424 193 37 poursuites.
3824 3424 26 28 Il
3878 3423 139 40 rappelle
4042 3423 47 27 les
4121 3422 58 28 lois

3411 3461 197 35 d'exception
3631 3462 106 26 contre
3762 3458 48 30 les
3836 3458 176 30 socialistes
4043 3457 53 37 qui
4126 3457 54 28 ont

3412 3496 50 28 été
3470 3503 45 20 en
3528 3496 137 34 vigueur
3679 3502 40 21 en
3731 3495 184 33 Allemagne
3927 3493 139 37 pendant
4076 3493 103 30 douze

3411 3535 69 30 ans,
3496 3531 31 28 et
3540 3530 53 35 qui
3609 3530 86 28 n'ont
3710 3529 54 28 fait
3778 3536 63 28 que
3854 3528 156 28 favoriser
4030 3528 30 28 le
4088 3527 74 30 déve-

3411 3568 182 33 loppement
3608 3566 38 28 de
3661 3566 30 28 la
3704 3565 142 30 doctrine
3872 3563 39 30 de
3939 3563 99 30 Marx.
4069 3562 35 35 (Il
4133 3562 47 30 est

3411 3601 65 28 vrai
3489 3605 63 31 que
3567 3600 79 31 dans
3659 3607 35 21 ce
3706 3600 129 27 dernier
3846 3606 78 28 pays
3938 3599 47 27 les
4012 3598 90 28 chefs
4130 3604 33 22 so-

3412 3635 347 30 cialistes-démocrates
3789 3641 35 21 se
3852 3634 74 28 sont
3951 3633 142 28 montrés
4119 3632 63 28 fort

3413 3678 60 26 peu
3502 3671 203 28 redoutables
3733 3671 31 27 et
3789 3669 123 30 animés
3935 3669 57 28 des
4017 3667 168 30 meilleurs;

3412 3703 188 28 sentiments
3615 3703 39 27 de
3667 3702 235 28 réconciliation
3913 3705 76 24 avec
4002 3699 48 28 les
4068 3700 94 28 «bour-

3411 3737 91 35 geois
3519 3748 13 15 »
3547 3737 30 27 et
3639 3736 93 35 après
3756 3732 170 31 l'abolition
3940 3735 39 28 de
3997 3736 80 27 cette
4090 3735 41 28 loi

3411 3780 77 21 avec
3509 3770 208 37 l'empereur.)
3741 3770 43 28 Le
3797 3770 129 41 journal
3957 3770 46 27 dit
4031 3776 61 28 que
4126 3776 53 22 ces

3413 3807 182 35 poursuites
3613 3808 30 26 et
3654 3811 54 22 ces
3717 3804 219 35 persécutions
3950 3811 41 21 ne
4005 3804 104 28 feront
4120 3810 60 30 que

3413 3841 185 31 discréditer
3613 3841 175 33 davantage
3800 3840 30 28 la
3839 3839 182 30 monarchie
4037 3848 13 18 «
4063 3847 40 21 au
4109 3847 53 27 pro-

3413 3878 32 28 fit
3462 3876 57 30 des
3531 3875 89 30 idées
3634 3874 165 30 nouvelles
3815 3885 26 20 ».

3507 3935 53 30 La
3574 3933 241 39 propagande
3828 3933 92 31 dans
3928 3932 161 32 l'armée.

3450 3984 26 28 Il
3493 3983 100 28 existe
3620 3980 111 37 depuis
3758 3980 181 35 longtemps
3965 3980 56 28 des
4048 3986 115 30 groupe-

3417 4018 104 28 ments
3547 4016 174 28 socialistes
3748 4016 180 34 s'occupant
3956 4015 224 35 spécialement

3416 4054 39 28 de
3470 4054 28 27 la
3515 4050 200 38 propagande
3729 4050 100 35 parmi
3841 4050 46 27 les
3901 4049 172 30 militaires.
4088 4050 45 27 Ils
4146 4057 34 20 se

3416 4089 72 27 sont
3503 4088 60 27 mis
3580 4094 40 20 en
3637 4085 148 28 relations
3801 4091 77 21 avec
3889 4084 57 28 des
3957 4090 139 30 groupes
4110 4091 56 21 ana-

3416 4123 112 35 logues
3542 4128 40 20 en
3593 4121 162 34 Belgique,
3774 4121 31 27 et
3820 4120 79 28 dans
3922 4120 46 28 les
3992 4120 85 28 deux
4102 4127 78 28 pays

3417 4159 31 28 la
3461 4157 103 28 milice
3576 4156 50 27 est
3638 4156 60 27 fort
3712 4155 168 27 travaillée.

3451 4194 28 26 A
3494 4191 158 37 plusieurs
3665 4189 149 37 reprises,
3830 4188 57 30 des
3900 4188 120 31 soldats
4043 4191 56 27 ont
4133 4189 48 30 été

3417 4226 139 35 envoyés
3569 4226 79 27 dans
3659 4225 137 27 d'autres
3806 4224 172 35 régiments
3992 4232 80 28 pour
4085 4232 96 21 cause

3417 4263 39 28 de
3468 4260 189 32 socialisme,
3686 4260 31 27 et
3739 4259 246 33 nouvellement,
3999 4259 19 28 à
4033 4259 145 34 Tournai,

3417 4305 64 20 une
3494 4294 203 37 quarantaine
3710 4294 38 28 de
3763 4294 157 35 troupiers
3938 4296 53 26 ont
4016 4293 50 31 été
4089 4294 73 35 expé-

3419 4331 69 30 diés
3500 4338 63 21 aux
3576 4330 201 34 compagnies
3794 4329 40 28 de
3848 4329 176 34 discipline.
4037 4330 65 27 Des
4115 4337 50 20 ser-

3417 4369 94 33 gents
3528 4367 52 28 ont
3593 4363 48 31 été
3656 4363 154 37 dégradés
3829 4371 80 28 pour
3924 4363 47 30 les
3986 4363 123 30 mêmes
4124 4364 44 28 rai-

3417 4409 86 22 sons.

3452 4437 67 28 Une
3534 4435 155 30 brochure
3716 4435 38 27 de
3777 4434 135 28 Domela
3939 4434 241 34 Nieuwenhuis,

3417 4472 78 28 tirée
3509 4472 18 28 à
3540 4472 56 28 des
3619 4468 131 30 milliers
3782 4468 240 41 d'exemplaires
4056 4470 31 27 et
4111 4469 57 28 trai-

3417 4508 67 27 tant
3500 4507 38 27 de
3554 4507 30 26 la
3594 4505 97 34 grève
3718 4504 148 28 militaire
3880 4504 158 34 générale,
4065 4505 50 27 est
4135 4504 32 30 ré-

3418 4541 125 37 pandue
3554 4540 19 28 à
3587 4539 165 37 profusion
3768 4546 40 21 en
3822 4538 152 28 Hollande
3992 4540 33 26 et
4041 4538 79 30 daûs
4135 4539 46 28 les

3419 4577 165 35 provinces
3596 4573 174 30 flamandes
3787 4573 39 28 de
3840 4572 28 30 la
3882 4572 162 37 Belgique.

3449 4611 255 32 Nouvellement,
3717 4609 20 28 à
3749 4605 138 35 Utrecht,
3917 4607 92 37 après
4023 4605 1 39 .
4038 4616 45 21 un
4098 4616 61 21 mee-

3417 4648 67 35 ting
3501 4645 168 33 socialiste,
3684 4644 57 28 des
3761 4644 188 27 canonnière
3973 4644 57 26 ont
4055 4643 129 28 conduit

3417 4683 46 30 les
3476 4683 144 26 orateurs
3635 4680 18 28 à
3669 4680 30 27 la
3712 4685 74 27 gare
3802 4684 40 21 en
3859 4678 149 28 chantant,
4022 4677 18 30 à
4055 4678 126 30 tue-tête

3417 4717 56 28 des
3487 4715 133 30 refrains
3635 4714 294 28 révolutionnaires.

3574 4768 231 39 Ingratitude
3830 4767 190 40 policière.

3450 4830 48 27 En
3509 4826 100 33 Frise,
3626 4826 41 28 M.
3681 4826 162 32 Poustma,
3861 4824 30 28 le
3900 4825 190 34 journaliste
4104 4826 76 27 dont

3415 4871 83 21 nous
3513 4870 100 21 avons
3626 4860 97 37 parlé,
3751 4859 47 30 fut
3810 4859 129 30 victime
3953 4859 39 30 de
4019 4866 35 21 sa
4083 4859 97 30 bonté

3417 4899 80 28 dans
3524 4898 58 28 des
3621 4894 175 31 conditions
3823 4894 52 37 qui
3900 4893 149 31 méritent
4085 4896 96 28 d'être

3416 4941 151 21 connues.

3452 4967 50 27 Au
3517 4963 81 30 mois
3628 4963 38 28 de
3690 4965 125 33 janvier
3841 4963 133 33 dernier,
4005 4970 72 22 vers
4101 4971 79 22 onze

3418 5002 116 27 heures
3560 5000 45 28 d.u
3630 4998 73 33 soir,
3725 5000 44 28 M.
3797 4998 161 33 Poutsma,
3974 5002 96 26 avant
4083 5001 40 27 de
4147 5008 33 20 se

3420 5035 145 33 coucher,
3582 5034 133 34 regarda
3736 5041 53 27 par
3816 5034 28 27 la
3859 5033 119 28 fenêtre
3990 5034 40 27 de
4058 5042 35 19 sa
4108 5035 57 27 mai-

3419 5079 69 21 son.
3503 5069 26 30 Il
3546 5069 45 27 vit
3604 5068 84 30 deux
3704 5068 146 35 policiers
3867 5075 39 20 en
3931 5068 157 30 uniforme
4115 5069 64 35 qui,

3419 5104 272 33 ostensiblement,
3706 5104 31 28 le
3756 5102 227 30 surveillaient.
3999 5104 70 30 Pris
4084 5105 39 28 de
4141 5105 28 34 pi-

3420 5139 41 30 tié
3526 5139 28 28 la
3568 5139 214 34 température
3798 5138 74 27 était
3887 5138 39 27 de
3954 5139 50 26 12°
4018 5146 77 20 sous
4110 5139 73 28 zéro

3422 5176 61 27 —il
3496 5174 67 28 leur
3576 5173 156 28 demanda
3744 5179 56 30 par
3811 5172 28 28 la
3852 5172 119 28 fenêtre
3979 5172 64 30 s'ils
4057 5180 40 21 ne
4110 5180 57 22 veu-

3423 5211 64 30 lent
3500 5211 104 26 entrer
3620 5216 78 28 pour
3713 5207 135 37 prendre
3874 5216 65 21 une
3951 5209 85 28 tasse
4063 5209 39 28 de
4116 5209 67 30 café

3424 5248 30 26 et
3468 5252 35 21 se
3516 5244 184 28 réchauffer.
3717 5244 27 27 A
3758 5243 67 28 leur
3849 5243 136 35 réponse
3998 5244 187 28 affirmative

3423 5281 20 28 il
3456 5280 148 34 descend,
3633 5277 182 34 mi-habillé,
3844 5284 80 28 pour
3940 5277 69 31 leur
4037 5278 105 30 ouvrir
4157 5280 27 28 la

3423 5316 100 35 porte.

3457 5352 27 27 A
3501 5349 91 32 peine
3608 5348 116 33 entrés,
3739 5348 48 28 les
3802 5348 146 33 policiers
3965 5355 34 21 se
4018 5350 92 27 ruent
4134 5355 51 22 sur

4221 1097 69 28 leur
4313 1098 151 33 gracieux
4492 1102 33 25 et
4547 1102 70 33 trop
4641 1101 70 27 naïf
4722 1109 15 15 «
4752 1100 150 28 surveillé
4916 1110 26 25 »,
4956 1101 30 30 la

4224 1133 152 35 frappent,
4402 1134 39 33 et,
4472 1134 69 31 last
4567 1134 63 31 not
4656 1135 97 32 least,
4783 1135 30 27 le
4843 1135 142 33 traînent,

4222 1168 89 34 pieds
4326 1175 72 26 nus,
4415 1175 56 28 par
4485 1169 30 28 la
4524 1169 96 33 neige
4635 1169 30 30 et
4678 1169 31 28 la
4722 1169 98 35 glace,
4833 1176 41 22 au
4898 1172 87 34 poste

4215 1201 45 32 .de
4276 1202 100 35 police
4388 1204 112 27 voisin.
4519 1205 43 27 Le
4577 1204 164 35 désespoir
4767 1206 39 27 de
4833 1213 34 20 sa
4890 1206 96 34 jeune

4225 1237 124 35 femme,
4362 1238 51 28 les
4428 1238 60 28 cris
4501 1238 38 30 de
4552 1239 135 28 douleur
4701 1239 39 28 de
4754 1246 37 21 sa
4806 1239 97 33 mère,
4920 1240 65 28 rien

4221 1272 52 35 n'y
4285 1273 44 28 fit.
4345 1273 47 27 On
4408 1273 28 28 le
4449 1273 98 34 garda
4561 1280 41 24 au
4619 1276 99 34 poste,
4735 1273 83 34 d'où,
4833 1273 31 30 le
4885 1274 84 30 lende-

4221 1307 94 33 main,
4331 1307 21 27 il
4367 1309 48 27 fut
4427 1306 177 37 transporté
4617 1317 19 20 a
4649 1310 28 27 la
4689 1310 118 34 prison.

4257 1344 47 26 Un
4320 1343 106 28 article
4444 1343 190 35 de.journal
4659 1344 31 27 et
4710 1350 44 21 un
4776 1344 145 28 discours
4949 1344 37 28 do

4222 1377 131 28 réunion
4369 1377 151 37 publique
4537 1378 43 28 lui
4592 1380 56 27 ont
4661 1378 74 30 valu
4749 1378 138 30 dix-huit
4905 1380 80 28 mois

4221 1411 38 30 de
4276 1413 107 35 prison
4404 1413 169 35 cellulaire,
4597 1415 31 27 et
4651 1414 21 28 il
4702 1422 18 20 a
4746 1414 65 33 été,,
4826 1422 39 20 en
4885 1415 99 33 outre,

4220 1447 122 34 gratifié
4356 1448 40 27 de
4408 1447 90 31 trois
4511 1449 174 28 semaines
4709 1448 39 28 de
4775 1448 110 35 prison
4909 1455 74 30 pour

4220 1482 267 35 attroupement
4498 1488 63 25 sur
4577 1485 34 28 la
4626 1485 74 28 voie
4710 1483 184 37 publique!

4256 1517 90 28 Voilà
4359 1518 43 27 oïl
4413 1521 84 24 nous
4509 1524 40 21 en
4561 1525 142 20 sommes
4715 1520 7 25 1

4285 1616 47 39 LA
4359 1616 174 41 DIVISION
4563 1617 48 40 DE
4636 1617 281 48 L'ATLANTIQUE

4221 1720 106 32 Prise
4342 1722 45 30 de
4398 1723 315 32 commandement
4801 1724 118 32 Visite
4941 1733 39 25 au

4436 1761 123 35 préfet
4572 1763 195 31 maritime.

4254 1869 110 33 BREST,
4382 1869 46 28 IER
4439 1869 87 30 avril.
4590 1869 85 31 D'un
4698 1871 286 34 correspondant.

4269 1903 220 37 Aujourd'hui,
4502 1904 19 30 à
4537 1910 61 22 une
4611 1905 112 33 heure,
4739 1906 28 27 le
4789 1906 196 27 contre-ami»

4219 1939 46 27 ral
4285 1938 222 28 Sallandrouze
4533 1938 40 28 de
4599 1939 190 27 Lamornaix
4818 1948 19 19 a
4864 1941 66 34 pris
4957 1941 28 28 la

4219 1974 278 28 commandement
4506 1974 44 30 de
4573 1974 31 30 la
4630 1972 139 31 division
4799 1974 125 30 volante
4949 1975 37 31 d«t

4219 2008 118 30 l'océan
4350 2009 189 35 Atlantique,

4254 2043 110 34 Quand
4376 2043 22 27 il
4414 2044 50 27 est
4476 2044 102 28 arrivé
4593 2044 19 28 à
4626 2044 79 28 bord
4719 2044 39 28 de
4781 2044 31 28 la
4834 2046 150 33 Naïade,

4220 2079 152 28 bâtiment
4385 2079 120 33 amiral,
4522 2086 64 22 une
4602 2080 87 30 salve
4717 2080 39 28 de
4785 2080 79 28 neuf
4887 2087 98 30 coups

4219 2114 39 28 de
4270 2121 102 21 canon
4384 2121 19 21 a
4415 2113 48 30 été
4475 2114 89 30 tirée.

4254 2148 200 37 L'équipage,
4473 2148 106 31 massé
4605 2150 80 28 dans
4709 2150 46 28 les
4785 2150 145 30 haubans
4956 2152 30 28 et

4222 2191 56 22 sur
4291 2184 31 28 le
4335 2187 85 33 pont,
4435 2191 19 21 a
4465 2184 120 37 poussé
4613 2185 78 28 trois
4715 2185 61 28 fois
4801 2185 30 28 le
4858 2185 45 28 cri
4924 2186 39 27 de
4971 2193 14 20 ;

4225 2228 14 19 «
4252 2219 78 31 Vive
4341 2219 30 28 la
4383 2219 200 35 République
4594 2219 6 30 !
4617 2230 15 17 »

4254 2255 44 30 Le
4312 2255 229 28 contre-amiral
4556 2256 40 27 de
4624 2255 189 30 Lamornaix
4838 2262 18 21 a
4877 2256 33 28 lu
4941 2262 41 24 un

4220 2290 93 28 ordre
4329 2290 43 28 du
4382 2289 85 35 jour.
4736 2311 12 20 q

4257 2326 26 27 A
4294 2324 85 28 deux
4395 2324 125 33 heures,
4539 2324 20 30 il
4574 2331 18 22 a
4605 2324 102 30 rendu
4720 2326 92 30 visite
4826 2326 18 28 à
4858 2326 126 28 l'amiral

4222 2359 38 30 de
4273 2360 31 28 la
4325 2360 99 34 Jaille,
4454 2360 102 37 préfet
4578 2360 158 30 maritime
4753 2369 7 25 ;
4789 2361 72 35 puis
4873 2362 20 27 il
4911 2362 73 28 s'est

4222 2395 100 27 rendu
4337 2395 19 27 à
4376 2395 78 27 bord
4467 2396 39 26 de
4520 2396 28 26 la
4576 2396 214 28 Victorieuse
4793 2417 7 11 ,
4833 2396 136 27 cuirassé-

4221 2430 109 28 amiral
4343 2430 39 28 de
4395 2430 151 30 l'escadre
4554 2430 44 30 du
4610 2430 94 33 Nord,
4714 2431 31 28 et
4759 2430 18 30 à
4789 2430 130 30 bord-do
4935 2430 51 31 sed

4220 2464 85 30 deux
4337 2465 159 30 croiseurs
4530 2465 39 30 de
4598 2466 32 27 la
4662 2465 136 30 division
4824 2466 162 28 flottante;'

4221 2500 145 34 Rigault
4376 2500 40 28 de
4429 2500 183 33 G-enouilly
4625 2502 31 26 et
4669 2500 126 34 Nielly.

4257 2536 63 28 Son
4337 2533 123 32 arrivée
4492 2542 57 22 sur
4574 2536 120 35 chaque
4722 2535 152 30 bâtiment
4894 2543 19 20 a
4937 2536 45 28 été

4220 2569 110 30 saluée
4352 2577 58 28 par
4437 2578 64 21 une
4526 2570 87 30 salve
4643 2571 39 27 de
4715 2571 78 27 neuf
4822 2577 99 28 coups
4946 2570 35 32 de

4220 2613 110 22 canon.

4254 2641 45 28 La
4319 2640 138 32 division
4473 2641 125 30 volante
4619 2641 64 30 doit
4714 2641 115 37 quitter
4845 2641 90 30 Brest
4956 2641 26 32 1<

4219 2676 18 28 8
4251 2676 87 28 avril.

4453 2757 102 31 FÊTES
4590 2761 154 26 ROYALES

4257 2854 99 34 ROME,
4376 2855 17 27 I
4395 2857 25 18 ER
4434 2852 89 31 avril.
4591 2852 81 31 D'un
4698 2855 279 34 correspondant

4266 2889 45 28 La
4337 2889 91 28 reine
4449 2889 167 28 Maria-Pia
4638 2889 32 27 et
4696 2889 31 27 le
4753 2889 61 28 duc
4843 2889 135 35 d'OporW

4219 2923 167 31 viendront
4396 2930 65 22 aux
4472 2930 97 22 noces
4579 2922 142 37 d'argent
4728 2923 57 30 des
4799 2924 178 30 souverains

4218 2959 135 28 italiens.

4252 2994 45 28 Le
4323 2994 61 28 duc
4411 2994 146 35 d'Oporto
4587 2993 217 35 représentera
4831 2994 28 28 le
4874 2994 47 30 roi
4946 2994 25 31 d<

4219 3028 158 34 Portugal.

4335 3106 44 25 LA
4414 3106 210 25 FRANCE•ET
4657 3107 39 24 LE
4729 3107 138 24 CANADA

4253 3198 139 32 OTTAVA.,
4408 3197 33 30 31
4454 3204 97 22 mars.
4616 3198 69 30 Par
4708 3197 93 31 câble
4819 3203 47 25 au
4884 3207 17 18 «.
4912 3198 43 30 Ma-

4220 3234 52 30 tin
4289 3244 25 17 ».
4377 3234 45 27 Le
4435 3234 143 27 discours
4594 3234 43 27 du
4662 3233 96 33 trône,
4775 3233 54 35 qui
4851 3240 74 21 sera
4952 3235 22 26 lu

4219 3268 136 33 demain,
4381 3275 43 22 ne
4449 3268 182 28 contiendra
4659 3274 124 21 aucune
4824 3274 151 28 promesse

4219 3305 190 28 concernant
4423 3304 28 28 la
4467 3302 183 30 ratification
4663 3302 44 30 du
4731 3302 90 28 traité
4843 3304 38 27 de
4905 3309 69 22 com

4218 3346 105 21 merce
4335 3346 76 21 avec
4422 3339 33 27 la
4468 3339 128 28 France.

4408 3438 171 22 CHAMBRE
4615 3438 181 22 ROUMAINE

4254 3541 197 31 BUGHAREST,
4469 3540 44 28 l«r
4526 3537 90 30 avril.
4678 3537 83 30 D'un
4787 3543 175 31 correspon-

4219 3574 96 30 danl.
4333 3574 90 28 —La
4436 3574 157 28 Chambre
4620 3582 19 19 a
4664 3573 83 34 voté,
4768 3578 56 31 par
4852 3574 34 27 8-3
4915 3574 66 27 voix

4218 3611 109 28 contre
4337 3609 46 33 28,
4401 3608 30 30 la
4450 3608 190 28 convention
4667 3608 220 28 commerciale
4911 3615 70 26 ave?

4220 3646 30 26 la
4260 3646 131 31 France,
4408 3644 30 28 et
4449 3651 56 27 par
4517 3644 34 28 91
4564 3643 74 30 voix
4654 3645 107 27 contre
4774 3644 18 27 4
4806 3643 77 30 celle
4911 3651 70 22 avec

4218 3679 28 26 la
4264 3678 119 27 Suisse,

4387 3767 435 28 CORRESPONDANCE

4253 3875 21 20 A
4293 3874 156 22 MONSIEUR
4469 3875 39 20 LE
4528 3875 175 21 DIRECTEUR
4724 3876 43 20 DU
4787 3878 17 17 «
4819 3875 98 21 MATIN
4938 3879 13 15 »

4256 3920 175 28 Monsieur.
4436 3935 45 5 —
4496 3920 86 28 Dans
4605 3928 44 20 un
4676 3921 104 27 article
4811 3928 79 28 paru
4920 3921 61 28 hiet

4220 3956 109 32 matin,
4356 3963 78 21 sous
4461 3956 30 27 la
4521 3954 151 37 rubrique
4701 3965 14 17 «
4729 3956 254 37 l'Emancipation

4220 3991 157 27 féministe
4391 3999 25 22 »,
4448 3991 87 27 votre
4557 3992 128 32 journal
4709 3998 142 21 annonce
4880 3998 63 27 que
4958 3992 25 26 lu

4218 4025 128 28 Conseil
4358 4024 110 34 d'Etat,
4485 4024 112 37 appelé
4625 4025 18 28 à
4669 4025 142 28 élaborer
4825 4033 43 20 un
4883 4026 100 37 projet

4220 4059 39 30 de
4273 4059 107 28 décret
4396 4067 56 21 sur
4476 4059 48 30 les
4547 4059 145 30 bureaux
4707 4059 39 28 de
4773 4061 210 28 bienfaisanca

4220 4095 39 27 de
4269 4095 97 33 Paris,
4376 4102 20 20 a
4406 4094 103 28 admis
4520 4102 61 27 que
4596 4095 46 27 les
4657 4095 135 27 femmes
4806 4096 177 34 pourraient

4220 4129 65 28 être
4298 4129 176 28 désormais
4500 4129 165 30 nommées
4685 4130 161 28 membres
4860 4130 57 30 des
4931 4131 35 28 bu-

4220 4172 100 21 reaux
4331 4163 211 35 réorganisés.

4256 4200 25 27 Il
4305 4207 21 26 y
4349 4207 18 19 a
4389 4199 78 28 dans
4493 4200 90 26 votre
4606 4200 106 27 article
4739 4207 63 20 une
4821 4200 94 34 petite
4942 4200 28 27 in-

4221 4233 176 30 exactitude
4413 4240 61 28 que
4482 4233 34 35 je
4533 4240 78 22 vous
4624 4234 155 28 demande
4798 4234 31 28 la
4854 4235 111 34 permis-

4220 4269 70 25 sion
4304 4269 39 25 de
4359 4266 143 27 rectifier.

4257 4305 44 26 Le
4312 4304 128 27 Conseil
4454 4299 99 32 d'État
4565 4305 51 27 n'a
4630 4311 56 28 pas
4717 4311 112 21 encore
4859 4305 50 28 été
4932 4313 33 27 ap-

4221 4338 70 37 pelé
4304 4338 17 28 à
4337 4338 162 28 examiner
4513 4338 28 28 le
4557 4339 102 35 projet
4682 4339 39 27 de
4744 4338 106 30 décret
4869 4342 112 33 auquel

4221 4381 80 21 vous
4312 4372 90 30 faites
4417 4372 145 30 allusion.
4579 4374 85 28 C'est
4676 4374 116 28 devant
4814 4375 28 27 le
4865 4376 116 26 conseil

4221 4409 165 34 supérieur
4402 4408 38 28 de
4453 4408 203 28 l'Assistance
4678 4409 151 35 publique
4857 4416 61 28 que
4931 4409 50 35 j'ai

4220 4450 40 21 eu
4276 4443 176 32 l'honneur,
4467 4442 20 27 il
4504 4450 19 27 y
4534 4452 18 19 a
4566 4443 156 35 quelques
4735 4443 103 35 jours,
4865 4444 39 27 de
4932 4444 33 28 dé-

4221 4478 109 28 fendre
4339 4479 51 28 les
4406 4478 203 30 conclusions
4622 4479 39 27 de
4676 4486 74 20 mon
4774 4481 128 32 rapport
4930 4487 51 20 sur

4222 4513 46 27 les
4283 4519 130 21 secours
4428 4513 15 27 à
4461 4513 148 27 domicile
4624 4513 17 27 à
4655 4513 97 33 Paris,
4767 4514 32 26 et
4817 4514 74 27 c'est
4904 4515 77 26 cette

4222 4547 188 32 assemblée,
4428 4547 99 32 soûle,
4546 4547 52 32 qui
4611 4556 28 24 a,
4648 4548 148 31 jusqu'ici
4813 4548 41 28 du
4867 4550 113 30 moins,

308 5497 305 32 FEUILLETON
648 5494 64 31 DU
744 5503 18 18 «
782 5491 159 33 MATIN
966 5502 15 18 »

489 5544 46 22 DD
556 5535 21 31 2
599 5542 103 24 AVRIL
722 5531 80 32 1898

1028 5609 33 27 31

255 5797 392 78 REVANCHE
702 5794 338 80 D'AMOUR

320 5999 359 43 PREMIÈRE
718 6006 259 35 PARTIE

619 6213 72 30 XIV

588 6260 137 38 (Suite).

195 6307 5 39 .
222 6312 129 30 Roland
361 6312 31 27 la
407 6317 171 30 repoussa;
595 6311 61 28 elle
664 6309 48 30 lui
728 6307 270 31 sembloitatroce.
1007 6308 103 35 Alors,

194 6346 201 32 redevenant
407 6345 116 28 maître
540 6344 40 28 de
600 6343 59 35 lui,
674 6344 22 28 il
705 6343 149 37 répliqua
861 6351 79 21 avec
956 6344 130 31 fermeté
1102 6352 7 21 :

194 6378 4 38 •
221 6397 48 7 __
283 6381 69 34 Que
378 6386 83 22 vous
487 6379 80 30 riiez
594 6385 44 22 ou
664 6385 77 26 non,
758 6378 25 28 il
798 6378 176 35 n'importe,
991 6378 67 30 cela
1071 6386 41 21 ne

191 6423 76 25 sera
279 6424 63 26 pas
352 6416 6 28 1

276 6452 41 32 Et
331 6451 54 40 gui
400 6450 85 30 m'en
498 6448 213 39 empêchera?

219 6500 47 11 —»
279 6487 76 30 Moi.

281 6522 165 27 Vraiment
457 6521 8 27 t
495 6522 40 26 Et
557 6519 74 37 quel
661 6524 117 30 moyen
802 6517 285 38 emploierez-vous
1100 6520 14 28 ?

195 6555 33 31 la
243 6554 229 31 dénonciation
487 6554 14 28 ?
533 6554 80 28 C'est
645 6555 73 28 d'un
746 6554 107 39 galant
879 6554 138 30 homme!
1033 6554 80 28 Mais

191 6594 79 31 bon,
286 6599 77 20 mon
385 6589 85 34 cher,
497 6595 83 24 vous
606 6596 83 22 vous
711 6589 110 33 tairez,
849 6594 83 24 vous
947 6588 168 31 miaiderez

191 6626 111 32 même
332 6626 19 28 à
385 6626 81 27 cette
491 6622 128 37 vilenie,
654 6630 123 22 comme
801 6631 83 22 vous
900 6622 158 37 l'appelez.
1076 6626 39 27 Et

191 6660 86 33 'c'est
288 6667 83 22 vous
381 6659 58 35 qui
465 6659 118 31 écrirez
608 6659 19 30 à
643 6659 90 30 votre
761 6658 188 34 beau-frère,
971 6659 53 27 oui
1038 6659 77 30 c'est

196 6703 86 22 vous
294 6694 57 35 qui
365 6694 46 30 lui
425 6693 117 31 écrirez
561 6702 11 21 :
601 6704 18 17 «
633 6694 74 30 Mlle
723 6692 40 30 de
785 6694 128 30 Solame
926 6699 81 25 vous
1017 6694 94 35 aime,

191 6731 69 37 ,«lie
268 6730 137 30 consent
416 6728 20 30 à
443 6729 132 30 devenir
589 6731 90 28 votre
691 6729 129 31 femme.
831 6738 14 18 »

281 6765 120 30 Jamais
411 6764 6 30 !
435 6763 181 32 s'écria-t-il.

275 6801 91 28 Vous
387 6800 168 28 ïerez'ies
585 6798 198 37 démarches,
815 6807 80 22 vous
924 6807 89 25 serez
1029 6801 28 30 le
1070 6802 31 30 té-

195 6835 242 37 iw^in.d'Alain,
467 6835 207 38 ajouta-t-elie
703 6841 78 26 avec
807 6841 64 26 une
898 6836 132 32 raillerie
1050 6837 50 38 gla-

191 6870 94 32 ciale.

282 6906 119 30 Jamais
418 6906 8 30 !
455 6906 119 30 Jamais
587 6906 8 31 l

215 6941 69 33 ,On
296 6941 56 30 eût
364 6940 46 31 dit
441 6941 115 35 qu'elle
581 6944 120 28 voulait
718 6943 46 30 lui
793 6944 113 32 rendre
922 6952 40 22 en
971 6946 70 28 iine
1052 6944 61 31 fois

195 6973 116 37 ÎOUtle
322 6977 66 30 mal
402 6978 128 33 quillui
537 6978 85 30 avait
633 6978 58 30 fait
699 6985 57 26 par
759 6986 41 21 sa
807 6979 122 32 néfaste
944 6980 167 31 influence.

196 7011 32 30 &
242 7011 71 28 côté
328 7011 41 30 de
383 7011 33 28 ta
425 7011 125 38 loyauté
565 7019 40 24 en
619 7013 122 30 révolte
763 7016 40 28 de
816 7016 132 34 Roland,
963 7016 132 35 sajalou-

193 7046 56 32 gic
257 7046 149 30 revivait.
420 7046 93 31 Alain
529 7049 7 27 !
554 7055 59 22 son
619 7050 86 30 mari
719 7050 11 28 1
745 7050 126 31 Devant
881 7056 56 25 ses
946 7058 91 30 fpux
1044 7058 53 30 pas-

190 7082 71 33 sait
289 7081 32 28 le
345 7082 203 33 douloureux
570 7084 157 35 spectacle
754 7085 41 31 de
826 7087 83 30 cette
933 7087 117 34 union;
1076 7094 38 22 ce

202 7122 99 33 ■çorjis
318 7117 67 33 tant
398 7117 90 38 aimé,
502 7120 67 35 pris
583 7127 58 28 par
656 7128 44 27 un
715 7122 99 33 autre,
828 7121 115 33 céd«at
957 7123 28 31 et
1003 7122 112 32 cédant

1162 5484 125 25 encore,
1311 5481 64 22 une
1398 5474 117 34 longue
1532 5472 81 31 suite
1629 5472 39 30 de
1677 5472 97 35 jours
1800 5472 31 27 et
1844 5471 39 28 de
1900 5470 90 28 nuits
2007 5478 18 20 a
2037 5477 43 21 un

1163 5518 149 24 nouveau
1325 5510 122 28 maître.

1251 5545 35 28 Je
1316 5544 27 28 le
1369 5543 119 28 tuerais
1512 5543 111 35 plutôt,
1651 5542 164 34 hurla-t-il,
1847 5542 56 28 fou
1918 5541 38 28 de
1972 5539 90 30 déses-

1163 5582 80 34 poir.

1244 5615 50 27 On
1307 5615 74 34 peut
1395 5621 84 21 vous
1493 5613 163 34 entendre,
1674 5620 77 21 mon
1762 5611 72 30 ami.

1202 5652 87 27 Avec
1302 5655 65 21 une
1382 5648 139 28 douceur
1538 5648 105 33 féline,
1661 5648 60 27 elle
1736 5648 109 34 ajouta
1861 5654 8 19 t

1250 5683 278 30 Sacrifierez-vous
1541 5682 191 37 doncplutôt
1747 5681 90 30 votre
1852 5680 120 30 femme'
1983 5681 32 27 et
2028 5687 37 20 vo-

1166 5721 52 26 tre
1231 5719 118 33 enfant,
1364 5718 80 28 dites
1456 5718 15 26 ?
1483 5718 80 33 Non,
1578 5725 81 21 vous
1671 5718 33 28 le
1719 5725 100 27 voyez
1834 5715 83 33 bien,
1935 5714 77 30 c'est
2024 5715 40 27 im-

1167 5753 155 38 possible,
1338 5760 35 21 ce
1389 5752 96 28 serait
1496 5752 69 30 très
1578 5752 80 28 mail
1688 5752 86 28 Vous
1786 5752 66 28 êtes
1865 5759 46 20 un
1942 5751 139 28 honnête

1167 5787 138 35 liommé,
1328 5786 207 38 ajouta-l-elle
1550 5793 54 22 sur
1625 5793 44 22 un
1696 5787 54 28 ton
1763 5786 41 30 où
1828 5785 118 37 perçait
1962 5785 28 28 le
2016 5787 50 26 Sar-

1168 5831 117 22 casme.
1316 5824 84 27 Pour
1430 5830 92 26 vous,
1554 5830 81 27 pour
1661 5822 76 33 moi,
1770 5829 74 26 ayez
1861 5822 43 28 du
1919 5828 137 28 courage
2069 5828 8 25 ;

1170 5859 65 33 oui,
1261 5858 109 28 fit-elle
1384 5858 40 27 de
1454 5857 125 40 plus-en
1604 5856 72 37 plus
1704 5856 240 35 enveloppante,
1962 5855 48 28 aie
2037 5856 44 27 du

1172 5901 151 27 courage,
1348 5901 74 21 mon
1440 5891 178 34 bien-aimé,
1645 5898 80 22 mon
1742 5890 71 30 seul
1841 5889 92 33 aimé,
1951 5889 112 28 mainte-

1174 5929 78 27 nant
1265 5929 31 26 et
1309 5928 19 28 à
1343 5928 125 35 jamais.
1496 5927 262 28 J'abandonnerai
1787 5933 73 21 mon
1874 5931 103 30 corps,
2007 5930 76 22 mon

1169 5969 93 24 cœur
1272 5963 32 27 te
1316 5963 94 31 reste,
1426 5962 34 34 je
1472 5969 41 20 ne
1527 5962 31 28 le
1569 5961 157 37 reprends
1741 5967 72 31 pas.

1208 5999 25 27 Il
1246 6005 37 21 se
1291 5998 100 28 laissa
1400 5998 128 27 tomber
1544 5996 119 32 àterre,
1676 5995 98 34 broyé
1782 5995 38 28 de
1830 5993 151 33 douleur;
1997 5994 85 28 toute

1170 6039 37 22 sa
1226 6032 51 28 vie
1290 6032 206 33 s'effondrait,
1509 6031 32 28 la
1552 6032 52 27 vie
1626 6032 148 27 nouvelle
1789 6030 73 35 qu'il
1885 6028 83 31 avait
1982 6031 83 28 entre-

1170 6074 63 22 vue
1245 6076 8 24 ;
1278 6067 58 30 des
1350 6066 143 35 sanglots
1519 6065 242 38 s'échappèrent
1788 6060 184 34 mollement
1995 6065 39 28 de
2046 6071 37 22 sa

1168 6109 111 28 gorge.

1206 6137 83 28 Tout
1302 6136 17 28 à
1336 6143 91 28 coup,
1444 6135 21 28 il
1480 6137 56 28 eut
1552 6143 43 20 un
1615 6136 125 27 dernier
1763 6133 105 37 espoir
1878 6143 7 25 ;
1906 6135 21 27 il
1951 6133 74 30 leva
2053 6133 31 30 la

1169 6171 63 30 tête
1245 6178 73 21 vers
1335 6171 59 30 elle
1410 6172 31 27 et
1454 6171 172 30 lentement
1638 6177 162 28 prononça
1814 6178 8 20 :

1248 6207 81 28 Mais
1345 6208 64 27 cela
1424 6207 81 28 n'est
1517 6213 69 28 pas,
1598 6206 182 34 Marceline,
1802 6204 67 31 cela
1896 6203 83 32 n'est
1998 6210 59 31 pas
2070 6211 9 26 ;

1172 6241 157 34 pourquoi
1345 6241 103 34 parler
1461 6241 39 28 de
1513 6248 54 21 ces
1580 6241 136 27 choses?

1206 6274 67 30 Elle
1289 6274 60 30 alla
1363 6274 86 34 à.lui,
1462 6281 38 22 se
1518 6274 61 28 mit
1591 6274 19 28 à
1620 6281 141 33 genoux,
1785 6274 92 30 attira
1898 6274 32 28 la
1957 6274 63 28 tête
2043 6274 40 28 de

1169 6317 61 22 son
1245 6312 107 27 amant
1365 6312 107 27 contre
1488 6317 37 22 sa
1539 6308 145 38 poitrine,
1711 6312 30 27 et
1761 6309 44 30 lui
1828 6315 167 25 murmura
2009 6308 74 31 bien

1168 6346 60 30 bas
1243 6346 19 28 à
1276 6345 129 30 l'oreille
1421 6353 7 19 :

1256 6380 35 27 Je
1309 6380 67 30 suis
1394 6380 154 31 enceinte.

1207 6415 25 28 Il
1246 6422 35 21 se
1296 6415 115 34 releva,
1427 6422 124 22 comme
1564 6422 79 22 sous
1664 6416 30 28 le
1713 6415 217 30 fouaillement
1943 6415 39 28 de
1998 6415 85 28 mille

1167 6449 151 34 lanières,
1336 6451 31 28 et
1381 6450 30 31 le
1426 6457 87 25 cœur
1526 6450 138 35 déchiré,
1680 6450 21 30 il
1716 6450 102 35 sortit,
1839 6450 76 31 d'un
1939 6457 56 28 pas
2021 6450 63 28 mal

1166 6483 128 32 assuré.
1329 6483 2 32 .

1596 6534 64 31 XV

1206 6588 177 35 Marceline,
1402 6591 150 35 inquiète,
1570 6592 83 28 avait
1675 6592 122 28 affirme
1819 6596 123 27 comme
1963 6592 118 30 certain

1173 6631 35 22 ce
1224 6625 56 35 qui
1287 6626 115 30 -n'était
1415 6632 113 26 encore
1539 6632 66 30 que
1620 6626 210 31 nrésumable.

1206 6659 89 30 Cette
1322 6659 70 30 idée
1414 6660 39 28 de
1476 6658 175 38 maternité,
1669 6661 112 35 qu'elle
1792 6660 91 31 avait,
1891 6660 187 38 dédaignée,

1170 6694 164 35 l'effrayait
1345 6694 207 31 maintenant
1566 6697 70 30 Elle
1651 6696 188 31 n'adressait
1851 6704 105 22 aucun
1975 6704 90 28 repro-

1170 6730 59 30 che
1245 6730 19 30 à
1274 6738 59 22 son
1348 6732 118 33 amant,
1487 6732 58 28 elle
1559 6732 32 28 le
1603 6732 148 30 torturait
1759 6742 13 25 ;
1791 6739 40 22 sa
1858 6737 137 24 rancune
2019 6737 43 24 ma-

1173 6765 86 34 ligne
1271 6767 241 31 s'assouvissait
1520 6768 115 28 mieux
1649 6768 90 28 ainsi.
1767 6769 46 28 La
1833 6767 132 37 passion
1982 6767 100 30 s'était

1170 6801 157 31 abaissée.
1342 6802 104 38 Après
1460 6804 79 28 cette
1558 6802 169 30 exaltation
1740 6803 40 30 de
1789 6802 167 37 plusieurs
1968 6803 96 30 semai-

1170 6841 69 31 nes,
1258 6837 27 30 la
1297 6836 99 37 jeune
1407 6839 67 28 fille
1488 6837 167 32 s'éveillait
1675 6839 96 35 lasse,
1786 6837 170 37 endolorie,
1977 6837 103 31 brisée

1172 6874 41 30 de
1220 6873 125 38 ce,long
1358 6874 109 32 délire.

1206 6909 44 30 Le
1261 6908 69 31 soir
1339 6909 43 30 de
1391 6917 61 22 son
1463 6909 126 32 arrivée
1604 6909 96 32 deLa
1708 6909 203 33 Bouillerie-à
1920 6909 107 30 14iûtel
2041 6911 40 28 de

1173 6945 133 34 Solame,
1324 6946 178 34 lorsqu'elle
1518 6952 35 22 se
1565 6948 156 27 .retrouva
1736 6946 99 34 seule,
1859 6946 27 30 la
1909 6946 50 28 vie
1972 6946 91 35 lurap-

1172 6981 93 34 p&rut
1286 6981 69 30 tout
1377 6980 18 30 à
1421 6987 81 34 coup
1528 6980 83 34 vide,
1638 6980 240 38 désespérante;
1910 6983 103 28 toutes
2027 6989 43 21 ses-

1166 7015 152 32 illusions
1332 7016 219 31 s'écroulaient
1560 7024 6 25 ;
1592 7024 52 21 ses
1658 7017 276 31 heures.d'amour
1949 7017 43 28 lui
2010 7017 57 28 lais-

1169 7050 104 28 saient
1285 7057 41 22 au
1343 7057 98 25 cœur,
1454 7059 46 22 un
1527 7057 87 25 amer
1642 7052 159 34 souvenir,
1826 7052 41 30 de
1876 7056 6 2 ~
1891 7051 129 35 l'ennui,
2035 7051 45 30 du

1170 7085 118 43 mépris
1303 7087 89 31 et.du
1402 7085 131 34 dégoût.

1205 7121 154 37 L'avenir,
1378 7122 112 35 qu'elle
1518 7122 201 35 envisageait-
1739 7122 139 35 naguère
1907 7129 77 25 avec
2016 7129 64 24 une

2137 5469 196 30 insouciante
2368 5467 180 33 confiance,
2574 5465 155 35 aveuglée
2753 5473 56 27 par
2837 5464 145 37 l'orgueil
3011 5465 38 28 de

2137 5511 59 21 son
2212 5503 261 37 personnalisme,
2486 5502 161 35 pantelait,
2657 5500 106 30 écrasé
2778 5502 39 30 de
2832 5502 69 27 tout
2915 5500 28 27 le
2959 5499 90 35 poids

2135 5541 40 25 de
2190 5539 31 26 la
2235 5539 85 26 faute
2333 5538 169 27 commise.

2171 5574 74 28 Puis
2259 5581 35 21 ce
2306 5574 61 33 Cut,
2382 5574 48 27 les
2463 5572 85 34 jours
2576 5571 56 37 qui
2662 5570 163 35 suivirent,
2856 5576 63 22 une
2940 5576 109 22 morne

2135 5609 156 33 tristesse,
2306 5615 65 21 une
2383 5608 139 27 affreuse
2538 5606 243 38 appréhension.

2165 5643 149 30 'Certains
2333 5642 123 28 indices
2480 5642 220 30 confirmaient
2727 5641 38 31 de
2789 5642 77 37 plus
2882 5647 39 22 en
2935 5641 72 35 plus
3021 5640 27 28 lo

2137 5679 145 25 malheur
2296 5678 143 26 redouté.

2137 5705 139 2 UIUIIIV/U1

2171 5714 87 28 Bette
2285 5712 194 35 remarquait
2505 5720 74 21 avec
2614 5713 125 27 terreur
2764 5711 171 28 l'affliction
2961 5711 39 28 de
3015 5717 33 25 sa

2138 5748 130 30 cousine
2276 5757 8 25 ;
2300 5748 59 28 elle
2375 5754 39 25 en
2431 5746 137 30 devinait
2593 5747 30 28 la
2646 5753 106 26 cause,
2769 5746 74 28 bien
2858 5752 63 28 que
2934 5746 96 28 Marce-

2139 5784 65 25 line
2219 5783 182 26 s'enfermât
2417 5781 80 27 dans
2507 5791 45 18 un
2569 5781 151 27 mutisme
2731 5780 142 28 -obstiné.

2171 5818 48 30 M.-
2233 5818 39 30 de
2287 5818 150 31 Presmes
2451 5818 66 27 vint
2543 5818 161 34 plusieurs
2725 5816 59 28 l'ois
2798 5823 125 21 avenue
2937 5816 39 28 de
2991 5816 46 28 Vil-

2135 5855 86 33 liers,
2238 5861 76 21 sans
2328 5854 66 28 être
2411 5859 85 26 reçu.
2511 5852 162 30 Laurence
2699 5850 72 30 était
2785 5850 178 38 également
2980 5857 53 22 con-

2137 5889 112 40 signée
2262 5889 19 28 à
2295 5889 30 27 la
2335 5889 103 34 porte.

2171 5924 77 28 Plus
2262 5930 60 33 que
2334 5922 117 37 jamais
2465 5922 169 30 Marceline
2647 5922 32 27 la
2693 5921 141 35 haïssait,
2854 5922 30 27 et
2900 5922 150 34 pourtant

2139 5959 59 28 elle
2211 5957 137 30 n'aimait
2363 5957 73 37 plus
2450 5957 132 30 Roland.

2171 5994 191 28 L'avait-elle
2372 5993 119 37 jamais
2505 5993 80 28 aimé
2594 5993 14 27 ?

2173 6030 27 27 A
2216 6027 99 34 Alain,
2333 6035 34 20 ce
2380 6027 102 37 grand
2509 6034 112 28 garçon
2654 6026 78 34 fade,
2751 6027 53 35 qui
2820 6026 43 30 lui
2880 6026 171 35 paraissait

2138 6070 182 27 ennuyeux,
2339 6063 151 35 incolore,
2519 6063 57 30 elle
2606 6070 38 22 ne
2673 6063 144 35 songeait
2841 6061 126 37 qu'avec
2980 6069 53 22 con-

2135 6098 138 25 trariété.

2173 6132 193 37 Cependant,
2400 6133 76 30 d'un
2511 6135 141 28 moment
2681 6133 20 30 à
2732 6131 118 34 l'autre,
2881 6131 60 30 elle
2956 6131 94 32 serait

2139 6168 124 35 obligée
2274 6176 57 26 par
2346 6175 60 25 son
2420 6169 64 28 état
2498 6170 40 27 de
2551 6170 164 34 l'accepter
2731 6175 80 28 pour
2824 6168 92 28 mari.

2173 6203 67 30 Elle
2256 6204 227 39 n'entrevoyait
2503 6203 119 30 d'autre
2639 6203 93 28 salut.

2172 6239 69 28 Elle
2252 6239 109 28 recula
2376 6239 38 28 de
2424 6240 76 34 jour
2516 6247 39 20 en
2564 6240 74 38 jour
2654 6240 80 28 cette
2750 6236 152 34 décision,
2921 6239 32 27 et
2967 6237 84 31 deux

2141 6273 161 30 semaines
2314 6273 168 35 passèrent
2493 6273 92 28 ainsi.

2174 6307 132 32 Octobre
2320 6314 193 28 commença,
2530 6307 20 30 il
2568 6307 87 32 fallut
2667 6315 37 22 se
2719 6307 100 28 hâter.

2173 6344 84 28 —Je
2284 6343 64 30 sais
2383 6345 78 32 tout,
2487 6344 33 35 je
2549 6343 198 37 comprends,
2766 6343 46 28 dit
2841 6341 84 31 enfin
2940 6343 107 35 Bette;

2139 6379 79 28 mais
2232 6379 99 34 parle,
2348 6379 97 35 parle,
2458 6385 45 22 ne
2516 6379 126 28 restons
2660 6386 56 28 pas
2732 6378 80 28 ainsi
2825 6379 7 27 !

2173 6413 169 31 Marceline
2354 6415 65 32 nia,
2437 6422 34 21 se
2483 6413 141 30 débattit.

2220 6449 47 28 Eh
2282 6449 76 28 bien
2372 6450 6 26 !
2395 6449 61 33 oui,
2474 6450 94 35 après
2584 6448 15 28 ?
2620 6449 171 34 cria-t-elle,
2811 6449 105 28 lassée
2931 6449 40 30 do
2985 6449 52 28 l'in-

2139 6484 138 30 sistance
2291 6484 77 30 delà
2380 6483 106 30 .vieille
2500 6484 74 34 fille,
2591 6484 148 37 qu'est-ce
2766 6491 63 30 que
2843 6487 34 28 tu
2889 6491 85 24 veux
2987 6491 63 30 que

2134 6520 46 35 j'y
2192 6521 85 27 fasse
2289 6519 13 28 ?

2173 6555 79 28 Mais
2270 6555 77 30 elles
2361 6555 124 32 avaient
2500 6562 41 24 eu
2559 6556 100 33 toutes
2689 6556 86 32 deux
2793 6555 30 30 la
2835 6555 105 31 même
2948 6555 74 32 idée
3039 6562 8 24 :

2137 6589 102 30 Alain.

2171 6625 146 32 Aussitôt
2334 6626 78 28 elles
2426 6626 143 31 s'étaient
2589 6626 184 35 comprises.
2891 6625 4 37 .

2158 6660 177 30 .Laurence
2357 6661 69 30 vint
2439 6670 115 22 encore
2564 6671 7 26 ;
2595 6663 79 30 cette
2805 6660 58 31 elle
2883 6661 58 32 .lut
2949 6667 97 30 reçue

2137 6703 77 22 avec
2229 6696 138 31 effusion
2381 6705 9 21 :

2216 6731 39 30 •Je
2265 6733 33 28 te
2314 6733 120 37 croyais
2450 6733 111 31 fâchée
2574 6735 14 28 ?

2171 6768 87 28 —■Et
2274 6770 164 35 pourquoi,
2456 6776 52 24 ma
2522 6770 93 37 petite
2629 6771 67 31 Lau
2707 6772 14 27 ?

2171 6803 79 30 Sans
2265 6804 115 34 tarder,
2396 6804 168 31 Marceline
2571 6807 117 28 aborda
2701 6808 30 27 la
2743 6802 148 40 question
2907 6809 6 25 !

2219 6839 81 35 Non,
2315 6840 33 35 je
2362 6841 81 28 serai
2454 6842 146 32 franche;
2620 6842 35 35 je
2672 6849 41 22 ne
2727 6842 123 31 voulais
2861 6848 58 31 pas
2934 6842 30 27 te
2978 6840 69 31 voir

2137 6873 40 30 de
2190 6881 79 28 peur
2294 6882 60 30 que
2381 6882 76 22 mon
2480 6876 107 28 amitié
2603 6883 79 30 pour
2709 6878 41 28 toi
2772 6885 41 21 ne
2832 6885 31 22 m
2875 6878 170 33 influençât

2132 6908 83 30 dans
2229 6909 26 28 la
2269 6911 118 35 grande
2401 6912 175 28 résolution
2591 6919 61 28 que
2661 6913 53 34 j'ai
2735 6913 94 34 prise.
2842 6913 47 28 Tu
2907 6913 66 28 n'es
2987 6920 57 28 pas

2133 6952 78 21 sans
2224 6946 104 27 savoir
2341 6953 64 28 que
2418 6948 56 26 ton
2490 6946 81 30 frère
2583 6953 19 22 a
2615 6953 46 22 un
2673 6946 93 31 faible
2780 6954 80 30 pour
2872 6947 74 31 moi.

2171 6980 94 28 —Un
2293 6981 102 34 grand
2421 6981 103 34 faible,
2555 6981 198 37 interrompit
2776 6984 163 27 vivement
2967 6984 58 27 Lau-

2135 7023 102 27 rence,
2255 7018 31 26 et
2295 7017 34 34 je
2341 7024 46 22 .ne
2411 7018 30 27 te
2467 7018 141 28 cacherai
2626 7024 56 28 pas
2709 7018 76 34 qu'il
2802 7018 119 28 m'écrit
2935 7018 107 28 lettres

2134 7057 57 21 sur
2218 7050 118 35 lettres,
2381 7058 61 28 que
2470 7054 103 28 toutes
2601 7055 73 27 sont
2696 7052 120 35 pleines
2855 7054 40 28 de
2921 7055 30 28 ta
2975 7061 52 28 per-

2134 7093 110 21 sonne.

2140 7121 2 37 .
2218 7122 37 28 Je
2284 7121 81 32 m'en
2393 7122 133 33 doutais,
2556 7124 30 27 et
2609 7123 33 34 je
2670 7123 158 32 redoutais
2855 7126 80 30 celte
2950 7123 93 32 confi-

3105 5464 113 34 denee;
3247 5464 21 28 il
3292 5471 21 28 y
3337 5472 19 21 a
3385 5463 156 38 quelques
3565 5463 103 35 jours,
3691 5461 71 28 hier
3777 5469 126 26 encore,
3917 5463 34 33 je
3967 5469 50 21 me

3106 5500 118 27 sentais
3240 5498 220 33 embarrassée
3474 5498 19 28 à
3508 5505 57 22 son
3579 5497 96 37 sujet,
3698 5497 34 34 je
3748 5497 157 35 craignais
3922 5504 41 21 ou
3978 5497 39 32 de

3106 5537 71 33 trop
3185 5533 177 30 m'aviincer
3378 5541 43 21 ou
3435 5533 38 28 de
3490 5533 27 28 te
3533 5532 78 28 faire
3621 5532 38 28 de
3677 5532 32 27 la
3722 5531 104 35 peine.

3187 5571 46 27 De
3246 5570 30 28 la
3287 5569 92 37 peine
3391 5569 15 25 ?

3189 5606 70 33 Oui,
3276 5606 27 26 si
3312 5603 112 35 j'avais
3438 5602 41 30 dû.
3496 5604 28 27 le
3536 5602 120 30 donner
3670 5608 63 24 une
3748 5601 165 31 mauvaise
3943 5609 57 21 nou-

3107 5640 116 25 velle...

3111 5665 112 4 ïuuw...

3138 5675 87 27 —Et
3236 5673 214 30 maintenant?
3467 5673 178 34 interrogea
3660 5672 288 28 anxieusement-la
3963 5670 35 30 ba-

3105 5717 102 22 ronne
3221 5717 40 20 en
3276 5715 43 21 ne
3331 5708 132 35 perdant
3476 5715 58 27 pas
3546 5707 59 27 des
3619 5713 85 28 yeux
3717 5713 61 21 son
3795 5707 92 26 amie.

3190 5745 202 32 Maintenant,
3410 5743 92 37 après
3528 5743 91 28 mûre
3643 5739 161 34 réflexion,
3829 5740 129 35 j'écarte
3986 5741 28 27 le

3106 5781 109 26 contre
3231 5779 30 28 et
3274 5779 32 34 je
3324 5778 93 30 laisse
3433 5778 103 35 parler
3553 5784 73 21 mon
3646 5784 97 26 cœur,
3774 5778 30 27 et
3828 5783 73 22 mon
3928 5784 86 21 cœur

3106 5815 46 25 dit
3168 5823 6 17 :
3191 5815 63 25 oui.

3142 5850 86 27 Mme
3241 5850 39 26 de
3289 5849 151 30 Presmes
3457 5855 37 22 se
3516 5846 151 39 précipita
3696 5848 80 28 dans
3802 5846 48 28 les
3880 5845 72 31 bras
3978 5845 37 30 de

3107 5884 180 27 Marceline.

3142 5911 27 1 VA*
3176 5911 111 1 VVAAAJ.V/»

3143 5920 44 28 Le
3201 5920 73 28 rêve
3289 5920 76 28 dont
3378 5919 30 30 la
3426 5917 97 37 jeune
3548 5917 117 30 femme
3692 5915 169 37 n'espérait
3895 5922 54 31 pas
3986 5916 28 27 la

3107 5954 190 34 réalisation,
3314 5956 70 32 trop
3400 5954 90 33 belle,
3507 5952 269 35 s'accomplissait.
3808 5952 102 32 Ainsi,
3925 5950 90 28 Alain

3107 5989 84 30 allait
3207 5989 137 35 épouser
3358 5989 80 28 cette
3450 5988 100 35 jeune
3566 5987 63 28 Aile
3657 5987 72 35 qu'il
3756 5986 109 28 aimait
3888 5987 77 32 tant,
3994 5986 20 28 il

3106 6025 85 28 allait
3204 6024 85 28 enfin
3304 6024 89 28 avoir
3407 6031 43 21 un
3467 6031 61 28 peu
3543 6021 39 31 de
3595 6022 145 28 bonheur
3756 6021 79 28 dans
3850 6020 30 28 la
3893 6020 52 30 vie
3952 6021 7 27 !

3143 6059 170 30 Marceline
3347 6059 74 27 était
3454 6065 61 21 une
3549 6058 175 27 excellente
3755 6056 141 30 créature
3913 6065 7 22 ;
3957 6063 58 22 sou

3107 6093 172 37 étrangeté,
3298 6093 113 37 qu'elle
3424 6092 162 31 attribuait
3600 6092 18 28 à
3632 6092 28 27 la
3677 6091 74 28 sève
3765 6091 193 28 exubérante
3974 6092 40 26 de

3111 6131 30 26 la
3150 6131 163 33 jeunesse,
3330 6137 34 20 se
3380 6129 189 34 dissiperait.
3598 6126 66 28 Elle
3687 6125 94 32 serait
3806 6133 61 21 une
3899 6126 116 28 femme

3110 6164 154 31 dévouée,
3280 6164 146 30 honnête.
3450 6164 90 28 Mme
3554 6163 39 30 de
3609 6162 144 28 Presmes
3782 6162 104 28 faisait
3909 6162 105 30 entrer

3111 6200 86 30 aussi
3211 6208 39 21 en
3267 6200 85 35 ligne
3367 6200 39 28 de
3419 6201 123 34 compte
3557 6198 28 28 la
3599 6198 132 34 fortune,
3750 6197 79 31 cette
3844 6196 69 31 aide
3930 6196 69 37 puis-

3110 6236 91 25 sante
3215 6235 39 26 de
3269 6236 84 25 toute
3371 6234 122 27 félicité.

3109 6261 91 4 guuvv
3215 6261 38 1 uv
3269 6261 83 2 vwui.v
3369 6261 125 1 ivuv»vv«

3141 6272 43 28 Sa
3195 6269 65 38 joie
3274 6269 138 31 déborda
3429 6276 39 22 en
3481 6269 125 34 larmes,
3622 6270 31 27 et
3666 6275 54 22 ces
3750 6268 116 28 larmes
3895 6267 118 30 douces

3107 6307 53 35 qui
3174 6306 40 28 de
3228 6313 52 21 ses
3293 6313 85 28 yeux
3387 6305 171 41 glissèrent
3574 6305 28 28 le
3619 6305 73 34 long
3705 6304 38 30 de
3757 6304 31 28 la
3796 6301 131 37 joue.de
3938 6302 57 28 Mar-

3104 6341 104 30 celine
3221 6340 165 31 laissèrent
3402 6340 198 30 indifférente
3614 6339 30 28 la
3653 6339 106 35 jeune.
3782 6338 73 28 fille.
3887 6337 126 30 Celle-ci

3106 6378 132 35 pensait,
3254 6377 104 30 tandis
3372 6384 63 28 que
3448 6376 30 30 la
3491 6376 141 30 baronne
3643 6373 219 32 l'embrassait,
3885 6372 112 31 l'enser-

3106 6413 60 27 rait
3178 6412 209 33 tendrement,
3404 6418 61 28 que
3480 6411 77 28 dans
3569 6418 56 21 ses
3638 6409 158 31 entrailles
3827 6407 97 31 vivait
3939 6407 72 37 déjà

3105 6455 45 22 un
3165 6448 67 28 être
3244 6446 159 37 engendré
3417 6455 56 28 par
3487 6454 58 22 son
3559 6445 79 30 mari
3647 6454 7 19 :

3189 6483 84 26 C'est
3283 6483 90 26 drôle
3385 6483 7 26 !
3411 6489 34 20 se
3458 6481 130 28 dit-elle.

3183 6520 91 28 Nous
3287 6517 100 31 allons
3404 6516 65 32 être
3483 6522 117 26 sœurs,
3619 6522 51 24 ma
3696 6515 115 33 chérie,
3837 6515 72 37 quel
3939 6515 54 30 bon-

3104 6554 80 30 heur
3198 6555 6 27 !
3228 6554 141 31 exclama
3381 6553 196 31 Laurence...
3591 6552 40 30 Et
3643 6550 120 31 Roland
3778 6552 7 27 1
3801 6549 84 32 C'est
3896 6549 44 32 lui
3954 6555 57 28 qui

3104 6595 39 24 va
3157 6591 66 28 être
3248 6591 143 31 content;
3420 6587 79 31 mais
3530 6587 22 28 il
3579 6587 66 30 faut
3671 6586 177 35 l'intriguer
3866 6585 107 35 quand
3989 6585 22 31 il

3104 6626 132 30 viendra
3249 6626 70 30 tout
3332 6625 18 28 à
3363 6625 129 30 l'heure.

3185 6659 71 34 Oui,
3270 6666 43 25 en
3326 6660 84 33 effet,
3425 6659 73 28 bien
3515 6659 137 33 content,
3744 6665 39 21 en
3807 6658 142 30 retenant
3969 6663 43 25 un

3104 6696 124 31 sourire
3241 6694 74 31 Mlle
3343 6696 40 31 de
3406 6693 136 37 Solame,
3569 6694 56 37 qui
3652 6689 39 34 né
3717 6692 123 31 doutait
3865 6698 58 31 pas
3951 6698 60 28 que

3103 6735 80 28 cette
3197 6732 138 38 épreuve
3351 6737 40 24 ne
3402 6730 51 32 fût
3463 6730 118 31 cruelle
3596 6736 81 31 pour
3690 6731 60 28 son
3767 6730 113 31 amant.

3137 6768 193 38 Cependant,
3346 6775 54 21 ces
3415 6765 124 38 paroles
3560 6764 180 32 éveillaient
3764 6770 37 25 sa
3823 6763 171 33 susceptibi-

3103 6802 71 37 lité;
3202 6803 59 31 elle
3288 6803 83 30 avait
3397 6802 77 33 écrit
3500 6803 19 28 à
3542 6802 41 30 M.
3614 6802 39 31 de
3677 6802 158 32 Presmes,
3856 6800 155 35 quelques

3096 6841 93 37 jours
3215 6841 203 37 auparavant,
3446 6846 35 21 sa
3506 6837 172 31 résolution
3709 6835 167 38 d'épouser
3909 6835 100 33 Alain,

3100 6883 76 22 sans
3193 6869 118 37 confier
3327 6882 43 25 au
3385 6874 109 39 papier
3508 6874 120 37 envoyé
3645 6881 39 24 au
3698 6870 72 37 cluii
3793 6870 69 31 rien
3876 6869 38 33 de
3930 6876 61 27 com-

3099 6913 201 34 promettant.

3135 6947 46 30 Ne
3196 6947 130 30 fallait-il
3339 6954 59 30 pas
3412 6946 74 39 qu'il
3502 6946 46 33 fût
3561 6946 142 39 prévenu
3720 6946 94 32 avant
3834 6944 175 37 Latence,

3099 6985 32 26 et
3145 6983 64 28 loin
3223 6983 98 35 d'elle,
3340 6992 80 27 pour
3432 6983 100 31 éviter
3548 6991 60 30 que
3625 6984 78 30 dans
3730 6987 63 26 une
3816 6984 144 34 surprime
3980 6977 30 32 le

3096 7018 167 37 désespoir
3274 7026 40 22 ne
3326 7019 28 28 le
3370 7019 115 30 trahît?

3125 7054 32 28 -Il
3174 7055 115 28 n'avnit
3302 7062 56 34 pas
3374 7054 143 37 répondu
3541 7055 20 28 à
3581 7055 83 30 cette
3693 7055 142 34 missive,
3852 7054 22 28 il
3892 7050 117 33 n'avait

3098 7095 58 30 pas
3167 7089 106 30 donné
3287 7091 91 32 signe
3392 7088 39 32 fle
3443 7090 61 35 vie,
3522 7090 84 30 alors
3620 7089 115 39 qu'elle
3745 7089 181 30 s'attendait
3939 7088 17 28 ù
3972 7089 37 27 Cô

3098 7130 71 31 ;me,
3189 7122 78 35 cette
3283 7127 70 34 fois,
3371 7124 21 30 il
3406 7126 97 35 forçat
3517 7127 30 28 la
3560 7127 90 37 porte
3665 7126 39 31 de
3718 7124 117 38 l'hôtel)
3857 7134 18 26 §
3894 7130 37 25 ce
3945 7129 63 32 que

4074 5478 58 22 son
4147 5471 234 33 ressentiment,
4398 5478 37 22 sa
4450 5471 135 33 jalousie
4600 5470 190 31 éclatassent
4805 5477 38 20 en
4857 5477 64 22 une
4935 5478 31 21 co-

4074 5506 64 28 lère
4153 5506 142 28 furieuse
4306 5513 8 25 ;
4332 5507 80 26 cette
4427 5505 70 32 idée
4522 5512 61 28 que
4611 5505 120 31 Roland
4757 5504 76 30 était
4858 5506 122 27 devenu

4072 5541 182 28 indifférent
4276 5548 43 21 ou
4333 5541 105 28 moins
4452 5541 84 35 épris
4550 5541 213 34 l'exaspérait;
4780 5539 59 28 elle
4852 5541 96 27 tenait
4963 5541 17 27 à

4072 5583 37 22 ce
4122 5575 74 38 qu'il
4209 5575 124 32 souffrît
4351 5575 39 31 de
4417 5583 34 20 ce
4474 5576 139 35 mariage
4641 5575 77 30 dont
4743 5574 59 28 elle
4827 5575 152 33 souffrait,

4072 5619 64 27 que
4149 5611 28 27 la
4192 5611 137 35 position
4345 5610 80 27 dans
4441 5609 133 35 laquelle
4590 5610 59 27 ell-e
4676 5609 73 28 était
4772 5608 169 37 l'obligeait
4962 5610 15 30 à

4072 5647 144 33 accepter
4232 5647 109 28 contre
4356 5652 60 21 son
4428 5644 66 34 gré,
4512 5646 107 27 contre
4633 5650 60 21 son
4709 5650 96 21 cœur.

4159 5680 46 28 Tu
4222 5680 83 30 crois
4318 5679 71 37 qu'il
4407 5686 39 22 ne
4461 5679 67 30 s'en
4544 5679 120 32 doutait
4690 5686 56 28 pas
4760 5686 43 22 un
4818 5686 61 31 peu
4891 5679 14 28 ?
4931 5679 31 30 de-

4072 5714 215 32 manda-helle
4302 5714 18 28 à
4333 5715 28 27 la
4376 5715 150 30 baronne.

4157 5750 34 28 Je
4206 5750 97 33 crois;
4331 5748 159 38 plusieurs
4521 5748 59 32 fpis
4593 5748 21 28 il
4629 5756 15 21 a
4665 5748 61 30 mis
4744 5756 37 22 en
4795 5750 93 27 avant
4902 5751 71 26 coltt

4072 5784 200 30 éventualité.

4154 5820 37 27 Et
4206 5820 92 33 qu'en
4310 5818 148 31 disait-il?

4108 5855 84 30 Mme
4205 5850 39 34 de
4256 5855 149 30 Presmes
4420 5854 96 30 éclata
4531 5855 38 31 de
4585 5855 61 31 rire
4659 5862 6 19 :

4155 5891 67 32 Que
4235 5889 102 30 c'était
4346 5896 43 25 un
4404 5889 99 35 grand
4517 5890 181 30 malheur...

4157 5924 80 33 Non,
4254 5924 239 33 sérieusement.,
4522 5924 170 30 trouve-t-il
4711 5923 144 35 qu'Alain
4883 5931 19 21 a
4924 5930 39 22 rai-

4072 5967 69 21 son.
4149 5959 15 37 ..
4181 5961 31 27 et
4226 5967 61 28 que
4298 5960 34 35 je
4342 5959 60 31 n'ai
4419 5966 57 28 pas
4491 5960 60 28 tort
4560 5959 15 28 ?

4153 5994 130 34 Roland,
4302 5996 34 26 tu
4349 6001 43 25 ne
4406 5994 150 35 l'ignores
4572 6001 67 27 pas,
4657 5993 81 28 n'est
4752 5994 149 35 expansif
4918 6002 60 27 qua

4075 6037 57 30 par
4146 6030 90 31 accès
4247 6038 6 24 ;
4285 6035 39 22 en
4345 6035 34 24 ce
4406 6030 150 32 moment,
4570 6028 22 32 il
4620 6030 46 28 est
4683 6028 72 34 plus
4769 6030 191 38 particulière-

4071 6066 87 28 ment
4174 6065 152 28 taciturne
4337 6072 6 24 ;
4372 6065 35 28 tu
4434 6064 63 30 sais
4496 6085 11 20 ;
4535 6063 109 38 ajoiila
4661 6063 32 27 la
4715 6063 148 33 baronne,
4889 6063 34 35 je
4949 6065 31 26 lo

4072 6106 183 28 soupçonne
4289 6099 119 30 d'avoir
4437 6098 146 35 toujours
4610 6105 44 22 un
4677 6097 79 37 petit
4779 6097 93 30 faible
4897 6105 83 28 pour

4071 6135 77 28 10i...

4106 6169 66 28 Elle
4187 6176 33 22 se
4234 6169 97 37 reprit
4345 6169 149 30 aussitôt:

4155 6206 78 27 Mais
4256 6206 33 34 je
4303 6204 165 28 n'attribue
4483 6211 56 28 pas
4554 6211 59 20 son
4628 6203 118 28 silence
4759 6202 19 30 à
4792 6210 35 21 ce
4843 6204 131 35 caprice.

4106 6240 168 31 Marceline
4290 6240 74 27 était
4388 6239 81 28 fixée
4496 6247 7 18 :
4535 6237 120 31 Roland
4672 6239 30 27 et
4716 6239 159 28 Laurence
4893 6240 66 28 souf-

4071 6274 112 30 fraient
4196 6283 7 25 ;
4221 6282 32 21 sa
4269 6274 90 30 fierté
4371 6281 40 20 en
4427 6273 46 30 fut
4483 6272 236 37 agréablement
4731 6273 156 28 caressée.

4107 6309 44 30 Le
4165 6309 115 37 timbre
4292 6309 178 33 annonçant
4485 6317 45 24 un
4556 6308 135 31 visiteur
4704 6308 138 28 résonna
4857 6308 79 31 dans
4949 6309 24 27 la

4069 6345 122 38 grande
4204 6352 78 22 cour
4296 6345 39 30 de
4352 6344 118 34 l'hôtel;
4501 6344 84 37 puis,
4604 6351 43 22 un
4670 6343 111 32 maître
4796 6343 113 30 d'hôtel
4928 6352 31 20 au-

4071 6387 102 26 uonoa
4191 6380 26 30 le
4234 6381 98 30 baron
4346 6380 39 31 de
4398 6380 157 32 Presmes.

4106 6416 26 28 Il
4147 6416 33 27 fit
4195 6422 61 24 une
4272 6415 106 32 entrée
4391 6413 65 33 très
4470 6413 249 34 cérémonieuse,
4739 6420 41 22 un
4807 6420 61 28 peu
4884 6413 90 34 gêné,

4070 6450 28 30 le
4126 6451 117 37 jegard
4264 6457 112 30 vague,
4406 6456 77 24 avec
4509 6457 44 24 un
4581 6450 100 33 rictus
4709 6455 63 25 aux
4804 6448 86 32 coins
4919 6449 53 32 des

4070 6485 113 30 lôvros.

4106 6522 119 35 Depuis
4239 6522 44 28 La
4294 6520 177 34 BouilLerie,
4488 6521 20 27 il
4535 6519 111 32 n'avait
4676 6526 56 30 pas
4759 6526 78 22 revu
4861 6520 111 28 Marca.

4070 6557 72 27 line.
4157 6556 26 27 Il
4200 6550 157 39 tremblait
4368 6550 40 37 de
4417 6556 33 32 là
4460 6556 161 35 regarder.
4630 6555 43 31 Le
4685 6562 59 21 son
4757 6555 39 28 de
4809 6556 30 26 la
4851 6555 74 28 voix
4938 6556 33 28 dï

4071 6591 72 31 Mlle
4159 6591 39 30 de
4208 6591 125 32 Holame
4350 6591 43 28 lui
4414 6591 105 34 donna
4547 6598 41 22 mi
4615 6589 177 31 étourdisse
4796 6591 94 33 ment,
4920 6596 52 22 se»

4069 6628 161 28 membres
4263 6634 35 21 se
4328 6625 236 31 contractèrent.
4579 6626 77 30 Mais
4677 6625 20 30 il
4727 6632 35 20 se
4781 6624 136 34 domina,
4933 6628 39 31 et*

4068 6671 77 22 avec
4159 6670 64 25 une
4239 6661 135 35 certaine
4398 6659 226 39 de^pvoiture,
4654 6661 21 30 il
4704 6659 45 30 dit
4775 6659 18 31 à
4822 6659 27 33 la
4873 6661 99 35 jeûna

4068 6698 63 30 fille
4144 6707 7 20 :

4098 6733 99 30 —Eh
4208 6732 5 43 ;
4214 6733 71 32 bien
4296 6733 6 30 !
4317 6732 234 43 mademoiselle
4765 6732 91 27 —et
4871 6732 19 27 il
4922 6739 35 27 ap-

4067 6777 85 30 puya
4166 6777 57 26 sur
4235 6777 52 22 ces
4303 6767 85 32 deux
4401 6770 81 28 mots
4565 6774 81 24 vous
4672 6774 39 21 ne
4739 6767 123 30 boudez
4874 6767 72 38 plus
4959 6772 14 22 r

4067 6807 156 34 Qu'est-ce
4235 6811 61 31 que
4313 6811 79 26 nous
4413 6810 80 31 vous
4506 6803 111 37 avions
4632 6802 80 30 donc
4729 6802 54 30 fait
4792 6802 14 27 ?
4814 6800 5 43 '

4152 6841 73 30 Mon
4238 6841 77 28 cher
4726 6836 123 34 blessée
4877 6836 39 33 de
4941 6844 33 22 et

4067 6879 56 28 ion
4137 6878 154 35 ironique,
4304 6876 40 30 de
4356 6875 124 37 coVlejç
4483 6870 103 51 veillé
4603 6873 353 38 quilmparaissaitiu-

4067 6913 198 38 tempestive,
4277 6919 53 28 jai
4346 6919 44 22 un
4400 6911 157 31 caractère
4571 6908 70 35 trop
4654 6907 98 35 élevé,
4769 6906 67 39 trop
4850 6907 107 34 au-des-

4065 6956 58 26 sus
4139 6948 45 35 du
4196 6948 161 40 qofui|Wß.
4371 6948 73 39 .MSOP
4450 6943 281 45 JPWtéAVffito
4744 6943 40 51 4g
4802 6943 66 34 M>ut
4870 6963 8 15 #
4893 6948 83 31 pour

4067 6993 117 27 songer
4192 6990 116 31 .ramais
4341 6983 41 31 de
4416 6981 58 33 tels
4508 6984 115 27 eiilanu
4631 6986 106 33 nages.
4760 6978 125 30 Louder
4898 6981 8 25 t
4936 6979 39 28 M

4063 7022 157 37 pourquoi
4234 7020 13 28 ?

4052 7068 11 38 :
4252 7069 94 50 ..1
4511 7069 193 53 iCOTS'p
4728 7074 164 38 CA-TERS,

4157 7121 44 34 (A
4217 7119 143 37 suivre.)

2306 189 107 40 LE
2467 188 289 41 MATIN

4430 184 141 48 Pims,
4596 187 27 40 2
4643 189 130 39 AVRIL
4800 185 102 41 1893

291 207 8 35 3

821 724 135 40 ifyd^Jjiy

567 809 7 13 y
580 798 50 24 hW
634 790 54 32 »?8l

567 817 122 37 i(ii™

689 826 15 32 ii
728 841 6 7 *
741 826 80 32 mi'

821 788 135 32 IF?nLMW

827 817 129 40 rÇJPJH

1041 2590 76 15 Jeudi
1126 2591 27 14 30
1195 2587 130 19 Vendredi
1336 2588 25 18 31
1384 2585 106 20 {Samedi
1545 2585 2 20 *

1563 2575 191 31 RnHsfflSïTOl

1002 2655 4 53 I
1025 2674 22 25 a
1159 2673 18 34 g
1211 2672 19 35 g
1261 2687 21 19 w
1342 2668 18 40 g
1389 2655 24 48 à
1460 2655 5 53 .
1522 2667 26 40 g.

1028 2700 20 30 S
1077 2709 51 18 moi
1157 2699 18 27 §5
1211 2698 18 28 S
1290 2707 67 17 -h,®
1391 2711 19 13 b
1442 2706 24 19 (S
1473 2698 2 32 1

1030 2732 18 14 «
1155 2714 21 32 s
1212 2730 18 14 «
1260 2724 24 22 K
1323 2726 34 27 'g
1393 2726 18 13 «
1518 2724 21 30 a

1026 2747 21 19 CQ
1141 2741 4 31 ;
1153 2748 24 18 H
1205 2746 25 17 '<B
1322 2741 2 31 i
1337 2745 20 18 f
1389 2741 21 18 w
1518 2743 21 18 S*

1579 2666 24 26 ;s
1605 2666 4 26 :

1585 2693 17 14 o

1579 2708 31 13 ■u.

1583 2725 19 14 es

1580 2739 21 19 m

1657 2668 17 13 Û>

1655 2683 19 25 fi

1654 2711 20 24 «5

1657 2735 17 15 o

1709 2665 15 26 s
1749 2665 2 26 ■

1709 2692 15 13 t4

1709 2707 17 13 V

1702 2722 22 17 a

1703 2741 21 18 H

1013 2817 39 21 780
1091 2817 24 24 S
1154 2816 26 21 30
1195 2815 40 21 780
1272 2815 22 22 a
1337 2812 26 21 30
1378 2811 39 20 7S0
1460 2813 21 22 5
1520 2810 26 21 30

1567 2809 40 21 780

1649 2810 21 14 m

1709 2809 27 22 30

1093 2846 22 20 =
1274 2845 24 31 S
1457 2845 24 28 5

1645 2850 25 20 c

1013 2942 40 22 770
1091 2937 24 22 5
1154 2942 27 21 20
1196 2940 39 22 770
1271 2934 27 22 5
1337 2937 26 24 20
1377 2935 40 22 770
1457 2931 24 24 5
1520 2935 27 24 20

1570 2935 40 20 770

1646 2937 25 22 S

1710 2935 26 22 20

1093 2975 22 6 _
1276 2972 22 6 —

1277 2986 21 5 ~
1460 2986 20 15 zu

1648 3006 22 18 m

1093 3031 24 26 ■E
1274 3050 24 6 ~
1460 3046 20 7 --

1641 3031 32 26 H

1731 3033 4 5 '

1015 3069 41 24 760
1091 3065 25 24 S
1154 3066 26 24 10
1198 3067 37 21 760
1273 3064 24 21 B
1335 3065 27 21 10
1376 3063 41 24 700
1457 3069 21 24 5
1519 3063 27 22 10

1567 3061 40 22 760

1625 3077 13 15 r
1644 3066 24 24 S

1709 3061 25 24 1G

1093 3143 22 5 —
1274 3138 22 7 ~
1459 3137 21 7 ~

1630 3129 40 27 1~

1456 3163 21 6 —•

1630 3156 9 25 |
1648 3163 21 5 —

999 3182 5 44 J
1013 3202 41 22 750
1089 3194 27 31 5
1165 3202 14 21 0
1194 3201 40 21 750
1272 3198 21 15 ■
1346 3201 15 21 0
1376 3198 39 22 750
1454 3197 22 22 S
1530 3198 14 21 0

1567 3197 40 22 750

1643 3196 26 14 m

1720 3200 14 20 0

1273 3241 22 6 _
1320 3231 4 15 <
1359 3231 1 15 -
1546 3231 1 15 .

1644 3240 25 19 z.

1272 3272 22 26 H
1455 3292 20 5 ~

1606 3273 2 9 :

1012 3327 43 22 740
1090 3331 22 21 5
1152 3328 27 24 10.
1193 3326 40 21 740
1271 3326 22 24 S
1332 3326 27 20 10
1372 3324 41 21 740
1454 3326 20 21 S
1515 3325 27 20 10

1566 3324 40 22 740

1644 3318 22 22 5

1706 3321 27 25 10'

1091 3359 21 6 —
1272 3357 19 5 —
1454 3354 20 6 ~

1644 3357 26 6 —

1093 3374 20 4 ~
1272 3383 20 4 —
1433 3374 15 14 S
1454 3381 20 5 —

1566 3390 41 21 735

1625 3411 64 39 S

1695 3389 67 81 ËJi

1000 2053 19 20 B
1033 2055 21 18 ■
1084 2055 32 18 M
1149 2054 21 18 ■
1224 2053 54 30 GSFY
1311 2054 102 19 SOURCE
1423 2053 52 20 DES
1485 2047 272 28 BERNARDINS,

1003 2073 50 41 ■f
1080 2073 43 41 H
1149 2073 21 41 I
1312 2080 92 34 prime
1421 2078 39 26 du
1482 2076 115 31 Matin,
1611 2076 33 26 15
1658 2078 99 24 francs

1004 2104 44 30 ■f
1072 2104 20 31 J
1113 2104 19 31 1
1152 2104 19 31 M
1312 2104 30 31 îa
1357 2109 97 25 caisse
1462 2108 34 26 de
1504 2108 32 25 50
1546 2108 163 26 bouteilles.
1720 2108 39 25 Le

1004 2134 39 35 W
1148 2134 59 33 k
1220 2137 60 31 %r
1305 2140 70 35 jport
1395 2139 27 31 (5
1434 2139 100 26 francs
1560 2144 76 26 pour
1661 2138 98 31 JParis)

990 2173 46 26 est
1048 2178 39 21 en.
1101 2177 54 21 sus
1168 2172 30 25 et
1206 2170 128 34 payable
1343 2171 18 26 à
1372 2171 28 25 la
1413 2170 148 32 réception
1573 2169 35 26 de
1616 2170 30 25 la
1652 2167 105 26 caisse.

993 2204 142 26 Adresser
1147 2203 46 25 les
1209 2202 195 25 commandes
1431 2199 233 32 accompagnées
1691 2199 67 26 d'un

991 2235 221 31 mandat-poste
1227 2238 38 20 au
1280 2232 113 25 Service
1400 2231 56 25 des
1465 2231 113 26 Primes
1591 2231 38 26 du
1639 2231 119 32 journal

990 2265 28 25 le
1032 2264 116 30 Matin,
1161 2264 41 30 19,
1217 2269 53 20 rue
1284 2262 207 32 d'Argenteuil.

4219 306 211 81 QUAND
4450 304 83 74 ÛN
4569 309 118 71 EST
4710 309 273 71 ATTEINT

4217 390 45 25 De
4281 389 150 27 faiblesse
4456 397 169 26 nerveuse,
4651 393 155 32 générale,
4831 392 138 26 constitu-

4227 425 154 27 tionnelle
4396 432 43 20 ou
4452 426 141 33 acquise,
4602 426 161 27 vieillesse
4774 426 196 33 prématurée

4218 464 106 31 Quand
4338 471 39 20 OB
4394 464 46 27 n'a
4456 472 39 25 pu
4511 467 99 31 guérir
4625 472 52 26 par
4693 474 110 26 aucun,
4814 468 170 26 traitement

4370 502 126 26 médical
4509 509 39 19 ou
4563 503 261 32 pharmaceutique

4324 542 43 24 IL
4398 543 109 25 FAUT
4540 543 48 24 SE
4622 543 257 26 SOUMETTRE

4459 586 35 19 KV
4507 583 172 20 TRAITEMENT
4694 587 51 17 PAR

4271 618 282 35 L'EXTRAIT
4611 619 320 43 ORGANIQUE

4218 665 124 33 Préparé
4361 672 54 26 par
4436 667 86 26 R.-S.
4545 667 154 31 Fabaron,
4713 666 216 32 pharmacien
4944 667 39 26 d«

4220 697 39 30 <*»
4277 700 106 31 classe,
4407 703 83 25 selon
4514 703 31 25 la
4569 700 137 28 méthode
4722 704 34 30 ,et
4778 702 43 26 les
4835 702 148 31 principes

4218 737 126 30 exposés
4354 742 57 26 par
4426 737 67 26 MM.
4507 737 43 26 les
4563 738 187 31 professeurs

4231 780 384 35 BROWN-SEQUARD
4638 784 32 26 et
4690 782 278 30 D'ARSONVAL

4253 855 41 27 M.
4311 856 80 28 R.-S.
4409 856 195 38 FABARON,
4622 856 201 38 pharmacien
4853 857 38 28 de
4920 863 47 28 pre-

4220 889 96 30 mière
4337 891 112 34 classe,
4473 891 44 34 36,
4543 899 58 21 rue
4623 892 200 32 Saint-Rooh,
4846 892 19 27 à
4880 893 102 33 Paris,

4219 925 131 35 expédie
4362 928 109 27 contre
4479 934 50 20 .un
4546 928 229 34 mandata-poste
4791 928 38 26 de
4844 927 17 27 5
4876 927 104 30 francs

4220 967 43 20 un
4277 961 74 27 tuba
4364 961 116 28 d'essai
4496 963 31 28 et
4540 961 30 30 la
4584 961 151 31 méthode
4756 967 80 31 pour
4858 961 124 30 obtenir

4220 1002 61 22 une
4296 994 274 37 guérisenïapide
4586 999 31 27 et
4631 998 150 28 certaine.
4798 1026 8 5 ,

4313 4635 22 43 i
4349 4635 196 43 =ft;H
4557 4635 18 43 :
4589 4635 394 43 MJiismmà

4222 4727 168 24 fItftBSESTGBE
4398 4727 25 17 de
4433 4726 106 18 MENAGE
4546 4728 20 20 p'
4572 4727 81 21 dessert,
4662 4727 24 17 de
4693 4727 25 19 J*
4726 4726 123 22 NEGRE,
4856 4727 12 17 à
4876 4727 104 18 GRASSE.

4222 4744 112 24 Chulilrl
4344 4748 51 18 Seau
4402 4747 24 19 de
4431 4748 14 18 3
4453 4748 51 18 kilos
4511 4748 52 19 sfr„;
4571 4748 17 18 5
4594 4748 52 18 kilos
4654 4748 45 18 Bfr.
4706 4748 33 19 50
4744 4749 70 17 contre
4822 4748 157 19 Mandat-Poste.

4222 4786 758 73 VÏNcocAGHEVRIERWs.tœst

4717 4900 20 25 à
4748 4902 198 24 MMtltOM

4680 4931 176 25 t'liàteuois
4861 4932 111 31 (Alsace
4976 4946 6 4 -

4680 4963 46 25 1-.JO
4730 4962 161 26 chambres.
4902 4963 79 30 Pros)

4678 4998 51 26 pce
4754 4993 31 32 I°.
4789 4994 21 24 1)
4815 4998 7 11 r
4828 4993 119 26 110ES,K
4952 4993 27 32 K.

4826 5112 154 53 MÉSÊÈ.

4426 5212 354 21 A3VÎSTBRDAM

4256 5246 159 40 CURAÇAO,
4424 5248 167 33 ANISETTE,
4597 5248 132 28 CHERRY
4744 5246 144 33 BRANDY,
4902 5248 54 27 etc.

4254 5289 99 40 Dépôt
4370 5289 126 40 unique
4517 5297 12 25 :
4550 5289 34 39 2,
4607 5289 67 33 Rue
4694 5288 122 41 Auber,
4841 5287 112 35 PARIS

4313 5329 285 35 EXPÉDITIONS
4615 5337 53 26 EN
4684 5336 217 27 PROVINCE
