5123 7401
109 306 178 34 cßez'rïous
304 320 33 4 -
354 302 139 30 conclut,-
507 307 47 21 en'
578 306 35 20 ce
643 305 53 28 qiu
724 301 156 22 concerne

109 344 92 27 oella.
206 339 136 31 colonie.
353 339 18 26 à
380 334 224 31 J'inteMUétien
621 332 133 28 absolue»
770 333 31 26 et
830 331 34 28 dé-

109 371 122 37 finitive
243 376 39 27 de
286 371 256 34 .l'immigration.

143 411 66 30 jLes
226 409 143 35 rapports
384 405 41 30 de
439 407 50 26 cet
503 405 94 34 agent
612 405 74 26 sont
703 409 120 22 arrives
839 407 39 20 en

106 444 191 32 Angleterre
311 442 90 34 juste
422 449 43 21 au
487 439 142 27 moment
643 437 44 28 où
702 437 67 27 lord
782 437 77 26 Lans-

107 483 118 28 downo
242 477 86 28 allait
340 477 133 30 délivrer
494 472 228 30 l'autorisation
745 470 113 27 d'immi-

105 517 126 35 gratioti
249 515 80 33 pour
345 511 28 28 la
385 509 158 30 Réunion.
567 506 240 31 L'autorisation
831 504 47 30 fut

107 548 197 37 suspendue.

141 586 81 27 Mais
249 582 41 28 M.
311 581 163 31 .Jousselin
489 580 102 27 obtint
604 586 43 28 qu
658 586 44 21 un
717 576 94 35 agent
826 582 35 20 an-

105 620 81 37 glais
201 618 98 31 sentit
314 617 120 34 envoyé
448 617 79 27 dans
544 614 28 28 la
587 613 123 28 colonie
720 612 156 32 française

105 663 83 30 pour
203 654 77 30 faire
308 659 59 20 une
392 652 138 34 enquête
543 648 172 31 officieuse.
733 646 85 27 C'est
831 652 46 21 un

56 713 6 5 .
106 687 78 32 haut
196 686 231 32 fonctionnaire
439 693 91 20 —un
552 684 39 28 de
612 692 53 20 ses
681 680 178 31 sous-secré-

106 726 93 28 taires
214 724 100 28 d'Etat
330 722 39 28 de
384 720 97 30 l'lnde
489 718 148 38 —qu'est
643 718 138 28 dévolue
794 717 83 27 cette

106 761 143 30 mission.
267 759 45 28 La
333 757 148 28 conduite
510 757 39 27 de
576 755 67 28 lord
673 752 203 31 Lansdowne

105 802 71 24 sera
191 796 161 26 conforme
369 798 65 22 aux
461 789 202 31 conclusions
690 789 39 28 de
756 787 119 35 l'agent

105 829 132 35 anglais.
252 829 31 30 Si
296 828 124 27 celui-ci
448 827 119 35 penche
580 833 83 28 pour
677 823 195 32 le.maintien

106 866 41 28 du
162 865 99 30 statu
273 868 78 31 q-uo,
369 861 78 30 c'est
457 868 43 22 un
517 868 81 28 coup
621 859 139 31 sensible
789 866 80 27 pour

106 900 27 30 la
148 900 155 27 Réunion.

139 935 43 30 Le
198 933 227 30 fonctionnaire
441 933 122 34 anglais
579 932 72 27 doit,
665 931 120 28 arriver
800 935 72 24 vers

107 971 25 27 le
148 971 37 27 10
196 972 61 26 mai
282 970 59 28 àla
353 967 154 30 Réunion.
537 967 45 27 On
613 967 76 34 peut
713 966 93 34 juger
833 965 39 27 de

109 1005 130 28 ('intérêt
260 1011 63 30 que
344 1011 61 21 nos
426 1002 223 37 compatriotes
672 1000 157 31 attachent
853 999 19 28 à

110 1049 27 20 •ia
154 1039 102 30 visite.

259 1134 182 47 THÉÂTRE
463 1137 248 41 ANARCHISTE

113 1224 169 28 Nouveau
311 1232 15 18 «
347 1221 85 30 clou
457 1230 17 18 »
500 1218 202 32 londonien
788 1215 83 31 Une

161 1260 104 38 pièce
291 1261 50 30 du
365 1266 233 32 compagnon
622 1257 137 30 Malato

222 1303 138 28 Auties
387 1298 219 33 attractions
698 1297 51 30 Le

286 1350 14 19 «
315 1341 145 28 Cochon
493 1338 146 30 boxeur
654 1346 30 21 ».

135 1433 156 33 LONDRES,
304 1431 47 27 lv
369 1429 87 30 avril.
521 1429 71 27 Par
615 1429 40 32 fil
677 1426 142 35 spécial.

103 1468 159 31 L'homme
276 1467 59 33 est,
350 1467 39 27 de
405 1473 35 21 sa
456 1466 122 32 nature,
599 1469 44 21 un
669 1461 115 30 animal
813 1461 52 35 qui

103 1505 45 28 rit.
162 1505 40 27 Et
216 1501 26 32 si
257 1501 150 30 farouche
422 1499 90 37 qu'ils
524 1498 187 38 paraissent,
722 1498 47 28 les
780 1505 71 21 anar-

102 1539 116 30 chistes
231 1537 139 35 réfugiés
385 1537 18 28 à
417 1535 152 33 Londres,
579 1533 19 28 à
611 1533 31 28 la
653 1534 81 28 suite
749 1533 57 28 des
816 1540 33 21 ex-

102 1573 141 38 plosions
272 1572 40 30 de
345 1570 60 31 l'an
433 1570 135 35 dernier,
598 1572 72 26 sont
697 1567 169 31 demeurés

100 1610 146 30 hommes
262 1609 39 28 de
317 1616 34 21 ce
367 1605 120 32 côté-là.
504 1607 44 28 Ils
560 1605 155 28 viennent
728 1604 39 28 de
780 1604 87 28 créer

102 1652 40 21 un
157 1644 131 33 théâtre,
304 1651 52 26 ou,
374 1650 79 30 pour
470 1643 107 27 mieux
591 1639 77 35 dire,
681 1648 63 22 une
754 1642 111 34 troupe

102 1681 149 28 théâtrale
265 1680 54 35 qui
335 1688 19 20 a
367 1677 156 38 inauguré
531 1684 53 24 ses
593 1676 272 37 représentations

99 1715 28 31 le
138 1716 37 31 27
187 1722 85 24 mars
287 1715 19 28 à
321 1715 129 28 Grafton
462 1714 81 28 Hall.

133 1754 45 27 Le
191 1753 86 34 local,
296 1750 151 37 spacieux
469 1748 162 37 rectangle
657 1750 207 34 comprenant

102 1789 137 34 parterre
254 1789 31 27 et
300 1786 154 35 première
470 1786 128 35 galerie,
624 1787 77 33 peut
723 1783 142 30 contenir

99 1824 132 28 environ
247 1821 85 30 mille
346 1828 185 28 personnes.
546 1820 26 28 Il
589 1820 73 27 était
676 1820 19 28 à
709 1826 64 28 peu
790 1818 74 37 près

99 1852 128 41 rempli,'
239 1865 33 21 ce
286 1857 117 34 soir-là,
431 1857 74 27 d'un
531 1854 107 41 public
659 1856 57 28 des
732 1853 73 37 plus
821 1853 31 28 bi-

98 1900 106 21 zarres
221 1903 6 18 :
244 1892 78 30 Miss
337 1892 66 35 Jay,
420 1898 44 21 un
484 1890 138 30 écrivain
643 1890 66 28 très
723 1889 142 35 répandu

98 1936 40 21 en
152 1929 197 34 Angleterre,
364 1928 183 28 belle-sœur
563 1925 38 28 de
614 1925 117 30 Robert
744 1924 100 28 Bucha-

97 1970 74 27 nan,
191 1963 28 30 le
231 1963 92 37 poète
339 1964 31 26 et
381 1963 113 27 auteur
510 1962 197 34 dramatique
720 1959 27 28 si
767 1967 99 30 popur

98 1998 76 28 laire
188 2007 40 21 au
241 1997 70 31 delà
325 1997 38 28 de
379 1997 30 28 la
422 1997 136 28 Manche
568 2004 8 25 ;
606 1995 48 30 les
681 2002 167 30 correspon-

99 2035 92 28 dants
207 2035 43 27 du
269 2035 129 33 Temps,
428 2033 39 28 de
493 2030 300 37 Vlntransigeant,
821 2030 44 28 du

99 2068 159 35 Gilßlas,
275 2068 44 28 du
337 2068 164 30 Corriero
516 2068 35 27 di
570 2068 141 33 Napoli,
732 2066 132 28 nombre

98 2105 37 28 de
148 2104 207 35 journalistes
379 2102 133 35 anglais,
540 2101 40 28 de
606 2101 144 30 notables
778 2108 65 21 com-

97 2141 158 31 merçants
269 2139 31 28 et
314 2139 87 27 aussi
417 2138 155 34 quelques
588 2139 112 33 agents
715 2137 39 28 de
769 2137 31 28 la
811 2144 35 28 po-

97 2176 59 30 liae
172 2174 119 30 secrète
307 2173 143 35 anglaise
480 2176 31 25 et
534 2172 165 33 française,
718 2179 34 20 se
780 2172 67 27 trou-

97 2211 105 28 vaient
215 2210 39 34 là,
272 2209 70 28 côte
359 2209 19 28 à
404 2207 70 30 côte
501 2213 77 22 avec
602 2207 118 28 Louise
733 2205 129 35 Michel,

98 2246 141 34 Merlino,
274 2244 164 30 Malatesta
470 2244 32 27 et
527 2244 109 26 autres
663 2242 197 28 anarchistes

98 2281 190 28 théoriciens
302 2282 30 27 et
345 2280 181 37 praticiens.

132 2316 103 28 Avant
249 2315 39 30 de
302 2315 100 28 servir
432 2315 39 28 de
500 2314 78 30 salle
591 2314 39 28 de
652 2313 124 30 théâtre
803 2320 63 22 aux

97 2352 206 33 anarchistes,
339 2352 130 27 Grafton
483 2350 72 27 Hall
586 2356 18 20 a
638 2348 51 28 été
725 2348 142 34 chapelle

98 2386 215 35 évangélique.
328 2386 24 27 0
365 2385 206 28 vicissitudes
582 2383 56 30 des
654 2385 115 28 choses
787 2385 7 27 1

216 2437 241 35 Programme
480 2434 52 30 fin
555 2433 46 31 de
624 2433 124 31 siècle.

130 2485 44 32 Le
191 2494 200 30 programme
404 2486 39 28 de
458 2486 30 27 la
502 2485 103 30 soirée
620 2485 188 37 comportait
822 2492 43 22 un

98 2524 175 27 vaudeville
289 2530 40 20 en
345 2531 44 19 un
402 2523 78 32 acte,
501 2522 45 28 du
559 2528 196 28 compagnon
771 2520 76 28 Char-

97 2559 46 27 les
158 2558 123 33 Malato,
299 2557 57 27 des
371 2563 172 22 morceaux
555 2556 39 27 de
611 2556 150 34 musique
780 2557 32 26 et
826 2557 39 27 de

96 2594 96 28 chant
217 2593 102 30 suivis
345 2593 76 28 d'un
446 2589 176 31 intermède
651 2590 159 35 comique,-
836 2590 28 28 le

97 2629 132 30 Cochon
244 2620 144 41 boxeur,
411 2634 64 21 une
491 2626 187 30 conférence
692 2626 39 30 de
745 2627 118 32 Louise

96 2663 123 34 Michel,
236 2670 63 22 une
311 2662 183 37 apothéose,
508 2662 31 27 et
559 2661 84 28 enfin
654 2669 45 20 un
712 2661 61 28 bal.

131 2700 83 27 Pour
228 2699 98 28 éviter
338 2698 119 28 d'avoir
472 2696 104 30 maille
592 2695 19 28 à
625 2696 97 34 partir
742 2704 77 21 avec
833 2696 31 28 la

96 2740 136 22 censure
249 2733 151 34 anglaise,
413 2732 47 28 les
474 2731 248 37 organisateurs,
738 2732 126 27 imitant

97 2777 38 21 en
169 2770 67 27 cela
273 2769 30 27 le
337 2767 157 28 directeur
527 2766 44 30 du
609 2765 249 34 Théâtre-Libre,

94 2804 126 28 avai'ent
235 2802 104 30 donné
352 2803 18 28 à
385 2803 30 28 la
429 2802 252 35 représentation
696 2809 61 21 une
768 2810 74 27 appa-

94 2846 93 20 rence
203 2837 202 30 absolument
416 2837 118 35 privée.
569 2836 155 28 N'elaient
748 2836 111 34 admis,

96 2874 74 28 sauf
200 2874 46 28 les
279 2871 99 31 frères
409 2872 32 28 et
467 2871 91 33 amis,
575 2878 61 34 que
651 2871 47 30 les
713 2872 148 34 porteurs

96 2909 73 28 d'un
194 2909 301 34 billet-programme
516 2907 69 28 coté
614 2906 18 30 à
656 2907 31 28 la
711 2907 150 35 modique

96 2950 123 22 somme
234 2941 39 33 de
302 2942 80 28 neuf
391 2948 100 30 pence
506 2942 46 35 (90
580 2941 164 37 centimes)
775 2943 31 27 et
831 2942 30 28 le

96 2980 189 33 contrôleur,
301 2978 141 28 nihiliste
471 2985 39 21 en
522 2978 133 34 rupture
677 2978 40 28 de
731 2976 128 34 Sibérie,

97 3013 96 30 tenait
224 3014 28 28 la
286 3013 86 27 main
391 3020 77 20 avec
500 3011 130 30 fermeté
656 3012 19 28 à
692 3019 35 21 ce
743 3019 63 28 que
833 3013 31 27 la

96 3050 103 28 caisse
210 3057 40 21 ne
265 3048 48 28 fût
325 3056 57 28 pas
396 3046 146 31 frustrée.

131 3085 43 26 Ce
184 3085 80 27 n'est
280 3091 67 33 pas,
363 3090 81 21 nous
470 3083 119 28 devons
619 3083 149 33 l'avouer,
785 3090 76 22 sans

98 3126 61 21 une
172 3118 149 30 curiosité
334 3118 18 28 à
378 3118 135 34 laquelle
542 3124 34 21 se
606 3118 106 28 mêlait
729 3125 45 20 un
800 3125 63 26 peu

97 3154 272 37 d'appréhension,
394 3159 63 28 que
487 3161 84 20 nous
607 3161 99 21 avons
735 3152 129 37 pénétré

96 3189 80 28 dans
194 3189 30 27 le
247 3188 129 35 temple,
404 3195 83 20 nous
515 3188 113 27 allions
659 3188 98 28 écrire
784 3189 80 27 dans

96 3224 118 33 l'antre,
229 3224 38 28 de
282 3223 30 27 la
324 3222 200 37 Melpomène
539 3222 187 30 anarchiste.
739 3223 64 28 Des
816 3230 33 21 ru-

97 3267 107 20 meurs
219 3266 92 21 assez
331 3256 215 37 inquiétantes
573 3259 135 33 avaient,
725 3266 39 20 en
781 3259 83 33 effet,

96 3294 129 30 circulé.
246 3293 158 34 Quelques
433 3300 216 33 compagnons
672 3293 193 28 insensibles

96 3337 64 21 aux
174 3330 148 28 charmes
347 3328 39 27 de
415 3326 200 38 l'esthétique
638 3327 149 30 nouvelle
816 3328 34 27 de-

96 3364 116 34 vaient,
228 3371 83 21 nous
337 3363 137 28 avait-on
490 3363 54 34 dit,
572 3370 37 21 se
632 3370 74 22 ruer
735 3370 57 21 sur
819 3364 47 27 les

97 3400 194 33 spectateurs
313 3397 141 35 signalés
468 3404 125 20 comme
608 3398 151 28 d'affreux
774 3398 74 28 bour-

94 3433 92 35 geois
215 3442 56 28 par
298 3439 65 21 une
385 3432 80 28 mise
489 3432 67 28 tant
583 3432 61 30 soit
667 3439 61 31 peu
743 3433 106 27 recher-

96 3469 87 26 chée.

131 3506 89 27 Nous
246 3511 81 21 nous
354 3503 210 30 demandions
587 3503 25 28 si
628 3503 221 37 l'applaudisse-

98 3540 89 27 ment
211 3539 94 30 serait
335 3539 193 34 obligatoire,
559 3546 77 21 sous
665 3539 91 35 peine
781 3540 67 28 d'ex-

97 3574 128 37 pulsion
242 3581 40 20 ou
309 3573 39 28 de
373 3573 94 30 crâne
495 3573 69 28 fêlé.
595 3573 206 35 L'apothéose
827 3575 27 27 al-

98 3609 125 27 lait-elle
249 3608 72 28 Unir
345 3617 57 27 par
431 3615 63 21 une
526 3608 200 35 dynamilade
754 3615 39 21 en
822 3611 31 27 rè-

96 3644 51 33 gle
158 3644 14 26 ?

130 3679 63 27 Les
207 3679 116 27 choses
337 3680 72 26 sont
422 3679 65 26 loin
502 3679 117 27 d'avoir
632 3679 69 33 pris
728 3686 45 20 un
796 3681 71 26 tour

98 3715 26 27 si
154 3715 151 34 tragique.
335 3712 100 37 Après
457 3713 152 34 quelques
635 3710 229 32 hors-d'œuvre

96 3748 178 34 musicaux,
306 3748 53 34 qui
396 3749 54 27 ont
489 3755 41 21 au
566 3748 105 27 moins
705 3748 162 34 témoigné

96 3784 92 27 d'une
201 3782 209 30 indiscutable
426 3782 106 28 bonne
546 3781 136 34 volonté,
711 3782 30 27 le
756 3782 110 30 rideau

97 3820 74 27 s'est
185 3817 79 34 levé,
279 3819 61 27 fort
352 3814 216 38 péniblement
582 3816 169 33 d'ailleurs,
768 3824 56 21 sur
837 3819 27 27 la

97 3852 155 35 première
266 3852 118 34 entrée,
398 3852 30 28 la
442 3852 90 35 pièce
539 3852 45 27 du
598 3859 200 28 compagnon
803 3853 43 27 Ma-

97 3880 71 37 ialo.

266 3925 93 30 Tout
381 3924 20 30 à
423 3922 35 31 la
481 3924 190 39 dynamite
687 3924 8 30 !

130 3976 120 33 Malgré
265 3983 59 20 son
352 3976 72 26 titre
450 3976 137 33 quelque
613 3983 64 26 peu
699 3976 163 33 tapageur,

97 4012 163 33 Mariage
272 4016 73 30 par
357 4011 37 27 la
409 4009 191 34 dynamite,
627 4016 35 21 ce
685 4009 180 30 vaudeville

97 4044 39 35 11'
149 4044 13 35 a
175 4044 52 35 pas.
246 4045 18 28 à
287 4046 203 33 proprement
520 4044 111 35 parler,
660 4044 56 28 des
745 4044 117 30 allures

97 4082 59 26 fort
168 4080 294 28 révolutionnaires.
487 4080 104 27 Plutôt
609 4080 155 34 comique,
782 4080 79 28 mais

96 4122 76 21 avec
185 4123 45 20 un
244 4113 118 31 certain
383 4114 93 28 fonds
489 4114 170 34 classique,
681 4114 20 27 il
724 4114 137 35 s'adapte

98 4150 83 33 bien,
196 4148 132 37 paraît-il
352 4156 41 21 au
422 4148 156 30 caractère
598 4148 38 28 de
661 4149 141 28 l'auteur.
819 4149 43 28 Le

97 4185 94 35 sujet,
209 4185 93 28 vieux
315 4191 125 20 comme
457 4183 30 27 le
501 4183 126 33 monde,
657 4191 19 20 a
689 4183 48 27 été
754 4191 90 21 recou-

96 4221 70 27 vert
194 4220 91 28 d'une
312 4219 122 28 couche
461 4218 39 28 de
529 4218 226 28 modernisme.
781 4219 83 28 C'est

96 4253 143 28 Léaiidre
254 4256 31 26 et
298 4253 139 28 Géronte
450 4252 44 28 fin
508 4253 39 27 de
561 4252 105 30 siècle.

131 4290 136 34 Prosper
278 4289 124 34 Darloy,
422 4287 126 27 brûlant
568 4287 81 27 mais
670 4296 130 27 pauvre,
815 4290 48 27 est

97 4326 59 26 fort
170 4323 83 37 épris
266 4323 39 28 de
320 4323 74 27 Mlle
409 4323 164 28 Carnemol
600 4323 53 34 qui
679 4324 28 27 le
722 4323 45 28 lui
782 4324 78 28 rend

96 4361 39 26 de
148 4365 59 21 sou
220 4359 117 27 mieux.
350 4358 45 27 Le
411 4357 154 34 malheur,
576 4357 78 28 c'est
669 4365 60 27 que
743 4358 31 27 le
787 4358 74 35 père

96 4394 176 33 Carnemol,
289 4393 172 35 bourgeois
489 4393 18 27 à
533 4394 72 26 tous
631 4394 93 32 crins,
755 4394 106 28 refuse

96 4435 78 22 avec
188 4427 191 30 obstination
406 4426 39 30 de
474 4427 115 27 marier
602 4434 34 20 sa
652 4427 63 28 fille
729 4435 78 21 avec
820 4435 43 21 un

99 4465 126 26 homme
237 4462 51 35 qui
302 4469 104 33 gagne
429 4461 215 37 péniblement
663 4462 85 28 deux
772 4465 89 26 cents

98 4499 102 27 francs
217 4504 54 31 par
287 4498 81 27 mois
383 4498 17 27 à
412 4496 115 28 noircir
537 4498 41 27 du
591 4498 117 39 papier,
726 4506 14 17 «
755 4498 105 28 même

98 4540 56 28 pas
167 4533 44 28 du
226 4532 106 40 papier
344 4531 115 28 timbré
469 4543 35 18 ».
520 4531 26 28 11
562 4539 18 20 a
591 4531 66 34 jeté
671 4539 59 21 son
744 4532 116 30 dévolu

97 4574 57 21 sur
165 4567 30 28 le
210 4567 135 28 vicomte
371 4567 38 27 de
437 4566 301 35 Castel-Déclinqué,
767 4567 81 28 rasta-

96 4600 143 38 quouère
250 4602 118 35 gâteux
381 4602 31 27 et
428 4600 117 28 décavé
559 4602 77 27 dont
654 4602 47 28 les
716 4602 143 30 ancêtres

96 4639 73 24 sont
182 4637 77 26 allés
274 4643 64 20 aux
352 4635 161 28 croisades
529 4645 14 15 «
556 4643 77 20 sous
645 4637 97 26 Louis
758 4638 54 25 XV
833 4648 25 15 ».

96 4672 257 33 Naturellement,
357 4671 73 28 Mlle
436 4671 175 33 Carnemol,
618 4678 76 21 sans
702 4672 159 34 professer

97 4708 47 28 les
171 4707 159 28 doctrines
360 4707 39 27 de
424 4707 132 27 l'amour
585 4707 91 32 libre,
697 4714 18 19 a
739 4707 67 39 pris
822 4715 39 20 en

97 4742 94 27 haine
207 4742 104 27 féroce
326 4740 125 35 l'époux
470 4741 94 34 qu'on
578 4741 116 28 entend
706 4741 43 30 lui
762 4741 80 37 impo-

96 4783 63 27 ser,
184 4776 87 28 aidée
285 4776 39 27 de
337 4776 107 33 Marie,
459 4775 28 28 la
510 4776 105 28 bonne
627 4776 40 27 de
680 4778 28 26 la
723 4778 133 33 maison,

96 4811 54 37 qui
168 4811 136 30 seconde
311 4811 39 28 de
357 4812 109 26 toutes
474 4818 53 20 ses
536 4811 100 27 forces
650 4811 48 28 les
711 4812 132 37 stratagè-

97 4854 71 21 mes
181 4847 39 27 de
235 4846 207 28 l'amoureux.
452 4845 86 28 Cette
552 4845 98 28 Marie
663 4847 48 27 est
722 4853 65 21 une
798 4854 47 21 ser-

96 4883 96 27 vante
207 4881 74 27 d'un
299 4880 92 28 ordre
418 4879 128 35 spécial,
572 4880 143 28 adonnée
729 4880 19 28 à
761 4881 31 27 la
803 4883 45 27 lec-

96 4918 72 26 ture
183 4916 56 28 des
250 4915 162 35 journaux
433 4916 30 26 et
483 4915 146 28 raffolant
654 4916 57 28 des
735 4916 126 30 articles

97 4952 39 27 de
154 4951 191 34 Francisque
357 4951 124 33 Sarcey.
503 4951 92 33 C'est,
617 4957 40 22 en
680 4952 100 33 outre,
794 4959 65 21 une

97 4993 241 28 eompagnonne
353 4984 39 28 de
406 4984 139 33 l'avenir,
554 4985 54 34 qui
622 4985 100 34 glisse
737 4988 125 33 partout

96 5021 78 27 chez
189 5028 58 20 son
259 5020 112 28 maître
385 5020 57 28 des
464 5020 211 35 publications
689 5020 152 31 incendiai-

96 5062 52 22 res
165 5057 31 26 et
223 5056 39 28 de
288 5055 270 30 simili-marmites
588 5062 64 28 que
673 5056 43 28 lui
731 5059 129 32 apporte

98 5092 135 34 Prosper
243 5089 126 35 Darloy.

133 5125 43 28 Ce
188 5125 125 30 dernier
332 5126 58 34 est,
406 5133 80 28 pour
510 5132 58 22 son
588 5125 152 34 bonheur,
756 5134 104 22 neveu

98 5163 39 27 de
152 5160 163 35 Turlupin,
332 5169 44 20 un
392 5160 219 28 commissaire
625 5163 40 27 de
680 5163 100 35 police
804 5163 54 35 qui

98 5204 17 19 a
128 5203 63 21 une
204 5196 89 33 façon
308 5196 58 28 des
383 5196 72 39 plus
478 5196 230 34 réjouissantes
735 5197 110 28 d'inter-

97 5230 104 38 préter
217 5238 53 21 ses
293 5230 168 30 fonctions.
489 5231 50 28 Au
566 5233 143 26 moment
722 5231 41 30 où
776 5232 31 28 le
819 5232 30 27 vi-

97 5268 103 26 comte
213 5274 35 20 se
263 5265 78 28 croit
354 5265 103 28 arrivé
469 5274 40 20 au
526 5264 122 35 succès,
678 5267 39 28 de
741 5267 120 35 grands

98 5308 99 28 coups
213 5300 203 30 retentissent
429 5300 19 30 à
462 5302 31 26 la
504 5302 87 34 porte
607 5301 43 30 du
661 5301 145 31 domicile
820 5301 39 30 de
869 5300 1 37 ,

98 5335 175 30 Carnemol.
291 5335 84 30 C'est
387 5337 30 27 la
445 5336 110 35 police,
585 5337 52 35 qui
664 5344 19 20 a
709 5346 13 18 «
736 5337 73 28 l'œil
830 5339 30 27 et
869 5335 1 38 j

97 5370 105 30 même
216 5372 30 28 le
259 5372 90 34 quart
363 5370 84 30 d'œil
459 5381 25 20 ».
513 5372 60 28 Les
600 5372 106 35 pièces
731 5372 40 28 de
789 5373 70 35 l'ap-
869 5370 1 38 1

99 5404 185 39 parlement,
301 5406 167 34 explorées
482 5406 292 35 minutieusement,
793 5407 57 28 lais-

98 5443 73 27 sent
184 5440 167 30 découvrir
365 5448 44 21 un
425 5441 90 28 stock
529 5441 187 28 formidable
736 5441 39 28 de
798 5443 48 28 boî-

97 5478 50 27 tes
161 5476 20 27 à
193 5476 143 28 sardines
348 5478 32 26 et
391 5477 40 28 de
445 5476 126 31 feuilles
586 5478 207 34 anarchistes,
807 5477 54 39 qui

98 5511 194 28 deviennent
305 5511 83 28 ainsi
399 5512 57 27 des
468 5512 105 34 pièces
585 5512 20 28 à
618 5513 189 28 conviction.
819 5515 43 27 Le

96 5546 149 33 vicomte,
262 5552 35 21 se
311 5548 117 33 voyant
438 5552 56 22 sur
513 5548 32 27 le
570 5548 87 34 point
670 5548 97 28 d'être
778 5555 63 22 com-

97 5581 122 37 promis
234 5581 172 34 lui-môme,
423 5588 38 21 se
471 5588 100 24 sauve
585 5588 39 22 en
635 5582 73 30 hâte
735 5589 40 22 en
793 5590 53 22 cou-

100 5619 89 26 vrant
203 5616 204 30 d'invectives
420 5616 30 30 le
464 5616 74 37 père
565 5617 40 28 de
626 5626 37 20 sa
676 5619 184 37 prétendue.

98 5652 141 33 Celui-ci,
255 5652 38 28 de
309 5659 59 22 son
381 5652 79 34 côté,
474 5652 73 30 n'eu
565 5652 96 31 mène
683 5661 56 30 pas
762 5653 97 38 large.

100 5696 14 15 «
128 5686 106 30 Est-ce
247 5687 96 35 qu'on
363 5694 40 21 va
431 5694 137 28 envoyer
600 5689 163 28 monsieur
793 5689 19 28 à
833 5689 31 28 la
869 5686 1 37 I

97 5721 155 28 Nouvelle
260 5722 15 27 ?
287 5731 17 18 »
319 5721 157 30 demande
502 5724 197 28 bonnement
722 5724 98 28 Marie
846 5724 17 30 à

98 5757 167 37 Turlupin.
282 5766 14 17 «
306 5757 51 30 Du
371 5759 76 33 tout,
457 5757 120 43 répond
592 5758 28 30 le
633 5758 228 35 commissaire,

99 5799 81 28 pour
195 5792 48 28 les
255 5793 206 33 anarchistes,
477 5790 77 32 c'est
567 5794 30 27 la
611 5796 131 34 Guyane
750 5802 9 26 ;
790 5802 41 21 on
846 5802 19 27 y

100 5826 93 28 crève
207 5828 73 35 plus
292 5828 73 28 vite.
376 5837 14 17 »
416 5828 149 30 Survient
586 5829 19 28 à
628 5831 87 34 point
735 5829 130 31 nommé

97 5863 136 34 Prosper
260 5862 65 37 qui,
341 5863 135 30 rendant
490 5863 30 30 le
533 5863 73 31 bien
621 5872 79 27 pour
715 5865 27 28 le
755 5865 64 30 mal

99 5897 182 35 l'hypocrite
293 5898 8 27 !
361 5898 106 28 fléchit
493 5907 59 22 son
581 5900 146 35 compère
743 5901 122 30 d'oncle

99 5939 93 24 assez
206 5933 209 30 adroitement
437 5940 80 30 pour
543 5942 34 22 se
602 5934 79 31 faire
709 5936 85 28 offrir
813 5944 52 27 par

99 5969 164 28 Carnemol
285 5968 30 28 la
344 5969 84 28 main
461 5968 39 30 de
531 5970 105 34 Lucie,
664 5970 203 37 agrémentée

100 6004 93 28 d'une
207 6004 53 28 dot
273 6005 71 27 tout
357 6004 19 28 à
389 6005 56 27 fait
455 6004 189 38 bourgeoise
652 6007 7 28 !
689 6006 176 38 Pratiques,

99 6040 48 27 les
162 6045 217 31 compagnons
392 6040 7 27 !
428 6039 157 37 Ajoutons
607 6048 64 27 que
696 6050 79 27 pour
790 6043 77 30 faire

102 6083 34 20 sa
151 6080 74 22 cour
241 6083 39 21 au
294 6076 105 34 public
417 6074 40 30 de
481 6076 130 30 Grafton
624 6076 83 35 Hall;
730 6076 31 30 le
787 6085 60 22 com-

99 6109 148 30 missaire
261 6110 155 37 Turlupin
444 6117 144 24 annonce
618 6113 40 28 in
684 6112 97 38 petto
810 6122 57 21 son

102 6144 103 37 projet
219 6144 38 30 de
280 6144 106 30 lâcher
413 6145 28 28 la
474 6148 100 34 police
606 6154 78 27 PQur
715 6148 156 33 s'établir

102 6181 145 34 wnnète
260 6181 149 32 homme.

322 6240 70 34 Les
412 6240 237 45 interprètes.

137 6301 87 33 Telle
233 6304 48 31 est
292 6305 200 30 exactement
500 6304 31 31 la
539 6305 98 38 pièce,
646 6306 76 31 dont
730 6304 28 32 la
772 6307 98 30 durée

104 6339 50 30 n'a
168 6347 58 28 pas
240 6339 117 31 excédé
372 6341 188 35 trente-cinq
586 6341 149 30 minutes.
751 6344 61 28 Les
827 6344 30 27 in-

105 6376 163 34 terprètes,
278 6374 73 30 dont
359 6376 208 37 l'expérience
576 6385 19 21 a
607 6377 156 38 peut-être
775 6377 96 31 laissé

103 6411 19 28 à
137 6409 122 32 désirer
286 6410 81 31 mais
396 6411 52 37 qui
464 6412 73 30 n'en
555 6415 53 27 ont
631 6422 58 32 pas
703 6412 104 30 moins
822 6413 48 30 été

105 6446 234 30 suffisamment
363 6448 178 35 applaudis,
568 6449 56 28 ont
632 6448 87 37 joué,
735 6449 116 35 particu-

105 6481 90 30 larité
207 6482 162 37 piquante,
384 6489 77 24 sous
476 6484 57 28 des
556 6484 239 35 pseudonymes
809 6491 41 22 em-

102 6519 136 35 pruntes
252 6526 19 21 a
282 6517 86 31 leurs
385 6520 156 28 ennemis.
570 6519 86 31 C'est
670 6520 81 30 ainsi
768 6527 63 31 que
840 6520 28 31 le

104 6560 201 30 personnage
332 6554 40 28 de
400 6553 165 32 Carnemol
593 6562 18 20 a
638 6555 50 30 été
711 6556 77 30 tenu
817 6565 53 28 par

102 6587 198 37 Rothschild,
314 6589 84 32 celui
418 6589 39 32 dé
464 6589 157 39 Turlupin
637 6598 56 30 par
705 6592 41 30 M.
765 6592 105 31 Goron

104 6625 32 28 et
158 6631 63 28 que
243 6624 143 37 l'auteur,
416 6624 154 32 abordant
608 6625 187 32 bravement
823 6628 46 28 les

104 6659 152 37 planches
285 6667 79 28 pour
390 6659 202 38 représenter
618 6663 32 28 le
676 6663 136 31 vicomte
831 6664 39 30 de

104 6694 302 38 Castel-Déclinquô,
435 6696 85 30 avait
559 6696 168 32 dissimulé
752 6705 37 22 sa
804 6707 50 27 per-

105 6730 156 31 sonnalité
276 6738 78 24 sous
383 6731 78 32 celle
480 6731 40 32 do
541 6731 202 38 l'inspecteur
820 6742 34 27 po-

102 6765 61 30 lice
174 6768 113 27 Fédée.

138 6803 159 37 Quelques
325 6803 171 32 chanteurs
522 6811 37 24 se
585 6806 74 30 sont
677 6804 124 32 ensuite
816 6806 54 30 fait

105 6839 162 35 entendre,
289 6841 102 34 parmi
413 6842 142 34 lesquels
592 6848 44 22 un
660 6842 141 30 amateur
827 6842 40 31 du

104 6881 77 25 nom
194 6875 40 31 de
248 6869 145 44 Delaure,
411 6875 53 38 qui
481 6883 18 24 a
514 6875 47 32 été
581 6875 287 38 particulièrement

105 6912 178 37 remarqué.

142 6947 210 32 L'intermède
364 6950 54 38 qui
433 6957 18 22 a
477 6947 136 35 succédé
625 6948 19 33 à
659 6957 52 25 ces
724 6948 113 32 chants
852 6957 17 22 a

107 6987 89 32 paru,
219 6984 20 30 il
252 6985 66 30 faut
332 6986 31 28 le
374 6986 78 34 dire,
469 6987 74 30 d'un
561 6986 79 38 goût
654 6986 142 32 douteux
809 6992 61 26 aux

107 7022 198 33 spectateurs
319 7029 65 22 non
392 7022 206 31 anarchistes.
607 7024 130 33 Cetitre,
750 7023 56 30 le«
817 7023 38 32 Co-

107 7055 83 31 chon
196 7057 122 31 boxeur
324 7069 27 24 »,
360 7057 69 31 avai
433 7057 25 31 ti
464 7064 19 24 n
487 7057 102 39 trigué
596 7059 132 30 nombre
735 7058 39 30 de
780 7067 94 30 geas;

105 7091 84 44 plais
197 7093 92 37 après
304 7096 79 33 tout,
402 7102 124 22 comme
537 7102 41 21 on
594 7102 19 20 a
627 7094 71 35 déjà
710 7102 40 21 eu
764 7095 21 33 i
796 7098 60 31 Lon-

109 7128 73 30 dres
196 7129 31 30 le
241 7140 13 15 «
266 7129 191 37 Kangouroo
470 7129 144 32 boxeur»
624 7131 32 28 et
663 7130 30 30 le
700 7130 104 33 <<siion
820 7135 44 30 lut-

239 7165 31 34 -11
294 7166 220 34 ae.DAGLissait
529 7173 58 33 £as
820 7169 63 37 int

919 286 142 34 possible
1074 287 104 34 qu'un-
1185 287 254 37 compagnon.de
1459 287 83 28 saint
1552 285 139 32 Antoine

920 320 60 28 eût
986 320 56 30 été,
1051 321 112 28 dressé
1221 331 43 20 un
1294 321 170 30 simutocre
1498 320 39 31 de
1552 319 132 37 pugilat.

918 356 61 28 Les
992 356 207 30 incertitudes
1208 357 89 28 n'ont
1309 364 58 28 pas
1381 356 51 30 été
1447 356 39 30 de
1502 356 118 35 longue
1632 354 37 27 du-

917 390 53 28 rée
987 398 6 20 :
1023 390 18 28 à
1067 391 28 28 la
1126 392 81 27 suite
1224 392 39 28 de
1285 392 156 35 quelques
1453 390 233 37 grognements

918 424 138 43 porcins,
1070 433 64 21 une
1149 425 100 30 forme
1263 426 148 30 rutilante
1423 425 77 30 s'est
1515 423 170 37 précipitée

917 469 19 19 a
950 462 111 34 quatre
1087 462 104 34 pattes
1217 469 56 20 sur
1294 462 30 27 la
1349 461 105 28 scène.
1483 459 110 28 C'était
1620 458 66 28 tout

918 495 203 34 simplement
1135 502 43 21 un
1191 502 200 28 compagnon
1403 490 124 33 affublé
1541 495 40 27 de
1597 494 30 27 la
1641 495 31 26 to-

917 536 63 28 que
992 531 32 25 et
1035 529 39 28 de
1087 530 32 27 la
1130 530 76 32 robe
1219 537 100 28 rouge
1328 530 76 28 d'un
1419 529 177 34 magistrat,
1603 528 83 27 ainsi

917 572 61 32 que
991 563 94 30 d'une
1101 565 64 30 tête
1188 566 145 34 postiche
1354 566 39 28 de
1415 563 131 30 cochon.
1564 563 50 27 Au
1629 562 38 27 mi-

917 599 61 28 lieu
996 599 43 27 du
1048 600 120 27 silence
1180 600 112 35 glacial
1310 600 57 28 des
1382 600 200 35 spectateurs
1591 598 76 28 bour-

915 634 90 34 geois
1023 635 31 26 et
1077 634 58 31 des
1163 635 223 28 acclamations
1419 633 195 35 frénétiques
1628 633 58 27 des

915 669 209 35 anarchistes,
1150 678 63 20 une
1239 672 77 30 lutte
1331 670 188 34 homérique
1541 667 77 30 s'est
1633 674 35 21 en-

914 704 103 34 gagée
1033 705 87 27 entre
1149 705 28 26 le
1194 705 257 34 pseudo-cochon
1466 705 31 26 et
1511 711 65 21 une
1586 703 99 35 jeune

914 741 30 26 et
956 738 79 37 jolie
1050 745 243 30 compagnonne
1309 748 6 20 :
1343 741 58 27 elle
1426 738 78 28 s'est
1518 737 151 28 naturelle-

913 776 89 26 ment
1016 774 156 28 terminée
1191 782 56 28 par
1269 776 28 27 la
1315 775 28 27 vi
1357 774 97 28 ctoire
1470 774 38 28 de
1524 774 80 28 cette
1618 772 51 28 der-

913 809 97 31 nière.

1185 846 226 40 Apothéose.

946 909 85 34 Puis,
1044 906 194 32 conférence
1253 907 39 28 de
1307 907 117 28 Louise
1440 906 125 33 Michel,
1587 906 52 34 qui
1667 913 19 20 a

911 945 122 28 affirmé
1048 943 97 38 qir'en
1159 943 157 33 anarchie,
1335 941 77 34 l'art,
1430 939 189 31 débarrassé
1646 939 38 28 de

911 980 89 30 toute
1035 983 138 32 entrave,
1211 977 150 28 brillerait
1387 977 39 28 de
1453 977 28 28 la
1508 977 71 35 plus
1606 980 78 30 pure

911 1016 105 28 clarté.
1046 1017 86 27 Avec
1160 1022 60 22 son
1248 1012 133 34 langage
1407 1011 105 34 imagé
1537 1011 83 28 mêlé
1645 1010 39 27 de

911 1050 207 35 mysticisme,
1127 1051 28 27 la
1167 1050 116 35 Vierge
1290 1055 99 28 rouge
1396 1055 17 21 a
1423 1045 139 31 recueilli
1577 1045 90 28 d'una-

912 1084 104 30 nimes
1036 1083 324 39 applaudissements.

946 1121 142 34 Ensuite,
1113 1122 19 27 à
1146 1122 123 26 travers
1280 1126 66 22 une
1361 1117 182 37 apothéose,
1561 1123 100 22 accom-

912 1155 123 35 pagnée
1048 1155 38 30 de
1101 1156 77 28 feux
1189 1155 40 28 de
1240 1155 135 34 bengale
1389 1153 61 30 fort
1465 1152 215 30 récalcitrants

912 1189 174 35 d'ailleurs,
1116 1193 31 27 et
1179 1189 204 37 agrémentée
1415 1187 96 32 d'une
1547 1187 133 30 lumière
1687 1187 6 39 !

913 1225 196 30 multicolore
1124 1226 30 37 (!)
1170 1226 209 33 insuffisante,
1395 1231 83 22 nous
1498 1230 99 22 avons
1626 1230 54 21 cru

911 1259 142 31 démêler
1067 1267 61 28 que
1152 1269 84 21 nous
1258 1260 169 31 assistions
1453 1266 40 22 au
1521 1258 159 37 triomphe

911 1296 39 28 de
963 1296 169 28 l'anarchie
1146 1303 56 21 sur
1214 1296 119 35 l'hydre
1348 1297 44 28 du
1406 1296 124 35 capital.

946 1331 43 27 La
1012 1331 98 34 partie
1134 1331 167 37 artistique
1322 1331 80 30 ainsi
1415 1331 163 33 terminée,
1596 1337 64 21 com-

911 1372 184 28 pagnonnes
1111 1368 32 27 et
1154 1374 219 28 compagnons
1387 1368 53 28 ont
1455 1367 224 35 joyeusement

911 1401 97 30 dansé
1025 1402 152 37 jusqu'au
1202 1401 98 31 matin
1330 1409 123 22 comme
1482 1402 39 30 de
1548 1401 131 35 simples

913 1435 181 38 bourgeois.

1076 1525 171 41 SOPRONI
1267 1525 248 43 ARTIFICIELS

905 1631 70 32 Les
999 1631 170 32 derniers
1193 1631 172 32 chantres
1387 1631 45 32 de
1452 1631 39 32 la
1504 1631 169 39 chapelle

945 1671 145 32 Sixtine
1160 1671 206 32 Souvenirs
1378 1672 86 30 d'un
1479 1671 97 31 Prix
1587 1672 45 30 de

986 1714 113 28 Rome
1168 1711 168 32 Abèlard
1351 1711 20 31 à
1385 1711 145 39 l'Opéra

1044 1752 195 39 Mustapha
1264 1755 38 27 et
1319 1752 214 39 Ali-Bajou.

938 1852 60 27 Les
1011 1850 161 28 habitants
1187 1848 39 28 de
1239 1848 109 33 Rome,
1375 1847 46 30 les
1439 1847 156 30 touristes
1619 1850 53 35 qui

904 1885 151 28 viennent
1067 1885 39 28 de
1126 1884 109 30 suivre
1250 1884 46 27 les
1309 1883 107 28 offices
1430 1883 40 28 de
1483 1883 28 28 la
1525 1884 148 28 semaine

907 1920 102 30 sainte
1022 1920 78 28 dans
1129 1919 47 28 les
1192 1918 117 35 églises
1322 1918 197 35 pontificales
1550 1920 53 26 ont
1632 1928 40 28 pu

901 1957 86 35 jouir
1002 1963 113 20 encore
1130 1955 73 28 d'un
1215 1952 86 37 régal
1311 1954 149 34 musical,
1478 1954 51 35 qui
1541 1961 40 22 ne
1602 1962 71 21 sera

904 1990 119 30 bientôt
1036 1990 71 35 plus
1121 1989 98 35 qu'un
1235 1989 159 30 souvenir.
1409 1989 89 28 Cette
1505 1990 168 31 attraction

905 2024 357 37 mystico-chirurgicale
1277 2024 138 28 consiste
1426 2031 40 21 en
1480 2023 28 31 la
1520 2033 63 21 vue
1594 2028 31 27 et
1635 2035 38 20 en

905 2061 163 31 l'audition
1094 2061 58 27 des
1172 2060 128 35 soprani
1326 2060 183 34 masculins,
1540 2060 67 30 dits
1635 2062 38 30 de

906 2098 31 28 la
951 2095 142 37 chapelle
1119 2094 131 35 Sixtine,
1279 2094 74 30 dont
1376 2095 30 28 la
1439 2094 74 30 voix
1535 2095 81 30 n'est
1645 2099 27 27 si

906 2133 94 27 haute
1013 2139 61 28 que
1091 2138 93 28 parce
1198 2138 63 28 que
1285 2131 69 28 leur
1382 2130 159 31 condition
1567 2132 89 37 physi-

904 2176 64 28 que
984 2170 51 26 est
1048 2165 287 38 particulièrement
1348 2165 104 31 basse.

941 2204 50 32 Or,
1009 2210 124 21 comme
1149 2202 113 35 depuis
1289 2200 46 30 les
1359 2202 163 30 dernières
1552 2204 119 28 années

905 2238 43 28 du
961 2237 97 40 règne
1071 2237 39 28 de
1124 2237 53 27 Pie
1191 2237 53 33 IX,
1263 2243 40 21 on
1330 2236 135 35 procède
1481 2244 56 30 par
1553 2238 102 28 extinc-

906 2274 67 28 tion
984 2271 146 31 vis-à-vis
1143 2271 38 28 de
1194 2272 80 27 cette
1303 2270 155 35 maîtrise,
1476 2274 30 27 et
1532 2281 64 28 que
1618 2281 54 21 ces

905 2308 177 35 rossignols
1095 2307 129 30 factices
1238 2308 73 27 sont
1323 2307 105 35 privés
1442 2308 39 28 de
1492 2315 37 21 ce
1544 2315 64 28 que
1625 2309 47 28 les

905 2344 189 28 littérateurs
1119 2343 32 27 et
1170 2342 46 27 les
1233 2342 125 27 artistes
1371 2342 159 35 appellent
1543 2343 30 28 le
1591 2343 80 30 droit

905 2380 38 27 de
957 2378 234 37 reproduction,
1204 2376 20 28 il
1241 2378 47 28 est
1302 2376 72 28 fatal
1398 2385 63 27 que
1476 2379 69 28 leur
1563 2379 87 35 dispa-

906 2413 93 30 rition
1025 2413 96 28 totale
1149 2413 48 27 est
1225 2419 63 22 une
1315 2411 113 37 simple
1457 2413 149 35 question
1632 2414 40 30 de

906 2451 113 34 temps.

940 2485 79 28 Sans
1038 2492 81 21 nous
1148 2483 141 28 attacher
1322 2491 64 20 aux
1419 2483 187 37 allégations
1631 2485 39 28 de

904 2519 137 28 certains
1055 2518 117 37 esprits
1185 2518 124 34 malins,
1326 2518 188 35 prétendant
1528 2528 63 28 que
1620 2522 50 27 cet

904 2555 184 28 ostracisme
1100 2554 103 30 aurait
1215 2554 48 30 été
1279 2554 106 30 résolu
1394 2561 57 28 par
1459 2555 28 28 la
1502 2555 151 35 congréga-

904 2589 65 30 tion
981 2589 57 30 des
1052 2589 78 30 rites
1155 2589 18 28 à
1188 2589 30 27 la
1244 2588 131 35 requête
1402 2589 57 28 des
1489 2589 110 30 dames
1624 2597 33 21 ro-

904 2626 123 30 maines
1114 2623 136 31 celles-ci
1265 2630 40 21 ne
1335 2626 143 33 pouvant
1502 2631 35 22 se
1569 2624 87 30 défen-

901 2661 54 27 dre
970 2661 40 27 de
1025 2660 128 28 souffrir
1179 2659 209 28 cruellement
1411 2666 40 21 en
1465 2661 137 33 pensant
1626 2668 40 21 au

902 2695 138 30 sacrifice
1051 2694 53 37 qui
1120 2695 71 27 leur
1205 2694 97 28 valait
1316 2695 81 27 cette
1411 2694 66 35 joie
1500 2694 57 30 des
1581 2695 76 28 oreil-

901 2731 48 28 les
1009 2738 83 21 nous
1106 2730 159 34 causions,
1280 2728 79 34 hier,
1376 2728 39 28 de
1436 2735 54 22 ces
1505 2730 100 30 mâles
1618 2731 35 28 né-

899 2766 197 34 gativement
1107 2764 99 30 doués
1219 2765 19 27 à
1251 2772 45 20 un
1307 2764 111 28 ancien
1428 2765 72 34 prix
1508 2765 39 28 de
1560 2765 111 37 Rome,

899 2800 44 31 M.
959 2802 141 30 Gustave
1114 2798 216 38 Charpentier.

1000 2854 163 37 Chastes,
1178 2852 91 32 mais
1287 2852 92 32 bons
1398 2852 163 33 vivants.

981 2910 89 30 Vous
1087 2910 46 30 les
1155 2916 78 22 avez
1261 2909 224 31 certainement
1498 2917 64 24 vus
1574 2913 31 28 et
1620 2919 35 24 en-

899 2946 142 30 tendus?
1054 2946 46 28 lui
1113 2946 302 28 demandons-nous.

984 2981 31 30 Si
1028 2981 33 35 je
1076 2981 48 27 les
1137 2980 181 28 connais!...
1328 2980 48 28 fut
1383 2981 30 28 la
1424 2981 146 35 réponse,
1585 2981 73 31 c'est-

901 3017 99 30 à-dire
1016 3022 71 28 que,
1106 3022 79 28 pour
1200 3015 131 28 chanter
1355 3015 19 27 Y
1374 3017 70 28 Air
1466 3018 39 28 de
1522 3020 35 27 la
1569 3018 99 34 Nuit,

902 3052 78 28 dans
996 3052 30 27 la
1041 3050 170 30 deuxième
1232 3050 99 35 partie
1348 3051 39 28 de
1402 3058 52 21 ma
1470 3052 181 35 symphonie-

901 3086 120 33 drame,
1037 3085 30 28 la
1087 3085 59 30 Vie
1173 3085 81 28 d'un
1267 3084 117 34 Poète,
1400 3085 215 37 représentée,
1632 3096 39 21 en

898 3122 71 35 juin
985 3120 136 34 dernier,
1136 3119 18 30 à
1180 3118 130 37 l'Opéra,
1322 3118 35 37 je
1375 3119 38 30 ils
1427 3123 185 34 pressentir,
1630 3131 41 21 au

904 3157 84 34 sujet
1002 3156 39 28 de
1055 3156 234 35 l'engagement
1300 3155 73 28 d'un
1387 3155 39 28 de
1442 3163 53 20 ces
1511 3163 87 22 rares
1610 3157 46 28 vir-

902 3193 120 31 tuoses,
1039 3190 47 28 les
1107 3189 162 30 membres
1283 3189 45 28 du
1348 3189 234 39 sacré-collège.
1602 3193 69 30 Mes

904 3233 137 22 avances
1064 3226 107 28 furent
1194 3223 202 37 repoussées,
1426 3231 78 22 sous
1530 3227 143 34 prétexte

904 3268 61 28 que
979 3268 54 20 ces
1050 3269 13 18 «
1072 3259 176 30 messieurs
1258 3270 13 15 »
1287 3261 239 33 appartenaient
1537 3268 39 21 en
1584 3263 89 28 toute

904 3294 158 38 propriété
1075 3302 41 22 au
1131 3300 91 31 pape,
1240 3295 30 26 et
1294 3301 61 28 que
1380 3294 28 28 le
1430 3295 157 30 caractère
1602 3298 57 28 reli-

904 3332 98 34 gieux
1013 3331 39 28 de
1065 3331 31 28 la
1109 3330 197 35 corporation
1318 3330 177 30 interdisait
1507 3331 18 28 à
1537 3333 56 34 qui
1605 3339 61 30 que

906 3373 35 21 ce
954 3366 47 28 fût
1015 3365 39 28 de
1067 3372 52 22 ses
1141 3364 161 30 membres
1324 3364 195 38 l'apparition
1547 3374 56 21 sur
1626 3376 46 21 un

906 3400 130 28 théâtre.

984 3436 158 34 Chasteté,
1156 3436 80 30 dans
1248 3443 35 22 ce
1298 3435 116 31 monde
1428 3436 128 37 spécial,
1571 3438 86 35 impli-

905 3474 89 33 que-t
1005 3471 59 28 elle
1080 3471 219 35 tempérance?

989 3507 233 34 Tempérants?
1234 3507 56 28 des
1304 3507 158 34 chantres,
1478 3507 90 37 quels
1578 3508 92 35 qu'ils

905 3542 112 32 soient,
1046 3549 80 21 vous
1156 3541 113 31 voulez
1297 3541 72 30 rire.
1393 3542 44 28 Le
1459 3543 141 34 système
1611 3543 57 28 des

906 3576 254 34 compensations
1186 3578 58 33 est,
1272 3583 40 21 au
1342 3578 167 33 contraire,
1528 3585 54 28 par
1609 3585 65 21 eux

905 3611 177 35 largement
1095 3612 60 27 mis
1170 3611 18 28 à
1200 3611 102 37 profit.
1322 3611 111 30 Privés
1448 3612 74 30 d'un
1537 3612 78 34 côté,
1629 3613 39 28 ils

905 3652 34 21 se
954 3647 172 34 rattrapent
1152 3646 39 28 de
1215 3646 118 30 l'autre.
1361 3646 116 28 Vivant
1496 3647 171 28 librement

906 3680 77 27 chez
999 3689 72 24 eux,
1083 3689 41 18 en
1134 3681 86 30 ville,
1251 3680 133 26 habillés
1407 3689 126 19 comme
1544 3683 32 24 lo
1590 3689 63 19 com-

904 3722 77 20 mun
994 3713 57 27 des
1080 3712 142 34 mortels,
1252 3719 35 21 ce
1313 3713 80 33 sont,
1410 3719 39 21 en
1476 3712 139 35 général,
1632 3713 39 27 de

905 3748 119 28 solides
1052 3748 161 35 gaillards,
1241 3746 102 35 plutôt
1368 3754 76 27 gras
1469 3749 32 25 et
1514 3748 115 32 dodus,
1655 3748 19 27 à

905 3782 119 30 l'allure
1058 3782 39 30 de
1113 3782 142 35 chapons
1266 3780 109 37 gavés,
1393 3781 53 35 qui
1460 3781 130 28 boivent
1604 3789 64 26 sec,

904 3819 151 33 mangent
1082 3817 110 32 ferme,
1231 3815 72 30 sûrs
1328 3822 61 28 que
1417 3816 86 28 leurs
1524 3816 146 30 héritiers

905 3852 116 28 directs
1035 3859 40 20 ne
1102 3852 70 28 leur
1198 3850 224 35 reprocheront
1446 3857 57 28 pas
1518 3850 87 30 leurs
1622 3852 34 28 dé-

905 3894 117 28 penses
1035 3886 39 28 de
1084 3886 93 28 table.

938 3922 133 34 Ajoutez
1087 3930 61 27 que
1178 3921 159 28 l'absence
1364 3921 39 28 de
1419 3920 105 35 barbe,
1538 3921 47 28 les
1602 3921 54 28 che-

902 3963 85 22 veux
1002 3957 142 32 bouclés,
1159 3957 32 27 le
1204 3957 79 27 teint
1310 3963 74 21 rose
1400 3956 138 30 donnent
1551 3957 19 28 à
1583 3957 71 35 quel-

904 3998 156 28 ques-uns
1089 3991 57 28 des
1172 3990 81 30 têtes
1289 3990 159 35 d'Adonis,
1475 3991 178 34 nécessaire-

904 4028 86 27 ment
1003 4025 209 35 platoniques.

1140 4074 164 33 Oiseaux
1319 4083 116 24 rares.

987 4126 150 30 Bellâtres
1153 4128 31 26 et
1198 4126 176 35 sybarites?
1674 4120 1 41 j

986 4163 83 27 Tout
1083 4162 18 28 à
1115 4161 64 28 fait.
1198 4161 99 37 Payés
1319 4161 269 35 généreusement
1615 4168 46 22 sur-

901 4198 30 27 la
946 4198 137 28 cassette
1106 4196 122 35 papale,
1257 4204 39 21 on
1322 4204 40 20 ne
1389 4196 48 30 les
1467 4198 116 27 exhibe
1610 4204 63 28 que

901 4232 139 37 pendant
1054 4232 30 28 la
1097 4232 143 28 semaine
1271 4231 103 30 sainte
1397 4239 43 21 ou
1470 4239 63 21 aux
1561 4231 107 30 offices

905 4267 41 28 où
959 4267 30 27 le
1013 4266 119 35 pontife
1156 4265 126 30 assiste.
1312 4265 356 41 Exceptionnellement,

902 4302 130 34 parfois,
1046 4302 39 27 ils
1101 4300 162 28 désertent
1274 4300 203 30 Saint-Pierre
1487 4302 40 28 de
1552 4302 111 33 Rome,

900 4337 31 27 la
945 4336 142 37 chapelle
1113 4335 131 34 Sixtine,
1272 4335 177 30 Saint-Jean
1476 4336 39 28 de
1544 4337 124 33 Latran,

899 4380 81 27 pour
999 4371 105 35 prêter
1120 4371 70 28 leur
1201 4377 156 22 concours
1382 4371 18 28 à
1427 4370 137 30 d'autres
1593 4371 61 35 égli-

901 4414 63 26 ses,
978 4413 40 21 en
1031 4406 84 33 ville,
1133 4407 78 27 dans
1228 4407 56 27 des
1311 4407 168 27 occasions
1509 4407 141 27 solennel-

902 4440 56 30 les.
976 4442 47 26 En
1035 4440 143 33 résumé,
1194 4446 77 22 avec
1299 4440 104 28 moins
1430 4440 39 30 de
1496 4441 118 34 travail,
1629 4441 39 30 ils

900 4475 194 35 remplacent
1109 4482 59 21 nos
1185 4474 125 30 solistes
1326 4475 40 28 de
1381 4474 150 31 maîtrise.

933 4511 102 33 Quan.t
1049 4509 19 28 à
1083 4511 30 26 la
1127 4509 195 34 fabrication,
1338 4509 139 35 mystère
1491 4511 8 28 1

934 4546 35 27 Je
984 4545 74 32 sais,
1072 4544 163 34 toutefois,
1250 4545 94 34 qu'on
1356 4552 19 20 a
1385 4545 146 34 toujours
1545 4543 125 38 préféré

900 4586 81 22 ceux
996 4586 63 28 que
1080 4579 30 28 la
1123 4580 113 27 nature
1247 4579 83 28 avait
1343 4579 74 30 bien
1433 4580 98 28 voulu
1544 4581 106 27 confec-

900 4615 133 28 tionner.
1050 4615 25 27 Il
1089 4615 50 27 est
1150 4615 57 27 des
1224 4615 84 27 êtres
1322 4615 54 34 qui
1391 4615 143 28 naissent
1560 4616 27 30 si
1600 4616 56 28 tris-

898 4651 120 27 tement
1029 4649 188 30 déshérités.
1243 4650 46 33 Et,
1313 4649 105 35 quand
1443 4649 30 30 la
1498 4651 85 28 main
1612 4651 38 28 hu-

900 4685 104 27 maine
1031 4684 133 35 risquait
1189 4684 40 28 de
1256 4684 66 28 s'en
1344 4684 107 34 mêler,
1473 4685 104 28 c'était
1591 4685 79 27 celle

899 4720 74 28 d'un
990 4719 76 35 père
1077 4719 228 28 horriblement
1330 4720 155 28 soucieux
1511 4720 39 30 de
1576 4720 77 28 l'ave-

898 4754 51 27 nir
973 4754 39 27 de
1038 4760 59 21 son
1123 4753 117 28 enfant.

981 4789 152 28 Combien
1148 4788 167 30 étaient-ils
1331 4795 41 22 au
1389 4791 145 30 moment
1550 4789 39 30 de
1615 4798 35 22 vo-

898 4825 47 28 tre
965 4824 109 34 séjour
1088 4824 19 28 à
1121 4825 99 28 Rome
1234 4824 14 27 ?

984 4859 67 27 Une
1064 4858 154 28 douzaine
1231 4859 19 28 à
1263 4859 100 35 peine,
1374 4867 78 21 sous
1468 4860 31 28 la
1512 4861 97 27 haute
1624 4861 28 27 di-

900 4893 119 28 rection
1035 4893 73 28 d'un
1133 4893 80 33 chef,
1243 4893 58 34 Sgé
1326 4894 93 28 d'une
1444 4894 222 35 cinquantaine

900 4928 159 33 d'années,
1077 4928 53 35 qui
1146 4928 165 35 répondait
1324 4935 43 24 au
1381 4936 132 24 surnom
1530 4931 137 26 ottoman

899 4965 32 26 et
943 4963 182 34 significatif
1137 4963 40 27 de
1187 4963 181 34 Mustapha.

981 4997 158 35 Pourquoi
1153 5004 58 28 pas
1226 4996 174 37 Ali-Bajou,
1430 5002 124 24 comme
1586 4997 80 28 dans

898 5033 30 28 le
944 5033 106 28 Caïd?

981 5067 79 34 Quoi
1075 5068 76 35 qu'il
1165 5074 40 20 en
1220 5067 70 33 soit,
1304 5066 148 35 j'affirme
1468 5068 31 27 et
1511 5067 33 35 je
1570 5067 80 28 main-

901 5102 80 28 tiens
994 5102 92 34 qu'au
1100 5101 90 30 strict
1201 5101 89 35 point
1305 5108 39 21 ae
1358 5109 61 21 vue
1440 5101 40 30 de
1492 5101 178 30 l'ancienne

898 5138 150 35 musique
1065 5137 181 35 religieuse,
1272 5137 30 27 la
1326 5137 188 40 disparition
1546 5137 40 30 de
1615 5144 54 21 ces

898 5172 154 30 Abélards
1068 5172 123 28 italiens
1220 5178 70 22 sera
1305 5172 293 35 particulièrement
1622 5179 32 22 re-

898 5207 163 34 grettable.
1075 5207 59 33 Qui
1150 5206 60 28 sait
1230 5206 104 28 môme
1358 5207 26 27 si
1409 5207 63 27 l'on
1498 5207 87 28 n'eût
1611 5215 58 27 pas

900 5242 171 28 découvert
1087 5241 100 37 parmi
1201 5248 63 22 eux
1285 5248 44 20 un
1354 5241 168 37 interprète
1550 5241 120 38 unique

900 5284 81 28 pour
998 5276 163 37 l'Orphée,
1178 5276 40 28 de
1231 5275 123 30 Gluck?

1110 5326 87 32 Miel
1217 5327 38 31 et
1274 5324 184 40 vinaigre.

981 5379 25 30 Il
1023 5378 45 35 s'y
1084 5380 109 27 trouve
1208 5378 80 31 donc
1304 5378 39 30 de
1361 5378 169 31 véritables
1553 5379 99 38 tempé-

901 5417 137 27 raments
1055 5414 156 28 d'artistes
1221 5413 14 28 ?

983 5451 79 27 Sans
1077 5450 109 32 doute,
1220 5448 57 28 des
1310 5450 137 34 soprani,
1461 5450 57 28 des
1544 5457 104 22 mezzo-

901 5484 129 37 soprani
1043 5483 220 35 merveilleux,
1280 5484 39 33 et,
1343 5484 81 28 ainsi
1440 5491 63 28 que
1515 5485 77 30 chez
1609 5493 59 21 nos

901 5520 182 32 chanteurs,
1117 5518 279 35 d'épouvantables
1430 5519 177 31 serinettes.
1632 5522 37 28 Je

901 5562 52 22 me
972 5554 139 37 rappelle
1128 5561 39 20 en
1180 5554 89 28 avoir
1302 5554 138 31 entendu
1465 5562 54 27 un,
1537 5555 30 30 le
1578 5556 90 34 jeudi

902 5590 92 33 saint,
1009 5596 41 22 au
1062 5588 97 34 Gésu,
1178 5588 120 37 l'église
1311 5589 57 28 des
1381 5589 146 37 jésuites.
1537 5591 132 30 Celui-là

902 5624 165 34 êcorchait,
1083 5626 138 28 soutenu
1243 5631 57 30 par
1332 5631 45 21 un
1407 5624 115 37 simple
1548 5626 100 31 harmo-

900 5661 100 34 nium,
1016 5667 78 22 avec
1106 5660 57 30 des
1186 5659 223 31 miaulements
1426 5660 39 30 de
1478 5660 191 31 locomotive

901 5704 41 21 en
957 5696 155 32 détresse,
1137 5702 46 21 un
1196 5695 145 35 cantique
1355 5696 163 35 populaire
1548 5698 44 28 du
1615 5704 57 22 cru

901 5739 61 28 que
974 5731 324 34 l'accompagnement
1311 5731 196 30 entremêlait
1520 5732 133 37 cynique-

904 5769 85 27 ment
1002 5766 39 30 de
1054 5765 113 30 basses
1182 5766 32 28 et
1224 5764 41 31 de
1289 5767 222 35 contre-temps
1543 5774 58 21 sur
1628 5776 45 21 un

904 5802 123 35 rythme
1055 5802 39 28 de
1117 5800 103 37 polka.
1235 5800 67 30 Une
1329 5802 89 27 autre
1430 5802 70 34 fois,
1517 5802 79 31 dans
1607 5810 65 24 une

905 5838 87 28 autre
1007 5836 110 35 église,
1134 5835 104 32 l'autel
1250 5836 85 30 avait
1344 5835 50 31 été
1408 5837 163 43 supprimé
1585 5848 9 25 ;
1609 5838 19 30 à
1642 5839 31 28 la

905 5872 97 37 place,
1019 5871 141 28 s'élevait
1170 5880 46 20 un
1226 5872 149 30 tombeau
1397 5881 40 21 en
1465 5871 93 32 décor
1573 5881 35 22 se
1620 5874 35 31 dé-

905 5907 129 30 tachant
1048 5913 56 24 sur
1122 5913 65 24 une
1218 5907 158 35 grossière
1406 5908 200 38 perspective
1632 5909 40 30 de

905 5942 187 30 Jérusalem.
1108 5943 70 28 Une
1205 5941 118 31 femme
1354 5943 124 35 êplorée
1509 5944 145 35 représen-

905 5980 67 27 tant
986 5978 28 30 la
1029 5978 116 35 Vierge
1157 5976 231 37 s'agenouillait
1413 5979 19 28 à
1459 5979 78 35 côté,
1570 5980 103 30 tandis

907 6021 72 28 que,
994 6020 76 22 sous
1085 6012 31 30 la
1142 6013 106 34 voûte,
1273 6013 48 30 les
1355 6014 131 28 castrats
1515 6015 157 35 (puisqu'il

908 6050 67 28 faut
984 6048 47 30 les
1043 6047 149 37 désigner
1204 6048 92 37 ainsi)
1309 6048 178 37 pleuraient
1500 6048 31 30 le
1551 6050 122 32 Stabat

906 6083 131 31 Mater.

943 6120 43 30 Ce
999 6120 58 34 fut,
1071 6119 27 31 si
1113 6125 81 24 vous
1208 6119 31 31 le
1252 6119 123 35 voulez,
1390 6120 44 30 du
1462 6120 123 30 théâtre
1616 6120 46 37 pri-

908 6156 90 34 mitif
1028 6156 19 27 à
1072 6157 31 27 la
1129 6157 90 32 façon
1247 6156 56 28 des
1329 6157 145 34 antiques
1500 6156 175 35 mystères;

908 6191 80 30 mais
1005 6197 52 22 ces
1072 6190 76 30 voix
1163 6190 180 34 féminines,
1361 6191 31 28 et
1403 6191 141 30 chaudes
1565 6198 94 31 cepen-

908 6227 85 34 dant,
1009 6226 178 30 donnèrent
1200 6226 150 30 l'illusion
1362 6226 40 30 de
1409 6226 35 37 je
1460 6233 39 22 ne
1514 6227 65 28 sais
1591 6227 70 41 quel-

909 6262 48 31 les
989 6262 222 28 lamentations
1244 6261 136 34 inouïes,
1406 6261 269 35 extrahumaines,

909 6299 56 31 qui
980 6296 159 38 évoquent
1153 6296 47 31 les
1218 6296 177 31 immenses
1409 6295 122 32 visions
1552 6296 38 31 de
1605 6298 58 31 l'au-

911 6333 80 30 delà.

946 6369 46 30 Où
1011 6367 41 31 ils
1070 6369 196 31 s'entourent
1289 6370 74 30 d'un
1382 6369 92 31 cadre
1499 6370 176 41 approprié,

912 6404 77 31 c'est
999 6411 40 22 en
1052 6405 79 30 haut
1146 6405 39 28 de
1200 6405 67 30 leur
1280 6405 94 35 petite
1385 6405 128 30 tribune
1531 6399 39 35 de
1583 6405 30 30 la
1625 6405 35 31 ba-

909 6439 115 38 silique
1049 6439 38 31 de
1109 6441 215 35 Saint-Pierre,
1337 6439 141 38 groupés
1491 6448 40 22 au
1546 6442 131 30 nombre

909 6477 38 28 de
964 6476 72 35 cinq
1049 6483 41 22 ou
1102 6477 52 27 six
1165 6476 76 30 triés
1253 6483 54 24 sur
1328 6476 30 30 le
1384 6477 94 34 volet,
1500 6477 115 31 autour
1637 6477 40 31 de

909 6511 70 31 leur
992 6511 83 30 chef.
1088 6510 81 31 L'air
1192 6510 146 38 inspirés,
1351 6511 32 31 la
1406 6513 65 30 tête
1494 6514 119 35 rejetée
1639 6522 40 21 en

908 6547 128 34 arrière,
1052 6547 44 31 il»
1107 6547 185 38 impriment
1305 6554 65 24 aux
1380 6548 136 35 hymnes
1527 6549 59 30 des
1603 6550 58 30 maî-

909 6585 64 28 tres
987 6589 64 25 une
1076 6583 187 38 expression
1278 6583 185 30 inimitable.
1476 6585 58 35 Qui
1546 6592 43 21 ne
1611 6586 70 30 leur

909 6627 19 20 a
948 6619 138 31 entendu
1116 6620 146 37 soupirer
1279 6620 28 30 le
1319 6620 174 32 Miserere
1498 6640 7 13 ,
1525 6620 39 28 de
1578 6620 86 32 Pales-

911 6654 80 31 trina
1003 6661 40 24 ne
1058 6663 35 22 se
1109 6656 94 30 doute
1217 6664 57 30 pas
1289 6656 39 31 de
1343 6656 30 31 la
1398 6654 163 40 grandeur
1585 6659 30 27 et
1641 6658 40 30 de

908 6690 159 31 l'émotion
1081 6692 39 30 de
1133 6692 142 31 l'œuvre.

992 6725 84 32 Tout
1096 6728 70 30 cela
1194 6730 48 27 est
1266 6728 60 30 fort
1348 6728 73 30 bien
1433 6736 9 27 ;
1459 6729 81 31 mais
1560 6737 123 25 avouez

909 6763 148 35 pourtant
1076 6761 73 38 qu'il
1170 6763 50 30 est
1240 6763 130 35 indigne
1393 6764 43 32 du
1456 6767 165 37 religioso
1643 6768 40 30 de

911 6797 126 35 profiter
1054 6797 74 33 d'un
1143 6798 237 32 diminuendo.

953 6892 39 26 LA
1028 6887 115 32 SANTÉ
1178 6892 40 25 DE
1263 6894 37 25 M.
1335 6894 157 27 CHARLES
1528 6894 112 27 FERRY

947 6952 145 35 Saumtjr,
1116 6953 18 31 l
1135 6958 26 20 er
1178 6956 89 31 avril.
1362 6957 90 31 D'un
1480 6960 183 32 correspon-

913 6989 97 31 dant.
1072 6985 44 39 ÏSu
1131 6987 133 34 Charles
1289 6993 97 35 Ferry
1411 6992 50 30 est
1489 6998 39 24 eu
1556 6999 35 21 ce
1618 6998 44 21 mo-

914 7026 87 30 ment
1017 7025 78 32 chez
1108 7026 41 31 M.
1168 7029 219 35 Allain-Targô
1402 7035 76 22 avec
1494 7035 58 22 son
1574 7025 51 31 fils
1652 7029 31 27 et

917 7069 53 25 ses
981 7070 136 24 neveux.
1134 7063 26 31 Il
1176 7065 50 30 est
1251 7063 110 31 atteint
1380 7063 74 32 d'un
1483 7063 87 37 léger
1592 7062 90 30 accès

915 7096 39 33 de
967 7100 209 30 rhumatisme
1187 7107 41 22 au
1241 7100 71 30 bras
1343 7101 65 37 qui,
1441 7097 244 34 contrairement

917 7142 63 22 aux
994 7135 164 31 nouvelles
1182 7135 175 31 alarmistes
1378 7135 54 38 qui
1449 7136 56 31 ont
1515 7142 122 34 couru,,
1643 7143 40 26 ne

1800 268 748 111 DEUXIÈME
2660 285 575 94 EDITION

2542 468 17 19 a
2570 467 37 20 eu
2620 461 83 26 l'idée
2719 462 35 26 de
2767 464 110 26 confier
2889 464 30 26 la
2933 464 107 32 charge
3054 463 118 27 difficile
3188 465 38 25 du
3241 470 52 26 pou-

2541 491 61 25 voir
2628 493 18 24 à
2672 498 152 20 ramasser
2851 495 76 25 dans
2940 501 40 18 un
2995 495 109 31 conflit,
3120 501 69 26 gros
3201 495 93 26 d'even-

2541 521 128 31 tualités,
2688 526 39 22 où
2740 523 19 24 il
2774 524 86 30 s'agit
2876 526 35 25 de
2924 526 141 26 défendre
3085 526 43 26 les
3152 526 142 32 prérogati-

2541 559 50 19 ves
2604 552 189 33 budgétaires
2807 550 37 30 de
2858 555 28 26 la
2904 555 159 30 Chambre;
3073 556 195 31 précisément
3294 557 15 25 à

2542 583 54 25 l'un
2614 582 52 26 des
2681 585 133 26 hommes
2830 585 44 26 les
2890 586 66 31 plus
2974 586 164 31 dépourvus
3164 586 35 26 de
3233 593 61 25 pres-

2541 613 58 31 tige
2611 615 30 22 et
2653 614 174 27 d'influence
2842 622 38 20 au
2890 615 254 27 Palais-Bourbon.

2570 643 57 26 Les
2643 645 131 26 attaches
2791 645 37 26 de
2842 647 37 25 M.
2896 647 106 26 Méline
3017 653 69 20 avec
3100 648 44 25 les
3159 648 150 32 partisans

2539 676 37 25 du
2589 676 262 30 protectionnisme
2864 677 17 25 à
2902 679 149 28 outrance,
3066 678 50 32 qui
3137 681 67 24 sont
3231 685 63 25 pres-

2538 711 56 26 que
2607 706 69 25 tous
2694 706 51 27 des
2757 707 231 27 réactionnaires
3001 710 30 25 et
3039 709 18 25 d
3066 715 33 20 es
3112 709 195 32 rétrogrades,

2538 742 35 19 ne
2588 737 154 25 sauraient
2756 737 128 33 inspirer
2897 739 109 31 qu'une
3020 738 144 28 salutaire
3176 741 132 27 défiance

2538 772 56 20 aux
2606 767 206 32 républicains.

2568 797 26 25 Si
2611 800 77 25 cette
2699 800 203 26 combinaison
2914 801 169 32 carnotique
3098 802 117 31 réussit,
3231 809 76 21 nous

2537 834 107 20 aurons
2673 830 73 26 dans
2773 830 104 27 l'ordre
2903 833 138 32 politique
3067 833 28 26 la
3123 833 130 26 réactiôn
3269 840 37 20 en

2537 865 194 26 permanence
2754 862 30 25 et
2817 861 74 26 dans
2923 863 103 26 l'ordre
3053 863 190 34 économique
3278 866 30 25 la

2545 892 178 31 perspective
2737 892 34 26 de
2783 892 30 26 la
2828 892 119 28 famine.

2570 948 46 28 De
2633 950 19 26 P
2653 950 89 30 Echo
2754 952 39 28 de
2806 951 102 31 Paris
2924 960 6 20 :

2565 1005 44 25 On
2627 1009 46 24 est
2687 1013 37 19 en
2738 1007 74 27 droit
2828 1009 35 26 de
2877 1015 32 21 se
3107 1010 17 26 à
3139 1011 66 32 quel
3217 1011 69 26 senti-

2535 1038 81 24 ment
2630 1037 38 25 M.
2680 1038 27 25 le
2720 1041 150 30 président
2885 1041 37 26 de
2935 1041 27 26 la
2985 1041 180 32 République
3191 1049 18 18 a
3239 1043 60 25 obéi

2535 1071 37 22 en
2585 1067 188 33 s'adressant,
2791 1072 64 25 tout
2867 1071 126 30 d'abord,
3011 1072 18 25 à
3040 1071 124 27 l'auteur
3183 1078 99 26 respon-

2533 1096 81 28 sable
2629 1098 38 26 du
2681 1106 135 21 nouveau
2829 1102 112 32 régime
2955 1102 150 31 douanier,
3133 1109 73 27 pour
3237 1110 46 20 con-

2532 1130 105 26 stituer
2653 1137 39 19 un
2707 1135 241 27 gouvernement.

2565 1161 28 25 Si
2609 1161 167 34 quelqu'un,
2806 1169 53 26 par
2885 1170 35 20 sa
2948 1167 105 24 nature
3072 1165 118 35 d'esprit
3206 1167 30 25 et
3249 1173 50 25 par

2532 1198 47 19 ses
2604 1193 149 27 dernières
2773 1199 191 28 campagnes,
2988 1196 112 27 semble
3125 1191 174 39 disqualifié,

2532 1224 70 26 c'est
2614 1224 67 26 bien
2693 1226 39 25 M.
2746 1225 116 27 Méline.

2561 1256 43 25 Au
2617 1263 84 20 cours
2717 1256 87 28 d'une
2818 1256 177 34 législature,
3014 1264 38 21 en
3074 1264 47 22 un
3131 1261 97 32 temps
3243 1260 39 27 d'a-

2531 1286 164 28 paisement
2721 1289 154 31 extérieur,
2906 1289 141 33 quelques
3072 1292 113 25 années
3209 1292 86 31 après

2531 1315 190 33 l'expérience
2750 1320 37 26 du
2804 1322 131 32 système
2965 1320 183 32 aujourd'hui
3175 1322 120 31 discuté,

2530 1348 27 26 la
2572 1349 83 31 place
2670 1350 35 26 de
2720 1352 45 24 cet
2779 1351 119 27 homme
2911 1351 148 33 politique,
3085 1352 50 30 qui
3151 1354 92 26 certes
3260 1359 35 20 ne

2531 1385 128 27 manque
2673 1387 53 26 pas
2753 1381 35 27 de
2810 1382 110 31 valeur,
2950 1384 48 26 est
3011 1382 129 33 possible
3152 1383 77 27 dans
3253 1384 43 26 les

2530 1411 125 26 conseils
2670 1413 37 26 du
2724 1416 244 28 gouvernement.

2558 1442 24 24 A
2603 1442 109 27 l'heure
2740 1446 131 30 actuelle,
2900 1446 20 25 il
2943 1446 87 32 s'agit
3059 1446 34 27 de
3122 1446 67 26 bien
3214 1447 81 26 autre

2530 1472 97 27 chose.
2644 1474 40 26 Le
2699 1474 152 28 ministère
2865 1478 37 25 de
2915 1476 118 27 demain
3048 1478 103 26 n'aura
3167 1478 53 26 des
3242 1478 40 26 rai-

2531 1509 72 20 sons
2620 1504 35 27 de
2669 1504 78 27 vivre
2763 1507 69 31 qu'à
2843 1507 27 26 la
2884 1508 148 26 condition
3046 1508 35 26 de
3099 1508 84 31 tenir,
3209 1508 71 26 vis-à-

2528 1534 43 26 -vis
2585 1535 54 26 des
2652 1537 182 35 puissances,
2849 1544 57 21 une
2920 1539 136 26 conduite
3066 1539 98 27 habile
3185 1541 31 24 et
3242 1540 40 26 fer-

2528 1571 56 25 me,
2598 1573 77 20 mais
2698 1574 58 19 non
2780 1569 156 32 exclusive,
2965 1572 30 24 et
3018 1571 17 25 à
3063 1569 168 32 l'intérieur,
3260 1570 34 28 de

2526 1598 133 26 montrer
2675 1599 65 33 qu'il
2756 1606 149 30 gouverne
2931 1600 30 26 ni
2978 1607 74 26 pour
3066 1607 59 20 une
3154 1602 87 31 école,
3265 1602 30 26 ni

2526 1635 71 26 pour
2610 1636 58 20 une
2683 1632 115 28 coterie,
2811 1632 78 26 mais
2916 1637 37 21 en
2976 1638 58 21 vue
3059 1632 34 27 do
3122 1633 172 31 poursuivre

2525 1658 118 28 l'œuvre
2656 1662 207 32 républicaine.

2557 1691 37 26 M.
2611 1689 107 31 Méline
2733 1693 76 26 n'est
2833 1700 56 32 pas
2915 1694 135 28 l'homme
3072 1695 39 27 du
3125 1697 97 31 temps
3234 1696 46 32 pré-

2525 1723 66 24 sent
2622 1726 30 24 et
2675 1724 37 25 M.
2740 1726 109 25 Carnot
2875 1726 94 26 aurait
2991 1726 39 26 dû
3053 1727 26 26 le
3105 1727 189 35 comprendre

2525 1754 89 25 avant
2629 1754 35 26 de
2678 1754 39 26 lui
2739 1755 111 26 confier
2872 1762 59 20 une
2953 1757 126 27 mission
3092 1759 69 32 qu'il
3175 1759 40 26 lui
3228 1763 66 21 sera

2529 1785 168 32 impossible
2712 1785 34 27 de
2760 1792 105 22 mener
2877 1787 18 26 à
2908 1787 74 28 bien.

2557 1847 52 28 Du
2631 1847 154 30 Voltaire
2804 1856 8 21 :

2552 1909 77 26 C'est
2649 1915 71 21 avec
2743 1916 59 20 une
2831 1911 128 27 certaine
2988 1912 130 32 surprise
3131 1918 57 26 que
3201 1912 59 27 l'on
3275 1919 18 20 a

2524 1941 98 32 appris
2636 1941 63 26 hier
2711 1948 56 26 que
2777 1942 39 27 M.
2833 1942 107 26 Méline
2955 1943 79 25 avait
3056 1944 45 24 été
3118 1943 107 37 chargé
3240 1950 53 28 par

2523 1971 38 27 M.
2578 1972 28 25 le
2621 1972 148 31 président
2784 1974 37 25 de
2832 1974 30 25 la
2874 1974 180 32 République
3070 1974 35 26 do
3119 1974 30 26 la
3165 1980 126 21 mission

2524 2002 33 26 de
2574 2003 167 25 constituer
2754 2009 40 20 un
2811 2003 123 26 cabinet.

2551 2033 38 26 El
2601 2035 138 28 pourtant
2750 2040 38 19 on
2803 2034 78 26 n'eût
2896 2041 52 26 pas
2956 2035 39 26 dû
3009 2036 63 27 s'en
3085 2036 131 27 étonner.
3235 2037 53 26 Car

2522 2063 35 26 M.
2572 2065 119 30 Carnot,
2711 2065 113 37 chaque
2838 2065 56 26 fois
2920 2067 106 31 qu'une
3053 2067 74 26 crise
3157 2068 117 26 ministé-

2522 2094 81 27 rielle
2621 2101 33 20 se
2670 2095 128 32 produit,
2828 2102 37 20 ne
2881 2104 129 26 manque
3035 2104 54 26 pas
3107 2098 148 32 d'appeler
3270 2099 18 25 à

2520 2125 124 33 l'Elysée
2666 2132 50 21 ses
2740 2127 85 30 amis,
2843 2127 66 27 MM.
2926 2128 110 30 Tirard,
3065 2128 111 26 Loubet
3190 2130 30 26 et
3234 2130 38 26 Mé-

2520 2156 66 27 line.

2554 2189 125 26 Comme
2693 2189 20 25 il
2727 2190 71 25 était
2809 2190 67 31 plus
2895 2196 57 26 que
2966 2190 119 26 difficile
3104 2190 35 27 de
3154 2191 136 34 repêcher

2523 2219 43 26 les
2582 2219 79 26 deux
2674 2220 155 31 premiers,
2837 2228 39 19 on
2895 2228 19 19 a
2928 2222 90 26 tendu
3045 2228 72 19 sans
3141 2222 109 26 hésiter
3262 2222 27 25 la

2520 2249 80 38 ligne
2619 2257 40 19 au
2675 2251 125 26 dernier.
2817 2251 35 26 Et
2865 2252 37 25 M.
2916 2251 116 30 Méline,
3048 2258 37 19 en
3098 2252 59 25 bon
3170 2251 119 33 poisson

2523 2280 111 31 d'avril,
2655 2282 71 26 s'est
2739 2284 149 28 empressé
2896 2283 37 26 de
2947 2283 116 25 mordre
3078 2282 17 26 à
3111 2283 115 33 l'appât.

2554 2311 40 26 Le
2609 2311 152 33 président
2774 2313 37 27 de
2835 2313 28 26 la
2891 2313 181 37 République
3084 2314 116 26 croirait
3216 2320 72 20 sans

2524 2342 89 27 doute
2628 2343 85 26 sortir
2726 2342 37 27 do
2778 2349 54 20 son
2856 2343 59 27 rôle
2939 2343 247 30 constitutionnel,
3201 2346 44 25 s'il
3257 2350 32 21 se

2522 2375 165 28 permettait
2701 2375 38 25 de
2765 2374 163 27 s'adresser
2947 2375 18 26 à
2980 2375 128 26 d'autres
3130 2382 141 25 personna-

2522 2401 65 28 lités
2611 2405 223 31 républicaines.
2862 2407 45 25 On
2931 2412 18 20 a
2973 2405 76 28 beau
3071 2407 122 32 répéter,
3209 2408 74 25 dans

2523 2434 139 32 quelques
2676 2440 83 20 rares
2772 2435 157 31 journaux,
2961 2443 57 25 que
3031 2437 28 26 le
3072 2437 66 25 chef
3151 2437 37 26 de
3201 2437 86 26 l'Etat

2522 2470 50 22 nei
2581 2471 15 19 s
2604 2465 110 31 inspire
2728 2472 64 25 pas,
2809 2466 74 26 dans
2900 2473 48 19 ses
2961 2466 92 31 choix,
3064 2467 35 25 de
3116 2473 47 19 ses
3176 2473 93 26 sympa-

2522 2494 74 26 thies
2609 2502 38 19 ou
2662 2496 37 26 de
2713 2502 48 20 ses
2791 2497 177 32 antipathies
2985 2505 6 17 :
3004 2498 44 26 les
3072 2497 69 27 faits
3156 2498 131 26 donnent

2523 2532 38 19 un
2576 2525 130 33 flagrant
2718 2526 129 26 démenti
2862 2528 18 25 ù.
2891 2533 57 20 nos
2970 2528 152 28 confrères
3136 2529 151 32 beaucoup

2522 2558 60 30 trop
2594 2556 181 34 indulgents.

2557 2615 48 30 Du
2616 2615 92 30 Petit
2720 2616 165 28 Parisien
2901 2623 8 21 :

2552 2676 46 26 Un
2614 2675 151 28 ministère
2779 2676 116 33 présidé
2916 2683 53 26 par
2995 2679 39 26 M.
3064 2679 107 27 Méliiie
3201 2681 90 26 serait

2523 2708 139 32 peut-être
2676 2714 77 20 venu
2765 2708 18 26 à
2798 2714 53 20 son
2865 2708 91 26 heure
2972 2709 98 31 quand
3091 2711 21 25 il
3143 2712 148 31 s'agissait

2524 2739 33 25 de
2570 2738 110 33 diriger
2692 2739 28 25 la
2735 2740 135 31 majorité
2884 2740 244 34 protectionniste
3142 2741 39 25 du
3196 2741 79 26 Parle-

2523 2771 87 28 ment,
2627 2769 77 26 mais
2717 2770 19 24 il
2750 2772 46 24 est
2807 2770 18 26 à
2838 2771 133 26 craindre
2985 2778 58 25 que
3072 2778 32 20 ce
3129 2772 162 30 ministère,

2524 2799 41 26 s'il
2581 2805 32 20 se
2623 2799 61 30 l'ait,
2701 2805 39 21 ne
2752 2800 105 26 vienne
2889 2803 64 31 trop
2979 2802 66 26 tard
3076 2804 28 25 et
3130 2803 66 31 qu'il
3222 2804 69 25 n'ait

2524 2832 97 25 contre
2646 2831 50 28 lui,
2720 2832 83 26 outre
2844 2831 195 33 l'importante
3078 2832 137 26 minorité
3240 2833 51 26 des

2524 2862 280 32 libre-échangistes,
2819 2864 69 25 tous
2898 2869 76 20 ceux
2989 2864 58 31 qui,
3063 2864 120 32 n'ayant
3194 2864 66 32 plus
3275 2864 15 26 à

2524 2898 33 20 se
2568 2893 176 32 préoccuper
2761 2893 37 26 de
2819 2891 31 27 la
2880 2894 137 34 question
3044 2894 51 26 des
3119 2895 96 28 tarifs,
3242 2895 48 32 qui

2524 2924 65 25 sont
2601 2923 93 32 votés,
2711 2923 242 26 demanderaient
2968 2930 38 19 au
3019 2929 132 21 nouveau
3163 2924 125 31 cabinet,

2524 2954 58 26 àla
2596 2954 86 26 veille
2699 2954 51 26 des
2763 2954 141 26 élections
2935 2955 163 35 générales,
3124 2955 167 31 d'affirmer,

2524 2991 37 20 au
2578 2985 83 32 point
2674 2985 35 25 de
2721 2991 56 20 vue
2791 2985 193 32 républicain,
2999 2992 58 24 une
3072 2986 137 33 politique
3230 2988 46 25 net-

2524 3017 117 26 tement
2654 3014 203 33 progressiste.

2558 3078 51 30 Du
2621 3077 109 31 Siècle
2745 3085 8 20 :

2555 3138 90 30 Ainsi,
2659 3138 27 26 le
2700 3139 65 25 vote
2792 3138 38 26 de
2844 3138 28 26 la
2883 3138 144 27 Chambre
3043 3138 39 27 du
3096 3138 33 27 30
3139 3145 81 21 mars
3228 3145 50 20 con-

2524 3171 44 25 tre
2582 3170 30 26 la
2627 3170 177 31 disjonction
2831 3169 35 26 de
2896 3170 111 32 l'impôt
3032 3170 51 26 des
3111 3171 137 26 boissons
3276 3177 17 19 a

2525 3207 71 30 pour
2610 3201 206 31 conséquenco
2830 3200 34 26 de
2876 3206 156 21 renverser
3044 3207 40 20 un
3094 3201 116 26 cabinet
3219 3202 74 25 dont

2524 3233 27 24 le
2565 3230 149 32 président
2733 3230 39 26 du
2789 3230 110 26 conseil
2914 3230 77 26 avait
3005 3231 66 25 volé
3096 3237 73 25 pour
3195 3231 28 25 la
3252 3233 28 24 ré-

2525 3262 92 25 l'orme
2634 3262 27 25 et
2676 3262 37 26 de
2726 3262 163 26 constituer
2919 3268 40 19 un
2987 3262 154 26 ministère
3167 3262 72 26 dont
3267 3262 26 26 le

2524 3293 151 32 président
2691 3292 39 26 du
2743 3292 110 26 conseil
2865 3299 18 19 a
2896 3293 65 25 voté
2985 3294 109 25 contre.

2556 3325 22 24 A
2591 3330 76 25 coup
2682 3325 61 27 sûr,
2759 3322 70 25 c'est
2844 3328 57 20 une
2914 3322 126 26 raillerie
3063 3324 58 25 fort
3136 3324 157 32 spirituelle

2526 3359 56 27 que
2621 3354 39 25 M.
2707 3353 26 26 le
2777 3353 151 32 président
2972 3353 37 26 do
3047 3353 30 26 la
3116 3353 177 33 République

2526 3385 122 25 adresse
2661 3384 18 26 à
2692 3384 28 26 la
2747 3384 155 27 Chambre.
2915 3385 26 24 Il
2955 3384 28 26 la
2998 3386 63 25 met
3072 3390 39 21 en
3124 3385 168 31 pénitence.

2524 3415 24 25 11
2559 3415 40 25 lui
2615 3415 43 25 dit
2672 3423 8 17 :

2552 3445 87 26 —Ah
2648 3446 6 24 !
2669 3446 34 25 tu
2717 3451 35 20 as
2766 3445 141 26 renversé
2922 3451 39 20 un
2974 3445 118 26 cabinet
3113 3451 85 26 parce
3227 3446 66 32 qu'il

2524 3477 102 25 n'était
2639 3481 54 27 pas
2707 3482 85 21 assez
2811 3477 132 32 partisan
2970 3477 37 26 de
3033 3476 27 26 la
3086 3477 128 26 réforme
3241 3477 53 26 des

2525 3507 151 30 boissons,'
2686 3507 125 32 quoique
2823 3514 53 19 son
2891 3507 150 32 président
3056 3509 50 24 eût
3119 3509 67 24 voté
3197 3514 76 25 pour
3287 3510 6 22 !

2524 3536 123 26 Attends
2659 3542 39 20 un
2714 3542 54 27 peu
2784 3539 6 24 I
2805 3537 35 25 Je
2850 3539 63 24 vais
2926 3539 30 24 te
2968 3537 112 26 donner
3111 3543 41 19 un
3178 3539 117 25 cabinet

2525 3568 69 26 dont
2600 3568 27 25 le
2641 3568 150 31 président
2804 3574 73 21 aura
2895 3569 67 26 voté
2989 3569 107 26 contre.
3129 3569 66 26 Cela
3224 3569 57 32 t'ap-

2523 3598 129 33 prendra
2661 3600 38 25 !...

2557 3656 52 28 Du
2735 3654 106 31 Siècle
2856 3660 11 25 t

2551 3715 40 25 Le
2620 3713 116 27 cabinet
2761 3713 72 26 dont
2862 3713 38 26 M.
2928 3712 105 27 Méline
3053 3718 67 22 sera
3133 3713 28 27 le
3174 3713 67 27 chef
3254 3720 35 20 ne

2524 3744 111 26 semble
2652 3744 120 32 pouvoir
2786 3744 63 25 être
2861 3744 90 31 qu'un
2969 3744 116 26 cabinet
3100 3751 86 20 assez
3197 3746 92 28 terne,

2523 3775 152 31 rappelant
2691 3774 113 25 d'assez
2817 3774 78 31 prés,
2909 3781 54 24 par
2970 3781 50 19 ses
3037 3775 126 31 origines
3178 3781 111 21 comme

2522 3810 52 26 par
2589 3810 54 19 son
2655 3803 187 31 orientation,
2869 3809 74 21 ceux
2975 3804 48 32 qui
3043 3803 100 27 furent
3157 3806 131 31 présidés

2523 3841 53 25 par
2588 3835 40 25 M.
2640 3834 112 26 Tirard.

2555 3866 38 24 Ce
2608 3865 74 25 n'est
2707 3870 54 26 pas
2789 3870 52 20 sur
2854 3870 41 20 un
2919 3866 38 25 tel
2973 3865 116 27 cabinet
3104 3872 56 26 que
3174 3867 28 26 le
3215 3868 74 31 parti

2524 3894 177 33 républicain
2718 3901 33 20 se
2765 3895 110 26 sentait
2889 3901 37 20 en
2939 3895 74 26 droit
3028 3895 37 26 de
3077 3899 130 30 compter
3215 3904 74 26 pour

2523 3926 177 26 rassembler
2714 3927 97 26 toutes
2825 3932 48 21 ses
2896 3927 94 26 forces
3000 3928 30 25 et
3044 3934 72 28 pour
3130 3928 118 32 réparer
3260 3928 27 26 le

2524 3956 59 26 mal
2597 3961 57 26 que
2666 3957 44 25 les
2739 3957 164 30 faiblesses,
2930 3958 44 26 les
2996 3958 174 27 hésitations
3185 3959 37 25 de
3235 3965 51 20 ses

2522 3986 227 33 prédécesseurs
2771 3989 52 24 ont
2837 3987 52 25 fait
2913 3993 37 20 ou
2980 3987 92 26 laissé
3087 3989 83 30 faire,
3185 3991 30 24 et
3228 3990 59 25 l'on

2522 4018 96 26 aurait
2628 4017 69 27 bien
2720 4018 94 32 plutôt
2842 4018 86 26 motif
2957 4018 35 26 de
3005 4018 92 26 croire
3111 4019 118 32 qu'avec
3244 4025 44 19 un

2520 4049 40 25 tel
2588 4051 233 28 gouvernement
2845 4049 30 25 la
2903 4049 156 28 désunion,
3091 4050 27 25 le
3145 4050 139 27 désordre

2519 4077 80 27 •dans
2611 4078 43 26 les
2668 4078 113 31 esprits,
2789 4084 39 21 ne
2842 4078 63 30 fera
2919 4085 57 24 que
2992 4081 172 28 s'accroître.

2557 4136 52 30 Du
2630 4136 142 31 Gaulois
2785 4142 11 24 :

2558 4185 78 26 C'est
2648 4185 201 26 évidemment
2861 4185 28 25 la
2916 4185 141 26 situation
3072 4186 34 26 de
3119 4186 38 26 M.
3184 4186 106 27 Méline

2520 4221 116 20 comme
2652 4214 67 27 chef
2732 4214 86 26 d'une
2831 4215 137 32 majorité
2981 4215 96 31 réelle,
3106 4222 38 18 au
3157 4217 83 31 point
3256 4218 34 25 de

2520 4252 56 20 vue
2600 4245 200 33 économique,
2831 4246 48 32 qui
2896 4253 19 19 a
2941 4247 74 26 dicté
3031 4247 28 26 le
3086 4247 84 26 choix
3183 4247 38 26 de
3250 4248 38 25 M.

2520 4277 119 26 Carnot.

2550 4305 79 28 Mfcis
2641 4312 57 20 une
2707 4306 137 32 majorité
2862 4307 193 32 économique
3072 4309 77 25 n'est
3164 4313 56 27 pas
3234 4313 57 20 une

2520 4338 135 32 majorité
2670 4338 148 32 politique,
2844 4341 30 24 et
2902 4338 38 25 M.
2956 4338 116 30 Méline,
3091 4345 40 19 au
3158 4338 83 33 point
3254 4338 37 26 de

2520 4375 56 20 vue
2591 4369 146 31 politique,
2753 4375 38 19 ne
2809 4369 169 32 représente
2993 4376 54 25 pas
3061 4376 41 19 un
3119 4375 112 27 groupe
3247 4376 30 19 ca-

2522 4398 84 32 pable
2622 4398 146 26 d'assurer
2961 4400 69 25 d'un
3045 4402 242 28 gouvernement.

2519 4429 87 26 Aussi
2639 4429 167 26 convient-il
2835 4429 35 26 de
2902 4429 131 26 réserver
3060 4436 56 19 son
3136 4430 155 32 jugement

2517 4461 118 31 jusqu'à
2654 4460 104 26 l'issue
2784 4460 37 26 de
2837 4466 48 20 ses
2913 4460 213 32 négociations,
3152 4461 138 32 quoiqu'à

2518 4491 143 32 première
2672 4496 56 19 vue
2739 4489 20 26 il
2774 4495 39 20 ne
2994 4498 53 25 pas
3063 4498 58 25 que
3150 4491 28 26 le
3207 4491 84 26 futur'

2518 4521 150 32 président
2681 4521 39 25 du
2733 4522 110 25 Conseil
2857 4521 58 25 soit
2939 4521 86 26 d'une
3040 4521 87 26 étoffe
3144 4527 86 20 assez
3248 4518 28 30 ré-

2520 4552 128 27 sistante
2661 4557 73 26 pour
2748 4551 87 27 durer
2849 4552 159 31 jusqu'aux
3022 4552 157 27 élections.
3231 4551 4 32 -

2551 4610 47 28 De
2609 4610 30 27 la
2652 4607 145 37 Justice,
2823 4615 78 24 sous
2927 4609 30 30 la
2986 4609 162 35 signature
3178 4610 39 28 de
3247 4611 47 27 iIT-

2516 4644 34 31 G.
2567 4644 141 30 Pelletan
2722 4652 9 21 :

2548 4702 46 25 On
2620 4702 162 31 reprochait
2805 4708 39 20 au
2874 4702 116 26 cabinet
3021 4702 154 26 antérieur
3200 4703 89 26 d'être

2518 4730 89 27 faible
2622 4733 30 25 et
2666 4733 99 25 effacé.
2781 4733 41 25 Le
2837 4731 116 26 cabinet
2968 4733 89 31 qu'on
3065 4739 77 20 nous
3155 4739 135 20 annonce

2518 4768 66 20 sera
2593 4768 43 20 un
2648 4768 58 26 peu
2719 4762 99 26 moins
2826 4762 128 26 éclatant
2962 4769 6 22 ;
2985 4762 86 32 mais,
3083 4768 37 21 en
3132 4763 154 32 revanche,

2517 4793 20 25 il
2554 4799 69 20 sera
2637 4799 39 20 un
2689 4799 57 26 peu
2760 4793 99 26 moins
2875 4794 65 25 fort.

2546 4825 39 25 M.
2600 4824 28 26 le
2641 4824 150 32 président
2803 4824 37 27 de
2850 4824 30 25 la
2895 4825 181 32 République
3089 4825 77 26 aime
3181 4826 45 26 les
3246 4827 28 24 to-

2517 4854 107 26 nalités
2641 4854 105 27 douces
2760 4863 7 17 :
2786 4854 28 27 le
2826 4854 154 28 ministère
2994 4860 136 22 nouveau
3150 4856 41 27 esl
3219 4856 67 27 bien

2516 4886 89 30 signé
2615 4885 33 26 de
2661 4886 51 26 lui.

2548 4917 39 25 M.
2602 4916 106 27 Méline
2722 4918 47 25 est
2783 4917 71 27 cher
2883 4917 18 26 à
2915 4917 206 32 l'agricûHure.
3148 4918 86 26 Aussi
3261 4918 38 25 le'

2518 4948 193 24 nomme-t-on.
2725 4946 92 31 garde
3248 4946 51 27 du*

2517 4975 120 28 conseil.
2856 4975 1 28 '

2550 5033 53 30 Du
2615 5033 146 31 Radical
2776 5040 12 22 i

2545 5089 25 26 Il
2583 5089 46 32 n'y
2637 5094 18 20 a
2670 5094 56 27 pas
2743 5094 40 20 un
2810 5094 187 27 personnage
3019 5091 138 32 politique
3167 5093 48 31 qui
3231 5093 52 25 soit-

2516 5121 65 32 plus
2596 5120 206 32 antipathique
2826 5127 38 19 au
2891 5126 72 27 pays
2992 5126 58 27 que
3065 5121 26 26 le
3113 5121 105 33 député
3234 5124 53 26 des

2515 5152 120 32 Vosges.
2654 5152 59 25 Son
2726 5157 71 20 nom
2813 5150 46 27 est
2874 5157 164 27 synonyme
3050 5152 180 33 defdésastre
3243 5154 28 25 in-

2515 5183 133 26 dustriel.
2663 5184 31 25 et
2707 5183 72 25 c'est
2792 5181 40 26 lui
2850 5184 87 30 qu'on
2961 5185 70 25 veut
3045 5183 99 33 placer
3156 5184 18 27 à
3185 5184 30 27 la
3229 5186 58 26 tôte

2516 5212 38 27 du
2567 5213 242 32 gouvernement.

2544 5244 56 27 Les
2615 5243 235 26 réactionnaires
2876 5244 100 26 seront
3005 5244 231 27 véritablement
3247 5246 27 25 in-

2515 5276 81 30 grats
2615 5274 63 26 s'ils
2702 5280 34 20 se
2764 5274 152 31 plaignent
2942 5275 37 25 de
3005 5281 33 20 ce
3051 5275 93 26 choix.
3158 5277 76 25 Rien
3249 5284 38 19 ne

2515 5307 69 30 peut
2591 5307 102 25 mieux
2709 5303 92 27 servir
2816 5304 63 27 leur
2891 5310 90 26 cause
3007 5311 58 27 que
3085 5311 32 22 ce
3130 5306 56 31 défi
3202 5308 18 26 à
3233 5308 35 27 l'o
3278 5322 9 6 -

2518 5336 100 31 pinion
2630 5336 150 31 publique.

2550 5394 45 28 De
2622 5394 41 31 M.
2693 5394 40 30 H.
2753 5392 189 40 .Roclieforl,
2968 5394 80 37 dajjs
3084 5394 183 33 Vlntransi-

2515 5431 107 35 geant
2637 5438 11 22 :

2545 5484 59 30 Que
2616 5484 28 26 le
2657 5483 197 27 malheureux
2867 5483 116 31 Carnot,
2999 5485 70 26 hors
3083 5485 92 27 d'état
3188 5486 37 26 de
3234 5486 40 26 for-

2517 5519 60 21 mer
2589 5520 41 20 un
2646 5512 155 28 ministère
2816 5513 124 32 potable,
2966 5516 30 24 et
3009 5516 156 31 incapable
3177 5516 37 26 de
3227 5523 46 20 ren-

2516 5551 86 26 voyer
2613 5545 76 26 cette
2700 5544 239 33 représentation
2966 5551 39 19 on
3033 5551 39 20 ne
3096 5548 71 30 peut
3189 5546 98 26 moins

2518 5576 155 31 nationale,
2700 5581 34 21 se
2760 5574 63 27 voit
2845 5575 96 32 obligé
2967 5575 35 26 de
3026 5576 112 26 traîner
3150 5577 137 32 jusqu'au

2518 5607 74 26 mois
2604 5606 146 26 d'octobre
2776 5607 76 25 cette
2874 5604 129 32 guenille
3018 5606 71 26 dont
3103 5607 184 31 l'ignominie

2518 5637 130 32 apparaît
2662 5636 38 26 de
2713 5636 69 32 plus
2797 5641 39 20 en
2850 5636 66 31 plus
2937 5636 184 32 répugnante
3136 5642 19 21 a
3175 5639 112 31 travers

2518 5668 26 28 le
2557 5676 13 17 «
2584 5668 143 37 manteau
2744 5668 84 27 troué
2839 5674 13 17 »
2870 5666 35 28 de
2919 5666 28 27 la
2960 5668 185 35 coacuggion;

1837 470 231 39 OFFRANDES
2099 468 288 41 OBLIGATOIRES

1724 554 51 32 Le
1801 555 165 38 mariage
1995 556 47 28 du
2073 554 130 39 prince
2229 552 214 32 Ferdinand

1805 594 255 39 Souscription
2081 602 96 30 pour
2200 601 51 21 un
2281 592 139 31 cadeau

2020 634 44 28 de
2079 641 124 21 noces.

1759 712 102 31 SOFIA,
1877 711 45 27 IER
1932 709 89 30 avril.
2035 724 33 5 _
2082 709 70 28 par
2171 707 133 28 service
2319 707 178 33 spécial.—

1769 746 96 27 Outre
1878 745 30 28 le
1923 745 119 28 cadeau
2055 744 39 27 de
2107 750 97 22 noces
2217 742 53 35 qui
2288 748 72 22 sera
2375 741 91 27 offert
2479 741 18 27 à

1723 782 30 27 la
1766 781 104 27 future
1883 780 118 27 femme
2010 780 44 27 du
2068 778 109 34 prince
2192 784 56 28 par
2259 784 45 20 un
2333 775 115 30 comité
2458 775 38 27 de

1723 817 110 27 dames
1847 816 94 33 ayant
1956 814 18 30 à
1984 821 35 21 sa
2034 813 64 28 tête
2120 813 85 28 Mme
2218 811 219 32 Stambouloff,
2453 817 43 21 un

1723 852 117 27 cadeau
1859 857 73 20 sera
1946 850 92 27 offert
2052 848 18 30 à
2085 848 30 28 la
2143 847 162 37 princesse
2320 853 56 30 par
2383 846 31 28 le
2420 852 58 30 gou-

1723 886 198 27 vernement.

1759 922 43 27 La
1815 927 124 21 somme
1951 919 182 31 nécessaire
2146 926 79 30 pour
2241 919 28 28 le
2281 917 139 38 premier
2448 924 31 21 se-

1722 956 59 28 rait
1793 956 110 28 réunie
1918 963 40 21 au
1971 963 116 27 moyen
2102 956 94 27 d'une
2209 953 213 35 souscription
2443 960 35 21 ou-

1722 992 87 28 verte
1825 991 79 30 dans
1917 991 87 28 toute
2021 990 27 28 la
2062 990 158 37 Bulgarie.
2232 989 79 30 Mais
2326 996 124 21 comme
2464 989 28 27 le

1722 1028 104 34 temps
1840 1033 111 33 presse
1968 1028 31 27 et
2013 1035 61 28 que
2101 1026 28 27 le
2150 1024 115 30 comité
2296 1023 64 30 doit
2388 1023 106 30 savoir

1722 1062 56 30 dès
1791 1062 196 28 maintenant
2002 1062 38 28 de
2055 1061 104 37 quelle
2173 1067 125 22 somme
2327 1061 21 26 il
2376 1067 118 28 pourra

1722 1098 155 34 disposer,
1894 1106 39 20 en
1948 1100 71 26 tout
2031 1106 63 25 cas,
2113 1104 40 21 on
2167 1106 19 19 a
2198 1094 120 34 décidé,
2335 1102 77 24 avec
2421 1094 56 30 l'as-

1721 1133 174 30 sentiment
1909 1133 43 28 du
1968 1133 119 28 conseil
2102 1133 57 28 des
2172 1131 241 34 ministres,que
2420 1131 72 27 tous

1720 1169 47 28 les
1795 1168 162 35 employés
1985 1168 135 28 devront
2146 1173 168 22 consacrer
2341 1165 18 28 à
2382 1172 37 21 ce
2446 1173 31 21 ca-

1720 1205 81 28 deau
1827 1205 19 27 5
1870 1204 56 35 0/0
1946 1204 40 28 de
2013 1204 86 28 leurs
2131 1202 254 37 appointements
2407 1208 64 21 men-

1722 1240 97 33 suels,
1839 1247 128 21 mesure
1994 1240 53 35 qui
2076 1238 194 38 permettrait
2297 1237 149 31 d'arriver
2474 1237 18 30 à

1719 1276 118 33 200,000
1846 1276 115 28 francs.
1970 1276 5 33 •

1860 1365 209 24 DANGEREUX
2107 1363 246 26 MALFAITEURS

1755 1459 152 33 ORLÉANS,
1920 1459 46 32 .I"''
1980 1457 89 28 avril.
2072 1473 34 5 —
2107 1459 78 27 Par
2198 1455 131 30 service
2341 1454 148 37 spécial.

1768 1495 47 28 Un
1840 1494 53 30 vol
1919 1501 77 21 avec
2022 1492 163 31 effraction
2216 1493 31 27 et
2270 1491 154 28 tentative
2451 1491 38 28 de

1720 1531 138 28 meurtre
1872 1528 87 28 vient
1989 1530 118 28 d'avoir
2134 1528 64 27 lieu
2222 1527 19 28 à
2268 1526 28 30 la
2321 1526 167 34 Gremure,

1720 1572 169 21 commune
1904 1564 148 30 d'Ardon.

1755 1602 64 28 Des
1834 1602 197 28 malfaiteurs
2047 1602 54 28 ont
2114 1599 130 38 pénétré
2257 1600 78 27 dans
2365 1599 31 28 la
2408 1597 60 30 mai-

1717 1644 60 21 son
1793 1637 125 28 habitée
1931 1644 58 30 par
2002 1637 28 28 la
2059 1637 117 28 femme
2202 1635 156 37 Vergroth
2386 1635 32 27 et
2432 1636 56 26 ont

1720 1672 117 28 dérobé
1847 1674 71 27 tout
1932 1680 37 21 ce
1982 1672 92 35 qu'ils
2088 1674 56 26 ont
2159 1680 44 32 pu
2218 1670 103 30 saisir.

1753 1707 196 31 Découverts
1964 1715 57 28 par
2033 1714 43 22 un
2088 1706 107 30 voisin
2219 1714 40 22 au
2282 1706 144 28 moment
2445 1706 41 28 où

1717 1743 39 28 ils
1773 1743 126 28 allaient
1913 1750 35 21 se
1958 1743 112 28 retirer
2088 1750 77 21 avec
2178 1742 30 28 le
2223 1741 126 35 produit
2361 1741 40 28 de
2418 1741 69 28 leur

1716 1779 63 34 vol,
1791 1778 39 30 ils
1846 1778 180 28 tombèrent
2041 1785 56 21 sur
2112 1778 28 27 le
2165 1776 210 30 malheureux
2405 1778 31 26 et
2457 1776 28 27 le

1716 1813 177 30 blessèrent
1909 1814 27 28 si
1963 1813 200 37 grièvement
2190 1812 93 35 qu'on
2311 1811 174 37 désespère

1716 1850 38 27 de
1768 1850 28 27 le
1814 1856 124 21 sauver.

1877 1942 167 25 CUIRASSE
2081 1939 252 27 IMPERMÉABLE

1749 2013 131 34 Vienne,
1896 2013 47 30 ler.
1950 2010 87 31 avril.
2102 2011 70 30 Par
2189 2011 132 31 service
2333 2010 145 35 spécial.

1711 2049 130 35 D'après
1854 2049 57 28 des
1925 2048 226 35 télégrammes
2176 2048 40 27 de
2231 2047 195 35 Presbourg,
2441 2053 40 21 ou

1711 2093 18 20 a
1746 2083 138 38 procédé
1899 2083 79 34 hier,
1996 2083 80 28 dans
2102 2083 31 28 la
2152 2082 141 37 fabrique
2308 2082 40 28 de
2361 2082 104 27 cartou-

1713 2120 78 28 ches
1806 2120 40 28 de
1863 2121 81 26 cette
1970 2119 84 34 ville,
2080 2119 19 28 à
2124 2119 56 28 des
2204 2118 99 30 essais
2320 2117 40 30 de
2372 2117 40 30 tir
2427 2124 54 21 sur

1716 2163 65 22 une
1795 2154 131 30 matière
1941 2153 18 30 à
1971 2153 159 37 l'épreuve
2146 2153 57 28 des
2213 2153 112 28 balles.

1747 2192 64 27 Des
1826 2190 206 35 expériences
2060 2190 53 27 ont
2141 2189 50 28 été
2213 2189 91 28 faites
2327 2187 18 30 à
2368 2189 37 30 50
2420 2187 41 30 mè-

1709 2226 66 28 tres
1791 2232 76 21 avec
1879 2225 31 28 le
1933 2224 76 28 fusil
2028 2225 20 27 à
2076 2224 169 35 répétition
2271 2224 208 28 Mannlicher.

1710 2262 47 27 On
1773 2269 19 20 a
1806 2259 141 30 constaté
1962 2268 64 21 une
2040 2258 210 30 déformation
2263 2258 159 37 complète
2437 2259 43 28 du

1711 2296 161 34 projectile
1884 2303 7 25 ;
1926 2294 195 43 l'enveloppe
2154 2293 113 31 d'acier
2300 2302 19 20 a
2341 2293 72 31 volé
2441 2301 39 22 en

1711 2330 96 30 éclats
1824 2333 30 27 et
1865 2330 32 28 la
1911 2329 83 30 balle
2006 2329 39 28 de
2061 2329 106 35 plomb
2181 2336 20 20 a
2216 2329 109 31 fondu.

1891 2426 158 25 INCENDIE
2085 2427 22 21 A
2144 2424 154 26 MANILLE

1744 2513 142 33 Madrid,
1903 2513 43 28 ler
1957 2512 89 30 avril.
2105 2512 70 28 Par
2189 2510 135 30 service
2337 2509 139 37 spécial.

1711 2550 47 27 On
1770 2548 194 37 télégraphie
1981 2549 39 28 de
2029 2546 130 28 Manille
2177 2545 74 43 (iles_
2258 2545 219 35 Philippines),

1713 2584 94 39 qu'un
1824 2584 128 28 terrible
1967 2583 146 28 incendie
2126 2589 19 21 a
2157 2580 100 31 éclaté
2272 2580 80 30 dans
2361 2578 30 30 la
2406 2578 53 30 ban-

1711 2620 81 27 lieue
1808 2619 39 28 de
1861 2617 138 30 Manille.

1744 2654 180 28 L'incendie
1938 2661 19 21 a
1970 2653 98 30 causé
2089 2653 32 28 la
2150 2652 81 30 mort
2257 2649 39 30 de
2311 2649 72 35 cinq
2396 2649 66 28 indi-

1709 2689 102 35 gènes
1820 2698 7 25 ;
1845 2688 20 28 il
1881 2696 20 27 y
1917 2695 70 22 aeu
2002 2687 172 35 vingt-huit
2204 2686 124 28 blessés
2354 2685 48 37 gri
2411 2685 52 30 ève-

1711 2727 96 26 ment.

1747 2760 113 33 Quatre
1884 2760 86 28 mille
1989 2759 143 30 maisons
2146 2759 32 27 et
2193 2764 92 22 cases
2302 2757 53 30 ont
2368 2756 51 30 été
2433 2756 31 30 dé-

1711 2796 122 30 truites.

1737 2864 221 25 MOUVEMENT
1995 2864 92 25 DANS
2121 2864 59 25 LES
2217 2861 244 27 NONCIATURES

1746 2962 102 33 Rome,
1863 2962 31 27 l«
1897 2967 9 15 r
1918 2961 91 27 avril.
2072 2960 71 28 Par
2153 2960 133 30 service
2306 2960 176 35 spécial.—

1710 2998 46 28 On
1781 2996 135 30 s'attend
1946 3004 43 21 au
2024 2995 128 27 Vatican
2167 2995 19 27 à
2213 3002 44 20 un
2274 2995 208 27 mouvement

1709 3033 172 34 important
1896 3032 39 28 de
1946 3030 215 30 nominations
2176 3030 92 35 après
2283 3030 48 28 les
2341 3030 139 35 Pûques.

1746 3069 69 34 Mgr
1846 3066 150 28 Tarnassi
2028 3065 97 28 serait
2153 3064 137 35 compris
2322 3064 79 28 dans
2430 3064 52 28 les

1710 3102 210 37 promotions.

1748 3138 71 34 Mgr
1863 3136 141 35 Agliardi
2037 3135 96 30 serait
2165 3133 131 31 nommé
2327 3141 100 22 nonce
2465 3133 17 28 à

1709 3172 135 30 Vienne.

1744 3208 234 28 L'inter-nonce
1994 3207 70 34 Mgr
2076 3206 128 34 Lahaye
2224 3204 72 32 irait
2309 3204 18 30 à
2341 3203 141 33 Munich.

1926 3295 161 27 THÉÂTRE
2120 3293 146 28 DÉTRUIT

1743 3394 167 32 Lisbonne,
1923 3394 15 26 l
1943 3398 25 17 er
1982 3392 86 28 avril.
2073 3407 34 5 —
2108 3392 71 30 Par
2192 3391 131 30 service
2341 3390 141 37 spécial.

1772 3431 48 27 Un
1845 3429 119 28 violent
1991 3426 145 30 incendie
2161 3435 20 19 a
2210 3426 118 28 détruit
2354 3428 27 27 le
2407 3428 76 35 petit

1710 3464 123 30 théâtre
1872 3465 32 28 et
1936 3463 162 35 plusieurs
2137 3462 256 31 établissements
2420 3462 47 33 voi-

1709 3501 79 28 sins.

1743 3536 27 26 Il
1782 3534 51 35 n'y
1846 3542 18 20 a
1878 3541 41 21 eu
1933 3541 125 21 aucune
2072 3533 136 28 victime.

1746 3570 61 28 Les
1817 3570 107 34 pertes
1936 3570 72 27 sont
2022 3567 248 31 considérables;

1911 3673 207 24 L'ARCHIDUC
2151 3670 129 27 RÉNIER

1744 3749 135 31 VIENNE,
1893 3746 44 27 1«
1950 3744 89 28 avril.
2102 3744 70 27 Par
2184 3744 131 28 service
2341 3744 141 34 spécial.

1757 3781 188 30 L'archiduc
1961 3778 118 28 Rénier
2091 3785 73 21 sera
2174 3778 214 34 accompagné
2404 3780 78 28 dans

1710 3824 59 22 son
1781 3822 123 28 voyage
1918 3815 19 27 à
1950 3814 103 28 Rome
2082 3814 45 27 du
2151 3813 176 28 lieutenant
2341 3813 124 30 feld-ma-

1714 3852 106 30 réchal
1834 3850 100 27 baron
1948 3849 40 26 de
2109 3849 32 26 et
2154 3847 76 28 d'un
2254 3847 228 31 fonctionnaire

1711 3888 39 27 de
1763 3887 31 28 la
1809 3892 87 22 cour.

1780 3961 71 40 LES
1883 3960 207 40 JOURNAUX
2122 3960 50 39 DE
2204 3959 47 40 CE
2290 3958 119 43 MATIN

1903 4068 38 25 LE
1975 4067 146 26 CABINET
2158 4063 128 32 MÉCINE

1703 4159 5 43 I
1746 4163 103 27 Avant
1860 4161 103 30 môme
1976 4161 39 30 de
2031 4160 89 28 venir
2137 4167 43 21 au
2203 4159 124 33 monde,
2346 4159 28 28 le
2401 4159 65 28 cabi-

1710 4199 54 26 net
1781 4198 116 28 Méline
1913 4204 66 20 ace
1993 4204 60 27 que
2066 4196 61 27 l'on
2148 4196 48 27 est
2224 4200 145 24 convenu
2400 4192 66 39 d'ap-

1709 4232 86 37 peler
1809 4239 63 22 une
1890 4241 14 15 «
1920 4231 163 31 mauvaise
2099 4237 112 30 presse
2223 4239 28 20 ».

1742 4296 47 27 De
1802 4296 43 28 M.
1861 4296 34 26 F.
1911 4292 162 35 Magnard,
2091 4291 78 31 dans
2181 4292 28 28 le
2222 4291 132 37 Figaro
2366 4297 12 22 :

1739 4343 97 31 Quant
1850 4342 18 26 à
1880 4342 90 26 croire
1984 4348 56 26 que
2053 4341 38 26 M.
2105 4341 110 26 Méline
2224 4341 102 31 puisse
2340 4339 142 27 résoudre

1708 4374 44 26 les
1766 4374 156 25 difficultés
1936 4372 175 30 pendantes,
2127 4370 196 25 reconstituer
2336 4375 59 20 une
2421 4376 40 20 ma-

1709 4404 91 30 jorité,
1818 4403 107 31 diriger
1937 4400 109 33 l'esprit
2060 4400 97 33 public
2171 4401 77 25 dans
2270 4407 41 19 un
2340 4407 72 19 sens
2444 4408 38 19 ou

1707 4435 77 25 dans
1799 4434 110 27 l'autre,
1926 4439 31 20 ce
1971 4433 91 26 serait
2082 4439 58 19 une
2163 4430 122 27 illusion
2313 4430 19 26 à
2354 4430 128 33 laquelle

1707 4465 150 26 lui-même
1873 4465 47 25 n'a
1932 4469 54 26 pas
2003 4463 38 25 dû
2056 4462 93 25 céder.

1737 4496 77 25 Pour
1826 4495 27 26 le
1863 4494 143 28 moment,
2033 4498 33 20 sa
2078 4491 128 27 mission
2228 4491 119 27 lénitive
2360 4493 30 25 et
2401 4498 61 26 paci-

1708 4526 79 32 fique
1799 4527 47 24 est
1860 4524 146 33 d'apaiser
2022 4524 27 25 le
2066 4522 100 27 conflit
2193 4521 171 32 budgétaire
2398 4524 83 25 entre

1708 4557 27 26 le
1752 4557 87 26 Sénat
1853 4557 30 25 et
1897 4556 31 25 la
1941 4554 151 28 Chambre,
2107 4559 32 20 ce
2152 4558 50 27 qui
2217 4553 76 25 n'est
2306 4558 54 26 pas
2372 4552 92 32 impos-

1707 4587 73 26 sible
1796 4587 17 25 à
1826 4592 73 26 coup
1926 4586 59 28 sûr,
2000 4585 32 25 et
2059 4584 38 26 de
2119 4583 96 32 régler
2235 4583 246 27 honorablement

1706 4618 43 26 les
1761 4617 145 32 obsèques
1919 4616 35 26 de
1969 4616 30 25 la
2013 4615 170 32 législature
2197 4615 131 26 actuelle.

1739 4648 240 31 Conformément,
1989 4644 148 28 d'ailleurs
2159 4645 18 25 à
2191 4650 43 19 un
2246 4650 92 25 usage
2360 4644 63 27 très
2435 4645 28 26 ré-

1707 4677 110 34 pandu,
1830 4684 59 19 une
1902 4677 93 32 partie
2008 4676 53 25 des
2078 4675 150 26 membres
2244 4674 35 26 de
2291 4674 125 26 l'ancien
2432 4681 31 20 ca-

1709 4709 81 25 hinet
1806 4709 84 30 (ceux
1904 4707 50 32 qui
1968 4707 80 26 n'ont
2070 4713 54 25 pas
2154 4706 217 32 d'importance)
2388 4706 91 26 ferait

1708 4739 93 33 partie
1817 4739 38 26 du
1870 4743 143 21 nouveau.

1736 4772 35 25 Je
1783 4775 38 20 ne
1835 4770 58 31 m'y
1907 4774 109 26 oppose
2039 4767 81 33 point.
2148 4773 7 18 :
2183 4772 39 20 on
2242 4772 39 20 ne
2293 4772 47 20 me
2356 4767 64 26 fera
2432 4768 28 31 ja-

1706 4801 76 25 mais
1795 4799 190 33 comprendre
2016 4798 163 33 cependant
2206 4798 152 32 pourquoi,
2387 4798 25 26 si
2439 4798 38 26 M.

1707 4832 104 32 Dupuy
1824 4831 72 26 était
1909 4831 67 25 bien
1989 4830 18 26 à
2021 4828 197 27 l'instruction
2233 4828 149 32 publique,
2396 4834 39 20 on
2445 4828 28 27 le

1707 4863 164 31 transporte
1883 4861 19 25 à
1913 4860 164 26 l'intérieur.

1739 4893 39 24 Ce
1791 4892 129 31 système
1931 4891 40 25 du
1985 4890 135 27 ministre
2137 4891 18 25 à
2176 4890 65 25 tout
2254 4889 73 26 faire
2341 4889 135 33 explique

1707 4923 143 31 peut-être
1864 4922 149 25 comment
2041 4926 77 20 nous
2145 4925 132 20 sommes
2289 4920 26 25 si
2329 4925 56 25 peu
2405 4922 28 26 et
2450 4922 26 26 si

1706 4951 59 26 ma!
1779 4949 175 32 gouvernés.

1740 5000 47 30 On
1801 5000 35 27 lit
1848 4998 79 28 dans
1943 4997 31 28 le
1988 4997 104 28 même
2102 4996 129 37 journal
2246 5003 11 22 :

1739 5047 107 27 Certes,
1857 5046 40 26 M.
1910 5044 110 27 Méline
2031 5050 38 20 ne
2091 5044 45 25 fut
2150 5050 56 25 pas
2228 5049 44 25 un
2296 5046 59 25 bon
2385 5048 77 30 prési-

1708 5078 79 27 dent,
1801 5076 119 31 lorsque
1935 5075 44 25 les
1991 5074 125 26 hasards
2137 5074 38 25 du
2204 5073 111 27 scrutin
2339 5074 40 27 lui
2409 5076 51 26 don-

1708 5108 105 25 nèrent
1825 5107 28 25 le
1867 5105 122 27 fauteuil
2006 5105 222 33 qu'occupèrent
2239 5105 66 26 tour
2320 5105 19 26 à
2353 5107 66 25 tour
2432 5107 44 26 les

1709 5138 164 28 Gambetta,
1889 5137 130 32 Floquet,
2046 5137 120 25 Brisson
2183 5137 30 26 et
2226 5137 246 27 Casimir-Périer.

1737 5170 86 25 Aussi
1839 5174 34 20 ce
1889 5173 37 20 ne
1941 5169 45 25 fut
2000 5172 54 27 pas
2067 5172 72 20 sans
2152 5166 130 32 surprise
2294 5172 58 26 que
2361 5167 45 27 les
2422 5170 35 25 Pa-

1707 5200 105 26 risiens
1827 5200 52 25 ont
1889 5198 39 26 dû
1942 5197 167 35 apprendre
2133 5197 63 25 hier
2337 5199 72 25 avril
2435 5199 39 26 du

1708 5231 79 25 reste
1863 5235 59 31 que
1948 5229 37 25 M.
2015 5229 106 25 Carnot
2145 5228 79 26 avait
2248 5228 111 30 trouvé,
2387 5230 86 31 après

1708 5261 155 26 trente-six
1876 5262 105 25 heures
2007 5259 38 26 de
2072 5259 151 27 réflexion,
2251 5258 120 27 l'oiseau
2396 5267 77 24 rare,

1708 5291 136 26 l'homme
1858 5289 231 32 indispensable,
2099 5289 27 26 le
2139 5295 136 25 sauveur,
2294 5295 38 20 en
2346 5296 40 19 un
2400 5294 72 27 mot,

1708 5324 30 24 et
1752 5328 56 25 que
1821 5321 27 26 le
1864 5326 187 27 personnage
2061 5320 123 27 attendu
2196 5320 99 26 n'était
2317 5322 81 26 autre
2412 5328 63 25 que

1707 5353 38 27 M.
1760 5352 117 27 Méline.

1739 5385 39 26 Le
1806 5382 150 33 président
1981 5382 37 26 de
2039 5382 28 26 la
2094 5381 183 34 République
2306 5382 96 28 offrait
2431 5388 41 21 un

1706 5415 106 32 joyeux
1837 5414 122 32 poisson
1987 5412 99 28 d'avril
2112 5414 19 24 it
2156 5419 52 20 ses
2236 5413 94 31 sujets
2356 5414 117 26 ébahis!

1708 5446 111 25 crut-on
1833 5447 64 24 tout
1909 5444 126 27 d'abord.
2052 5444 74 27 Mais
2143 5450 56 26 peu
2218 5444 19 26 à
2264 5450 56 26 peu
2347 5444 30 27 la
2405 5451 53 21 nou-

1707 5476 74 27 velle
1801 5481 32 20 se
1857 5476 165 26 confirmait
2048 5476 30 26 et
2102 5474 44 27 les
2171 5480 130 27 agences
2323 5474 151 28 officielles

1707 5506 206 28 consacraient
1928 5507 27 26 le
1965 5506 61 26 fait.

1742 5552 52 30 Du
1807 5551 104 31 Soleil
1924 5559 7 20 :

1739 5597 43 26 Le
1795 5594 161 34 pot-au-feu
1970 5594 81 27 cuira
2079 5596 65 24 tout
2157 5594 241 32 tranquillement
2424 5601 53 20 sur

1708 5633 41 22 un
1763 5627 48 27 feu
1825 5627 86 26 doux.
1928 5626 46 26 On
1987 5626 135 32 apaisera
2135 5626 27 26 la
2183 5626 110 28 Droite,
2307 5630 57 26 que
2376 5626 44 26 les
2434 5627 28 25 in-

1708 5659 135 26 solences
1857 5659 37 26 de
1909 5657 38 26 M.
1961 5656 86 26 Ribot
2074 5656 217 32 exaspéraient,
2307 5656 74 26 mais
2393 5657 51 32 qui
2457 5663 19 20 a

1708 5696 40 20 un
1762 5689 87 26 faible
1865 5694 74 27 pour
1950 5688 41 26 M.
2006 5686 113 31 Méline,
2135 5687 18 27 à
2167 5692 91 22 cause
2281 5686 37 27 de
2344 5692 50 24 ses
2418 5688 45 32 opi-

1709 5721 87 25 nions
1811 5718 267 34 protectionnistes.

1740 5752 45 25 On
1798 5750 175 33 prodiguera
1987 5750 37 26 de
2035 5750 113 26 bonnes
2163 5753 174 30 promesses
2360 5754 59 21 aux
2432 5756 30 20 ra-

1710 5781 113 30 dicaux,
1837 5783 31 26 et
1881 5787 38 20 on
1928 5781 66 26 leur
2007 5779 142 30 donnera,
2163 5780 44 26 s'il
2226 5781 27 26 le
2274 5780 73 31 faut,
2363 5780 52 27 des
2427 5787 33 26 ga-

1710 5818 61 27 ges.
1788 5812 74 27 Mais
1876 5818 39 20 on
1929 5811 65 26 fera
2007 5811 37 26 de
2057 5810 28 27 la
2105 5811 139 32 politique
2268 5811 208 32 opportuniste,

1711 5849 39 21 on
1763 5844 105 25 mettra
1881 5841 163 33 l'éteignoir
2057 5848 52 20 sur
2126 5842 122 26 l'affaire
2272 5841 39 27 du
2334 5842 142 30 Panama,

1710 5881 40 20 on
1767 5880 161 26 arrangera
1941 5880 53 26 par
2008 5877 58 22 une
2082 5874 61 25 cote
2156 5874 59 26 mal
2230 5872 97 27 tailléo
2356 5874 28 26 le
2409 5880 50 20 con-

1710 5907 45 26 flit
1767 5907 83 25 entre
1859 5906 34 25 la
1907 5904 143 26 Chambre
2065 5904 32 25 et
2105 5903 27 26 le
2145 5903 97 30 Sénat,
2258 5904 30 25 et
2295 5903 57 27 l'on
2366 5906 94 26 essaie-

1710 5943 33 21 ra
1759 5936 37 27 de
1807 5935 80 26 vivre
1898 5936 30 25 et
1941 5935 35 27 de
1988 5935 97 28 durer,
2098 5935 65 27 tant
2176 5935 69 27 bien
2257 5940 60 27 que
2336 5935 69 31 mal,
2417 5936 47 33 jus-

1710 5968 109 32 qu'aux
1834 5966 149 27 élections.

1743 5999 38 26 Ce
1794 6004 37 20 ne
1847 6004 67 20 sera
1926 6004 53 26 pas
1994 5996 26 27 le
2034 5996 150 27 ministère
2199 5998 52 26 des
2265 5998 93 31 longs,
2366 5996 115 32 espoirs

1711 6031 30 26 et
1754 6030 53 26 des
1821 6031 100 25 vastes
1937 6028 133 31 pensées.
2086 6028 76 26 Mais
2177 6034 112 26 pourvu
2315 6026 72 33 qu'lï
2396 6028 83 26 fasse

1713 6059 116 27 bouillir
1841 6060 31 26 la
1886 6058 137 27 mai-mite
2046 6058 206 31 républicaine,
2275 6059 72 27 c'est
2370 6060 63 26 tout
2447 6063 33 22 ce

1713 6091 85 32 qu'on
1811 6090 40 27 lui
1864 6089 156 28 demande.

1743 6122 41 26 Le
1798 6122 151 26 ministère
1962 6120 107 27 Méline
2083 6126 19 21 a
2117 6120 77 27 deux
2219 6120 111 33 grands
2359 6122 106 26 mérite
2473 6128 6 18 :

1713 6151 25 28 Il
1750 6158 18 20 a
1782 6152 117 27 d'abord
1912 6154 28 25 le
1962 6152 104 26 Mérite
2092 6151 137 30 agricole,
2255 6151 59 27 l'un
2340 6152 52 27 des
2415 6152 65 32 plus

1713 6183 98 26 beaux
1824 6183 83 27 titres
1922 6183 35 26 de
1969 6182 92 33 gloire
2076 6182 35 26 de
2122 6184 37 25 M.
2173 6182 124 30 Méline;
2307 6182 20 26 il
2334 6189 19 20 a
2362 6183 117 27 ensuite

1713 6214 28 27 le
1755 6213 103 28 mérite
1881 6214 106 26 d'avoir
2014 6214 116 27 enterré
2160 6213 28 27 le
2213 6213 151 27 ministère
2386 6214 96 27 Ribot-

1714 6246 169 32 Bourgeois,
1902 6244 48 33 qui
1964 6252 19 20 a
2000 6246 103 26 trouvé
2127 6246 27 26 le
2176 6250 107 27 moyen
2298 6244 35 27 de
2355 6246 76 26 faire
2441 6252 40 20 on

1714 6276 142 33 quelques
1870 6276 76 26 mois
1959 6278 66 30 plus
2039 6276 35 26 de
2087 6276 130 27 lâchetés
2295 6276 38 27 de
2359 6276 123 27 vilenies

1714 6313 58 54 Sue
1785 6309 67 24 tous
1864 6307 45 26 les
1922 6307 132 27 cabinets
2067 6307 172 32 précédents
2262 6307 77 30 dans
2355 6307 126 32 l'espace

1736 6344 15 21 e
1766 6338 105 31 quinze
1883 6338 122 27 années.
2159 6338 4 31 '
2326 6347 11 4 -
2348 6338 4 31 ■

1752 6396 47 30 De
1813 6394 30 31 la
1854 6394 178 32 Lanterne
2042 6402 12 24 :

1746 6444 115 27 Jamais
1876 6444 141 33 peut-être
2031 6444 26 27 le
2074 6451 80 31 pays,
2169 6444 71 27 livré
2261 6444 19 27 à
2295 6448 57 22 une
2367 6443 99 33 incapa-

1716 6475 56 28 cité
1787 6477 122 26 doublée
1928 6476 85 27 d'une
2035 6471 67 32 telle
2124 6476 148 30 faiblesse,
2295 6481 39 22 ne
2361 6475 70 27 s'est
2445 6482 37 20 vu

1716 6508 110 32 exposé
1840 6508 18 26 à
1871 6514 40 21 un
1926 6508 90 34 pareil
2029 6508 120 34 danger.

1748 6540 43 27 Le
1802 6539 151 28 ministère
1965 6540 115 31 Méline,
2105 6540 115 27 recruté
2242 6539 94 33 parmi
2352 6537 28 27 la
2391 6537 73 26 mino-

1715 6570 57 31 rité
1785 6570 48 33 qui
1848 6575 18 22 a
1879 6572 65 28 voté
1963 6572 81 32 jeudi
2068 6570 116 27 dernier
2202 6576 71 27 pour
2287 6570 26 28 le
2330 6569 152 31 ministère

1717 6602 109 30 tombé,
1838 6602 170 37 représente
2020 6601 185 31 l'abdication
2228 6601 38 28 de
2285 6602 31 27 la
2329 6602 152 30 Chambre.

1752 6634 39 26 Le
1806 6634 98 26 déficit
1915 6634 77 26 dans
2007 6639 53 21 nos
2074 6634 142 31 finances,
2230 6634 83 26 nôtre
2320 6640 163 21 commerce

1719 6665 146 27 extérieur
1877 6665 142 34 paralysé,
2044 6665 45 30 les
2117 6666 142 27 réformes
2274 6666 168 33 ajournées,
2456 6666 28 26 le

1720 6697 131 34 suffrage
1863 6697 148 28 universel
2024 6699 188 26 subordonné
2228 6704 38 21 au
2280 6698 131 31 suffrage
2425 6702 45 21 res-

1720 6729 98 30 treint,
1833 6729 77 27 voilà
1924 6735 31 22 ce
1971 6736 57 27 que
2056 6731 30 26 la
2111 6730 143 26 Chambre
2268 6728 155 26 ratifierait
2435 6728 32 27 de-

1722 6762 70 25 vant
1804 6759 27 27 le
1844 6767 72 27 pays
1928 6761 51 33 qui
1991 6768 35 19 va
2040 6761 27 26 la
2078 6763 87 30 juger
2186 6759 249 34 prochainement,
2458 6758 26 28 si

1722 6791 54 27 elle
1791 6794 141 31 acceptait
1945 6797 33 21 ce
1993 6791 159 27 ministère.

1754 6823 41 26 La
1807 6823 143 27 Chambre
1963 6823 124 27 va-t-elle
2113 6829 34 21 se
2176 6823 141 34 déjuger?
2343 6822 141 32 Va-l-ellc,

1723 6860 73 27 pour
1809 6861 39 20 un
1863 6855 197 33 changement
2078 6855 37 26 de
2137 6861 169 27 personnes,
2335 6856 50 32 qui
2412 6855 76 26 n'est

1722 6887 106 27 qu'une
1841 6887 202 33 aggravation,
2057 6886 131 34 changer
2198 6887 145 34 d'opinion
2356 6888 30 26 et
2398 6887 71 25 aban-

1722 6913 113 32 donner
1850 6919 44 26 les
1907 6919 235 27 revendications
2160 6919 103 32 qu'elle
2283 6919 142 26 affirmait
2439 6917 20 27 il
2470 6924 18 27 y

1722 6953 17 20 a
1755 6948 142 33 quelques
1907 6952 104 31 jours?
2021 6950 131 27 Va-t-elle
2169 6951 111 26 donner
2307 6956 38 20 au
2367 6954 70 27 pays
2461 6948 26 27 le

1721 6980 145 32 spectaclo
1884 6981 86 27 d'une
1984 6980 119 33 pareille
2118 6981 168 32 palinodie?

1752 7012 24 25 A
1787 7012 56 26 ello
1872 7012 19 26 à
1919 7013 145 32 répondre
2088 7012 109 26 devant
2220 7012 27 27 le
2272 7012 130 32 suffrage
2430 7011 44 27 uni-

1720 7044 105 33 versel,
1843 7045 48 32 qui
1907 7044 142 33 s'apprête
2063 7044 18 27 à
2096 7044 105 28 rendre
2212 7050 53 21 son
2277 7044 117 27 verdict,

1713 7090 1 39 |
1757 7097 48 31 De
1818 7097 30 30 la
1861 7098 235 31 Marseillaise
2108 7104 12 25 ;

1754 7147 48 27 Un
1825 7148 163 33 replâtrage
2014 7149 83 26 étant
2121 7147 178 34 impossible,
2314 7153 38 22 on
2385 7153 32 24 se
2448 7149 31 27 de-

1841 7180 146 35 pourquoi
2000 7180 27 32 Iç
2039 7180 150 35 président
2202 7181 34 31 de
2257 7180 30 32 h
2311 7180 182 35 Bépi&lique

2517 5727 83 85 Ife
2615 5727 5 85 ;
2770 5773 12 26 1
2901 5737 177 76 .iâàlfl
3079 5773 11 26 l
3090 5727 4 85 ,

2550 5825 51 41 ïk
2614 5831 92 33 Petit
2722 5818 300 65 Joumaïï%f|
3159 5848 28 6 ~

2546 5884 40 31 Le
2603 5887 120 27 docteur
2737 5885 118 32 Baeyer;
2884 5871 171 46 {ifôftfdfelïr
3069 5868 50 52 Je
3143 5880 105 32 effimie
3268 5887 18 25 à

2518 5916 182 28 l'Université
2711 5917 38 26 <Te
2763 5916 129 30 Munich,
2908 5919 53 28 est.
2966 5922 130 27 parvenu
3112 5916 18 26 à

2519 5949 48 26 des
2583 5949 81 26 fards
2679 5948 120 27 trouvés
2815 5948 143 27 dan&.des
2980 5946 159 32 tomßfeaux
3157 5948 46 30 ,{fQ

2518 5980 74 27 mies
2606 5981 19 26 à
2639 5979 133 28 Achmin.
3116 5994 14 13 *
3141 5976 38 31 ,>
3257 5982 24 25 ■?;
3293 5976 1 31 ■

2548 6011 124 32 D'après
2683 6017 56 19 son
2754 6014 133 25 examen,
2906 6009 44 27 les
2976 6008 92 32 belles
3089 6006 79 37 Eg#
3172 6011 115 27 tiennes

2519 6047 32 20 se
2561 6041 150 26 servaient
2722 6040 35 26 de
2771 6039 204 38 préparations
2987 6040 37 27 de
3039 6037 99 37 pforaf)
3150 6041 61 27 très
3236 6041 34 26 ha-

2517 6072 141 27 bilement
2685 6072 169 27 combinées
2880 6073 31 25 et
2937 6073 48 31 qïii
3013 6070 137 30 devasGnt
3174 6071 116 28 révenir

2756 6104 28 25 le
2807 6103 124 26 minerai
2947 6103 38 25 de
3004 6100 98 38 plomß
3116 6107 38 21 ne
3167 6107 34 21 se
3213 6105 61 25 trou-

2520 6136 71 25 vant
2606 6138 105 30 pareil
2732 6135 122 34 Egypte,
2880 6138 39 21 on
2944 6132 28 30 le
3000 6129 99 35 faisait
3124 6133 83 31 venir
3235 6135 54 27 des

2519 6165 98 27 Indes.

2550 6197 81 26 Dans
2655 6197 28 26 le
2699 6195 139 28 tombeau
2867 6191 86 31 d'une
2981 6195 129 28 certaine
3139 6197 150 32 princesse

2518 6228 60 30 Ast,
2595 6233 38 22 on
2646 6234 18 20 a
2676 6228 102 27 trouvé
2794 6226 46 28 un'
2859 6227 64 26 fard
2937 6227 119 27 servant
3070 6224 19 28 à
3102 6226 115 28 donner
3230 6231 58 21 une

2519 6259 90 27 teinte
2624 6259 133 27 verdatre
2781 6265 40 20 au
2844 6257 87 26 blanc
2959 6257 53 27 des
3040 6263 87 26 yeux,
3135 6260 35 31 .e$
3183 6256 27 30 le
3226 6257 47 27 doc-

2519 6292 66 26 teur
2596 6291 110 35 Baeyer
2719 6294 37 22 en
2771 6294 19 20 a
2807 6288 168 33 également
2989 6288 54 26 fait
3058 6288 150 33 l'analyse.

2550 6321 96 26 Violer
2657 6324 45 24 les
2717 6321 111 26 secrets
2844 6320 35 26 de
2894 6320 31 25 la
2947 6320 110 26 toilette
3071 6320 103 27 intime
3201 6321 87 26 d'une

2522 6353 118 27 femme,
2653 6353 98 25 môme
2779 6357 41 19 au
2842 6350 72 26 bout
2942 6350 35 26 de
3002 6350 149 32 plusieurs
3172 6351 115 28 siècles,

2520 6384 73 27 c'est
2607 6383 148 26 vraiment
2769 6386 58 27 peu
2842 6379 113 28 délicat.
2967 6380 77 28 Mais
3058 6386 50 22 ces
3122 6383 122 28 savants
3252 6387 38 21 ne

2520 6415 170 31 respectent
2704 6413 63 27 rien
2781 6415 6 24 !
3130 6413 8 7 '

2659 6483 178 32 CURIOSITÉ
2872 6487 286 32 PRESIDENTIELLE

2874 6516 2 7 -

2556 6544 51 31 Du
2624 6543 139 32 Gaulois
2776 6550 8 25 :

2552 6594 145 33 Quelques
2713 6594 76 27 mois
2804 6594 90 27 avant
2909 6593 30 27 la
2956 6595 105 32 guerre
3072 6592 35 28 de
3122 6591 70 33 1870,
3206 6589 67 28 l'Em-

2522 6627 61 33 pire
2597 6626 191 34 interrogeait
2799 6626 45 27 les
2858 6625 110 28 préfets
2980 6626 31 26 et
3032 6621 63 30 leur
3118 6621 171 30 demandait

2522 6652 37 34 de
2571 6659 28 27 le
2613 6658 171 33 renseigner
2798 6664 52 21 sur
2857 6652 85 32 l'état
2956 6657 37 26 de
3004 6656 150 33 l'opinion.

2554 6692 46 26 On
2616 6694 74 22 nous
2700 6694 106 21 assure
2819 6690 106 31 qu'une
2937 6687 66 27 idée
3025 6684 145 37 analogue
3185 6687 46 26 est
3244 6691 48 24 ve-,

2524 6728 67 25 nue,
2608 6726 48 21 ces
2669 6722 83 32 jours
2779 6719 141 32 derniers,
2950 6724 39 22 au
3015 6718 66 30 chef
3103 6725 41 22 au
3170 6718 122 33 pouvoir

2524 6751 133 31 exécutif.

2554 6785 39 25 M.
2608 6784 107 26 Carnot
2727 6784 96 26 aurait
2838 6783 53 27 fait
2911 6782 162 28 demander
3096 6788 59 21 aux
3181 6781 111 34 préfets

2524 6816 65 33 quel
2606 6816 89 26 serait
2708 6816 27 26 le
2763 6816 135 25 ministre
2924 6815 35 25 de
2983 6813 159 27 l'intérieur
3167 6813 37 26 de
3229 6814 64 25 leur

2524 6848 94 31 choix,
2633 6853 38 21 en
2685 6853 54 21 vue
2754 6847 53 27 des
2822 6846 176 32 prochaines
3011 6844 142 27 élections
3172 6843 103 32 généra-

2525 6879 43 28 los
2572 6879 5 37 -
2920 6907 11 6 -
3017 6906 9 9 ,
3252 6907 6 8 ,

2557 6911 81 28 Nous
2654 6911 115 26 serions
2784 6909 69 26 bien
2867 6912 120 24 euneux
3009 6907 35 26 de
3073 6907 152 35 connaître
3249 6907 44 27 les

2528 6944 142 32 réponses
2682 6940 145 34 envoyées
2841 6946 53 27 par
2906 6940 44 26 les
2965 6938 123 33 préfets.

2575 7045 46 26 UN
2660 7043 158 28 INCIDENT
2852 7044 20 27 A
2909 7044 40 27 LA
2983 7041 92 38 ÇÇUR
3106 7041 46 37 J?E
3187 7035 69 35 HUÉ

2567 7103 48 30 Du
2631 7103 130 35 Figaro
2777 7109 8 21 :

2562 7149 41 26 Le
2619 7149 39 26 roi
2674 7147 157 39 d'Âûû&ù).
2843 7154 41 26 'en
2901 7144 78 39 dépit
2991 7149 52 31 des
3065 7147 71 30 rites
3159 7147 143 34 acceptés,

2533 7181 103 35 aurait,
2653 7181 19 30 4
2683 7181 157 33 l'occasion
2852 7185 56 30 'des
2929 7182 81 38 iMS

3346 279 138 32 lautorîsê
3491 285 50 26 -les
3557 287 174 25 mandarins
3757 295 19 18 a
3796 288 40 30 l.ui
3863 288 154 32 présenter
4039 287 79 26 leurs

3354 314 175 32 hommages
3542 318 91 25 avant
3646 317 131 26 l'arrivée
3790 317 50 26 'de
3869 315 84 28 noire
3979 317 142 31 résident,'

3353 344 79 26 alors
3444 351 57 25 que
3516 346 28 26 la
3566 347 146 32 réception
3737 348 132 27 officielle
3894 354 38 20 ne
3958 348 60 27 doit
4042 350 79 26 avoir

3350 376 60 25 •lieu
3425 376 84 32 qu'en
3523 383 34 19 sa
3568 378 150 31 présence.

3384 405 159 27 L'incident
3557 415 18 19 a
3588 409 54 25 fait
3654 411 124 31 quelque
3790 411 86 28 bruit,
3892 412 28 24 et
3933 410 39 26 M.
3991 411 46 25 Bri
4042 411 46 26 ère
4102 417 19 20 a

3353 436 150 26 considéré
3515 437 131 27 l'offense
3659 446 113 20 comme
3788 442 222 25 suffisamment
4019 448 98 26 grave,

3352 467 133 32 puisqu'il
3502 468 71 26 s'est
3588 472 152 26 empressé
3752 472 37 25 de
3800 474 146 31 protester
3958 480 53 25 par
4036 472 67 33 dépê-

3352 497 59 28 che,
3428 498 119 26 avisant
3573 500 35 26 M.
3632 497 34 28 de
3684 502 155 26 Lanessan
3852 509 64 26 que,
3930 509 38 19 au
3981 509 51 20 cas
4049 506 35 24 où
4100 503 19 26 il

3351 528 204 26 n'obtiendrait
3568 537 54 25 pas
3638 531 27 25 Je
3673 533 231 32 remplacement
3917 533 38 26 du
3967 534 151 27 troisième

3339 560 1 37 i
3350 560 111 31 régent,
3477 566 91 20 cause
3582 561 107 26 directe
3717 562 38 26 du
3784 565 110 28 conflit,
3924 565 19 25 il
3970 565 150 32 quitterait

3350 595 52 19 son
3418 592 83 30 poste
3516 593 28 24 et
3557 598 31 20 se
3605 593 130 26 mettrait
3749 595 18 25 à
3778 594 30 26 la
3816 595 174 32 disposition
4000 595 39 27 du
4049 602 51 25 gou-

3348 622 180 25 vernement.

3601 686 254 31 REPRÉSAILLES

3380 723 149 38 Dépêche
3544 725 43 30 du
3600 728 86 30 New
3706 730 91 30 York
3816 729 137 32 Herald
3971 737 6 22 :

3378 767 112 33 BERIJN,
3555 770 79 26 avril.
3652 772 78 25 —Le
3743 775 233 30 gouvernemont
3985 774 128 32 s'occupe

3347 802 214 24 seneusement
3576 801 53 26 des
3652 809 133 19 mesures
3802 804 18 25 à
3835 806 124 30 prendre
3984 811 72 26 pour
4070 806 28 26 ré-

3346 829 109 31 pondre
3471 831 18 25 à
3496 831 174 32 l'expulsion
3685 833 35 26 de
3731 834 66 25 MM.
3816 835 96 25 wedel
3925 839 30 22 et
3969 836 141 26 Brandès.

3377 860 41 25 La
3433 861 90 35 police
3536 863 139 32 politique
3696 872 18 19 a
3739 872 69 25 reçu
3823 865 103 26 l'ordre
3941 866 37 25 de
3992 866 118 27 dresser

3344 896 58 20 une
3425 891 66 27 liste
3522 893 51 26 des
3598 894 193 31 journalistes
3814 896 129 32 français
3966 898 100 26 vivant
4094 899 19 25 à

3344 922 106 30 Berlin,
3465 930 73 26 pour
3550 924 43 26 les
3615 927 161 25 soumettre
3796 927 18 25 à
3835 934 59 19 une
3915 928 194 27 surveillance

3344 953 93 26 active
3450 956 27 24 et
3490 954 44 26 les
3546 956 136 32 expulser
3694 957 18 25 à
3728 956 28 27 la
3769 958 142 31 première
3927 960 129 31 attaque.

3373 984 40 26 Le
3426 987 94 24 comte
3537 986 133 27 Munster
3686 989 96 25 aurait
3796 996 67 25 reçu
3881 989 103 27 l'ordre
4011 990 35 26 de
4072 997 38 19 ne

3343 1015 64 35 plus
3422 1016 107 26 laisser
3542 1024 104 27 passer
3661 1018 163 33 d'attaques
3837 1022 99 26 contre
3948 1022 30 26 la
3993 1022 116 26 maison

3341 1048 157 31 impériale.
3522 1052 38 21 M.
3575 1049 149 31 Herhette,
3738 1050 34 25 de
3788 1057 56 19 son
3866 1052 70 28 côté,
3965 1059 17 19 a
4005 1059 38 19 eu
4057 1054 52 26 des

3340 1077 189 28 conférences
3542 1085 72 20 avec
3634 1080 27 26 le
3672 1080 136 27 ministre
3822 1082 53 25 des
3887 1083 118 26 affaires
4013 1084 80 26 étran-

3340 1108 94 57 fères'
3451 1110 48 35 qui
3514 1116 18 19 a
3553 1110 119 27 adressé
3692 1113 19 26 à
3731 1111 170 33 l'empereur
3927 1120 39 20 un
3992 1116 117 30 rapport

3372 1146 32 19 ce
3418 1143 85 33 sujet.

3371 1170 39 26 Le
3422 1172 152 27 ministère
3588 1179 32 21 se
3634 1180 102 21 remue
3746 1175 159 33 beaucoup,
3928 1178 31 25 et
3983 1178 57 26 l'on
4056 1183 33 20 an-

3339 1206 93 22 nonce
3445 1204 71 25 trois
3533 1204 231 33 interpellations
3780 1207 64 26 àce
3863 1208 79 31 sujet
3967 1208 19 27 à
4010 1208 28 27 la
4065 1215 28 21 re-

3339 1232 79 32 prise
3433 1233 51 28 des
3497 1235 125 27 séances
3637 1237 38 26 du
3689 1237 167 32 Reichstag.

3451 1311 59 25 LES
3546 1306 183 31 ÉLECTIONS
3764 1312 234 28 MUNICIPALES

3371 1351 51 28 Du
3438 1352 143 30 Gaulois
3592 1361 8 20 :

3366 1400 118 32 D'après
3500 1407 43 20 un
3555 1401 97 27 relevé
3679 1403 100 27 dressé
3806 1409 71 21 avec
3901 1404 73 32 soin,
4005 1410 38 20 on
4070 1411 35 20 ne

3334 1433 115 30 compte
3475 1439 53 25 pas
3554 1433 105 28 moins,
3677 1434 17 25 à
3720 1435 109 26 l'heure
3855 1435 130 30 actuelle,
3999 1435 37 26 de
4057 1435 46 26 250

3334 1465 198 26 concurrents,
3559 1463 71 25 dont
3652 1465 43 26 les
3725 1467 104 30 quatre
3854 1465 181 33 cinquièmes
4064 1473 37 19 au

3334 1492 97 25 moins
3456 1494 223 32 appartiennent
3705 1495 18 25 à
3748 1496 138 31 l'opinion
3899 1498 129 26 radicale
4041 1498 65 32 plus

3335 1530 35 19 ou
3394 1524 97 26 moins
3519 1525 137 26 avancée.
3672 1526 38 26 Ce
3738 1526 48 31 qui
3813 1530 115 27 promet
3954 1527 151 34 beaucoup

3334 1554 64 32 plus
3424 1554 35 28 de
3484 1556 142 27 résultats
3650 1563 39 20 au
3717 1554 110 28 second
3849 1558 66 26 tour
3941 1557 37 28 de
3991 1559 111 26 scrutin

3334 1585 87 32 qu'au
3437 1587 132 30 premier.

3491 1657 194 26 NOUVELLES
3718 1659 24 24 A
3777 1659 41 24 LA
3855 1658 86 25 MAIN

3367 1700 47 28 De
3428 1700 111 31 VEcJio
3555 1701 39 30 de
3607 1701 110 31 Paris
3732 1709 9 21 :

3365 1743 149 27 Monsieur
3539 1746 79 30 Toto,
3646 1746 65 32 sept
3738 1750 64 24 ans,
3833 1746 107 32 plonge
3953 1752 72 21 avec
4038 1752 46 20 con-

3334 1774 109 26 viction
3458 1781 33 19 sa
3503 1775 81 25 main
3602 1772 76 30 dans
3693 1782 56 19 son
3762 1776 122 26 assiette
3895 1779 31 24 et
3939 1783 32 20 se
3981 1778 117 32 dispose

3333 1805 19 26 à
3366 1811 124 27 manger
3503 1811 54 20 son
3574 1806 181 30 macaroni..,
3768 1807 19 25 à
3801 1807 167 27 l'italienne.

3407 1837 149 26 Monsieur
3570 1837 78 32 Toto,
3664 1837 53 26 fait
3743 1837 28 26 la
3800 1843 131 25 maman,
3943 1839 31 32 je
3985 1845 76 21 vous
4072 1840 26 26 ai

3333 1866 98 33 répété
3445 1869 124 26 souvent
3582 1869 69 32 qu'il
3664 1867 93 27 fallait
3770 1874 76 21 vous
3862 1869 91 27 servir
3969 1870 37 26 de
4018 1873 80 24 votre

3333 1897 168 28 fourchette.

3406 1929 73 26 Mais
3493 1935 131 27 maman,
3638 1930 112 32 objecte
3764 1931 78 31 Toto,
3860 1932 43 27 les
3930 1932 96 32 doigts
4051 1935 47 25 ont

3333 1959 46 26 été
3394 1961 71 26 faits
3481 1963 89 24 avant
3581 1962 28 25 la
3625 1959 203 32 fourchette...

3405 1991 228 31 Certainement,
3650 1993 151 27 monsieur
3813 1994 115 28 T0t0...
3944 1994 74 27 Mais
4045 2001 53 25 pas

3331 2022 41 26 les
3385 2022 97 26 vôtres
3494 2024 6 22 l

3365 2075 51 28 Du
3431 2076 130 35 Figaro
3573 2085 9 21 :

3361 2128 39 25 Le
3416 2130 112 26 comble
3541 2130 34 26 de
3588 2130 257 33 l'intransigeance
3862 2131 70 26 chez
3946 2137 40 20 un
4000 2131 98 34 whigjj

3359 2159 130 26 Refuser
3503 2159 125 27 d'entrer
3644 2161 74 26 dans
3732 2169 40 18 un
3788 2163 66 25 lava
3857 2163 87 31 tory!

3423 2251 84 39 LE
3565 2255 424 37 PARLEMENT

3328 2334 145 40 Projets
3485 2334 5 41 '
3503 2335 171 31 d'intérêt
3699 2336 97 32 local
3880 2336 52 31 La
3956 2339 118 37 protec-

3477 2375 78 32 tion
3572 2375 65 32 des
3652 2375 111 38 petits
3780 2375 169 32 oiseaux.

3614 2457 47 40 AU
3696 2450 123 47 SÉNAT

3363 2541 44 28 Le
3423 2538 103 35 Sénat,
3541 2538 53 37 qui
3609 2546 41 21 ne
3665 2539 102 28 s'était
3781 2539 132 37 ajourné
3928 2539 71 35 qu'à
4018 2539 78 33 hier,

3330 2583 18 20 a
3359 2575 112 41 adopté
3488 2572 155 38 quelques
3670 2576 119 34 projets
3813 2575 144 28 d'intérêt
3972 2575 78 28 local
4069 2577 30 26 et

3330 2610 30 28 le
3373 2610 102 35 projet
3497 2610 191 35 complétant
3713 2610 31 27 la
3770 2610 41 27 loi
3841 2610 39 27 de
3907 2610 70 28 1884
3998 2616 57 24 sur
4068 2610 30 27 la

3330 2644 172 37 protection
3519 2646 57 28 des
3591 2644 94 37 petits
3700 2644 142 30 oiseaux.

3364 2681 40 27 M.
3422 2680 105 28 Hervé
3539 2680 39 28 de
3607 2680 89 34 Saisy
3719 2688 19 20 a
3763 2681 56 27 fait
3835 2681 105 27 savoir
3953 2688 63 28 que
4032 2681 65 27 lors

3330 2714 38 30 de
3383 2715 30 28 la
3437 2715 136 28 seconde
3600 2714 206 30 délibération
3835 2715 39 28 de
3904 2724 35 21 ce
3970 2715 126 28 dernier

3330 2751 112 35 projet,
3468 2751 21 27 il
3521 2750 208 35 présenterait
3758 2758 44 21 un
3817 2751 226 28 amendement
4057 2758 39 20 en

3332 2786 109 27 faveur
3454 2785 38 28 de
3521 2785 165 33 l'alouette,
3711 2794 13 17 «
3737 2785 131 28 l'oiseau
3888 2786 54 34 qui
3973 2786 125 34 figurait

3332 2828 54 22 sur
3398 2820 30 27 le
3444 2819 138 30 bouclier
3599 2819 58 28 des
3672 2819 129 30 Gaulois
3817 2831 26 18 ».

3367 2856 86 33 Puis,
3471 2854 198 31 l'assemblée
3697 2855 74 30 s'est
3785 2856 152 33 ajournée
3952 2855 17 30 à
3986 2854 102 31 mardi

3546 2934 43 39 M.
3605 2934 48 39 DE
3677 2933 202 40 BISMARCK

3333 3014 295 33 L'anniversaire
3661 3014 45 30 de
3736 3014 302 31 l'ex-chancelier

3471 3056 203 37 Hommage
3690 3053 21 31 à
3737 3053 230 39 l'empereur.

3366 3135 269 30 Friedbichsruh,
3652 3132 43 27 le
3706 3132 87 27 avril.
3869 3132 85 30 D'un
3969 3139 109 24 corres-

3332 3169 167 35 pondant.
3563 3168 50 28 Un
3627 3167 116 28 millier
3770 3167 39 28 de
3836 3174 175 28 personnes
4028 3171 67 26 sont

3333 3210 122 21 venues
3461 3203 165 35 présenter
3639 3202 85 27 leurs
3731 3201 201 28 félicitations
3939 3210 40 20 au
3990 3203 105 34 prince

3333 3239 39 28 de
3384 3237 172 33 Bismarck,
3573 3236 18 28 à
3611 3236 167 28 l'occasion
3803 3236 40 28 de
3861 3236 234 31 l'anniversaire

3333 3275 39 26 de
3385 3281 38 20 sa
3435 3273 176 28 naissance.

3367 3309 44 27 Le
3428 3308 106 35 prinee
3548 3308 39 26 de
3602 3306 174 34 Bismarck,
3802 3306 176 35 répondant
3992 3308 19 28 à
4032 3317 63 21 une

3334 3343 168 30 allocution
3515 3343 39 27 de
3566 3343 41 27 M.
3634 3340 110 33 Walis,
3770 3340 157 30 directeur
3940 3343 43 28 du
4009 3351 65 28 gym-

3334 3386 77 20 nase
3425 3377 39 28 de
3478 3377 200 35 Rendsburg,
3693 3384 19 20 a
3735 3376 126 35 rappelé
3887 3377 150 28 l'hisioire
4052 3379 41 28 du

3333 3412 332 34 Sebleswig-Holstein
3683 3412 31 26 et
3724 3419 20 19 a
3755 3411 123 27 déclaré
3893 3412 73 33 qu'il
3983 3419 18 20 a
4025 3415 51 27 tou-

3330 3449 91 35 jours
3437 3455 39 22 eu
3489 3448 46 27 les
3548 3445 196 38 sympathies
3758 3445 46 28 les
3826 3445 73 35 plus
3911 3446 91 28 vives
4015 3455 80 30 pour

3333 3484 80 27 cette
3426 3483 159 34 province.

3367 3517 26 28 Il
3422 3524 19 20 a
3463 3516 135 28 terminé
3638 3523 38 20 en
3712 3515 174 28 acclamant
3908 3516 187 35 l'empereur

3334 3560 123 21 comme
3470 3552 178 35 protecteur
3666 3550 39 27 de
3733 3552 72 28 tous
3822 3549 46 30 les
3895 3553 133 35 peuples
4057 3554 38 28 de

3333 3588 137 34 l'empire
3485 3586 167 28 allemand.

3365 3621 209 30 L'assistance
3606 3627 18 21 a
3666 3620 148 35 applaudi
3848 3627 76 21 avec
3966 3621 111 30 enthou-

3332 3658 128 27 siasme.

3365 3692 106 27 Parmi
3489 3691 47 27 les
3549 3690 223 34 télégrammes
3787 3690 39 26 de
3847 3690 200 30 félicitations
4061 3699 34 20 se

3330 3726 115 26 trouve
3456 3732 63 20 une
3534 3723 139 35 dépêche
3687 3724 45 27 du
3739 3723 235 37 prince-régent
3986 3726 39 31 de
4042 3728 35 27 Ba-

3331 3759 96 27 vière.

3389 3840 92 38 LA
3526 3839 116 39 VIE
3694 3840 343 39 SPORTIVE

3490 3939 157 28 Courses
3670 3938 21 30 à
3712 3938 221 30 Vincennes.

3358 3991 93 31 PARIS,
3463 3990 27 25 le
3552 3990 80 25 avril.
3646 3990 84 25 —La
3741 3990 123 31 journée
3891 3990 35 26 de
3957 3991 57 25 trot
4041 3996 54 25 que

3330 4028 74 19 nous
3420 4028 18 19 a
3455 4020 113 26 donnée
3582 4019 183 32 aujourd'hui
3778 4020 30 25 la
3821 4019 113 26 Société
3954 4020 38 25 du
4007 4019 71 26 demi-

3330 4058 76 26 sang
3431 4057 51 20 sur
3507 4057 54 20 son
3583 4051 189 32 hippodrome
3804 4051 37 26 de
3874 4051 176 28 Vincennes,
4077 4057 18 20 a

3330 4083 107 26 obtenu
3452 4083 79 25 toute
3544 4082 28 25 la
3587 4082 125 26 réussite
3725 4082 136 30 possible.

3359 4113 155 26 Favorisée
3531 4119 53 25 par
3598 4117 59 20 une
3669 4111 169 32 après-midi
3853 4111 83 31 d'été,
3951 4113 53 25 elle
4018 4113 77 25 avait

3330 4144 85 25 attire
3428 4149 43 19 un
3483 4142 98 33 public
3592 4142 60 26 très
3669 4142 164 26 nombreux
3850 4143 31 25 et
3902 4143 97 25 même
4016 4143 38 25 M.
4070 4142 25 26 le

3330 4175 96 31 préfet
3439 4174 35 25 de
3489 4175 30 24 la
3534 4173 93 28 Seine,
3657 4173 47 31 qui
3733 4173 77 26 aime
3842 4173 149 32 beaucoup
4019 4174 18 25 à
4062 4180 32 19 se

3331 4207 115 22 trouver
3459 4211 37 19 au
3513 4204 100 25 milieu
3627 4202 51 26 des
3691 4205 222 30 représentants
3926 4205 37 24 de
3983 4205 28 24 la
4022 4204 53 26 Nor-

3328 4234 128 30 mandie,
3471 4240 57 30 que
3541 4234 57 26 l'on
3609 4235 47 24 esl
3667 4235 133 31 toujours
3809 4234 112 26 certain
3931 4234 35 26 de
3977 4235 118 25 trouver

3328 4273 59 19 aux
3400 4266 141 25 réunions
3553 4265 35 25 de
3602 4266 64 25 trot.
3683 4266 37 24 M.
3737 4265 135 26 Poubelle
3886 4266 46 25 est
3944 4266 59 26 très
4018 4266 76 25 aimé

3330 4297 74 25 dans
3419 4302 57 20 son
3490 4296 210 31 département.

3361 4328 56 24 Les
3431 4331 119 20 courses
3567 4326 52 25 ont
3633 4325 45 26 été
3691 4325 61 26 très
3764 4325 223 31 intéressantes,
4003 4328 28 24 et
4045 4326 18 25 il
4076 4333 19 25 y

3331 4357 79 26 avait
3422 4357 149 31 beaucoup
3586 4356 35 26 de
3641 4356 131 26 chevaux
3796 4357 123 32 puisque
3933 4357 158 30 cinquante

3328 4382 131 33 cffevaux
3472 4393 34 20 se
3521 4389 66 24 sont
3600 4388 154 30 présentés
3763 4387 73 25 dans
3848 4388 45 25 les
3900 4388 47 25 six
3956 4389 139 30 épreuves

3328 4417 246 32 du-programme,
3592 4417 48 32 qui
3657 4420 67 22 sont
3746 4419 112 25 restées
3883 4419 18 24 à
3928 4417 165 33 Aiglonne,

3314 4444 195 35 JMessagère,
3531 4447 94 31 Zédç,
3643 4447 118 30 Marin,
3776 4449 144 31 Buffard,
3933 4450 30 25 et
3973 4452 30 24 la
4015 4449 80 26 Mère

3327 4479 123 32 MMiel.

3315 4514 7 34 t
3526 4521 154 27 Courses
3692 4519 21 30 à
3730 4520 164 28 Auteuil.

3359 4571 39 26 Le
3413 4571 155 25 dimanche
3583 4571 37 25 de
3633 4571 116 31 Pâques
3762 4573 46 24 est
3833 4572 133 30 toujours
3994 4577 83 21 consa-

3322 4597 53 32 cré
3393 4602 19 25 à
3426 4600 30 26 la
3470 4600 180 26 Société»dés
3674 4600 229 32 steeple-chases
3919 4603 35 24 de
3967 4597 124 35 France.

3420 4631 66 31 lois,
3503 4637 76 20 nous
3594 4631 178 26 assisterons
3789 4631 18 26 à
3819 4631 30 26 la
3861 4632 150 27 douzième
4020 4633 58 31 jour-

3326 4663 56 25 née
3397 4662 35 26 de
3449 4662 26 26 la
3489 4663 123 26 réunion
3626 4662 35 26 de
3673 4662 162 33 printemps
3861 4669 72 20 avec
3958 4665 43 25 les
4028 4664 65 25 Prix

3322 4693 125 32 •d'Anjou
3461 4695 28 24 et
3502 4691 124 26 Eichard
3639 4693 165 33 Ilennessy.

3358 4723 40 26 La
3411 4723 142 32 première
3568 4723 35 26 de
3619 4729 48 20 ces
3689 4723 78 26 deux
3795 4724 141 31 épreuves
3964 4727 46 24 esl
4037 4731 56 20 une

3328 4760 103 19 course
3448 4754 34 26 de
3494 4754 83 26 haies
3587 4754 35 25 de
3638 4755 86 27 12,500
3739 4755 109 28 francs,
3874 4755 132 26 distance
4022 4756 71 27 4,000

3327 4785 118 30 mètres,
3459 4785 71 25 dont
3541 4783 72 27 voici
3631 4783 41 26 les
3686 4786 143 30 partants,
3855 4786 44 25 les
3927 4788 117 26 montes
4063 4788 30 25 et

3327 4814 27 27 le
3366 4814 133 33 betting:

3418 4847 131 32 Oranger
3782 4847 159 26 Brockwell
3952 4847 4 32 ■

3418 4877 306 26 Saint-Pair-du-Mont
3784 4879 80 25 Boon

3417 4907 154 28 Bouvreuil
3585 4909 28 26 II
3785 4909 32 25 G.
3833 4909 144 26 Williams

3418 4938 123 26 Bazillac
3781 4939 92 32 Keyte

3783 4970 96 24 Warcf

3418 4998 110 26 Olifant
3535 4998 31 33 t.-:
3782 5000 25 24 ,T.
3821 5000 61 26 lion
3887 5006 40 20 an
3971 5001 7 31 ;

3417 5029 76 26 b'ado
3535 5054 11 7 „
3780 5030 81 25 Buck

3418 5059 150 26 Chiehèler
3574 5059 4 27 '
3785 5061 150 25 Lansdelt'

3418 5089 191 26 Noctambule
3785 5091 133 26 Robert»,

3417 5120 90 27 Elixir
3783 5121 34 26 E.
3835 5121 136 26 Watkins

3357 5152 120 26 Dernier
3491 5152 122 32 betting.
3670 5152 45 32 0/1
3739 5153 135 28 Bazillac,
3898 5153 46 31 3/1
3972 5152 118 30 Olifant,

3324 5183 46 31 4/1
3385 5181 312 27 Saint-Pair-du-Mont.
3711 5183 45 31 5/1
3770 5185 139 30 Oranger.
3934 5183 45 28 6/1
4005 5184 85 28 Sado,

3325 5213 61 30 10/1
3403 5213 40 25 Le
3468 5213 117 28 Butard,
3612 5213 60 31 12/1
3692 5213 138 32 Niagara,
3861 5212 141 32 Chichèle,
4022 5213 53 27 Noc-

3325 5244 138 27 tambule,
3477 5243 61 32 16/1
3553 5244 152 26 Bouvreuil
3718 5244 37 28 11,
3770 5244 98 26 Elixir.

3356 5276 43 25 La
3411 5274 107 26 défaite
3531 5274 136 27 d'Olifant
3678 5275 59 26 lors
3751 5276 35 26 de
3807 5282 35 19 sa
3869 5276 133 27 dernière
4031 5282 46 26 per-

3326 5306 150 25 formance
3490 5304 142 26 d'Auteuil
3656 5306 47 25 n'a
3730 5306 45 25 été
3802 5307 59 25 due
3888 5307 66 30 qu'à
3966 5308 30 24 la
4010 5313 61 20 mau-

3326 5336 81 26 vaise
3418 5336 126 34 tactique
3557 5336 123 32 adoptée
3692 5342 54 25 par
3772 5342 56 20 son
3854 5336 105 32 jockey
3969 5346 6 20 ;
3999 5336 19 26 il
4048 5339 45 24 est

3327 5368 110 25 certain
3452 5366 69 32 qu'il
3533 5372 66 20 sera
3613 5367 99 25 mieux
3726 5367 100 26 monté
3852 5368 74 26 cette
3953 5368 65 26 fois.
4048 5367 45 26 S'il

3327 5404 38 19 ne
3378 5396 152 26 rencontre
3547 5402 53 26 pas
3614 5396 84 30 Odin,
3713 5396 20 25 il
3749 5404 80 24 aura,
3859 5404 53 26 par
3938 5400 109 27 contre,
4075 5399 18 25 à

3327 5434 32 19 se
3374 5433 133 20 mesurer
3520 5430 99 25 contre
3633 5428 309 32 Saint-Pair-du-Mont,
3959 5430 47 32 qui
4025 5434 67 21 sera

3326 5460 167 26 autrement
3507 5459 169 26 redoutable
3689 5466 57 24 que
3770 5460 129 31 lorsqu'il
3913 5466 19 19 a
3946 5466 81 26 paru,
4042 5460 20 26 il
4076 5467 17 25 y

3326 5497 19 19 a
3359 5496 40 20 un
3416 5490 86 28 mois,
3517 5496 51 19 sur
3581 5485 208 35 l'hippodrome
3802 5490 151 26 d'Auteuil.

3359 5519 76 26 Sado
3448 5522 30 24 et
3490 5519 135 26 Chichèle
3639 5522 128 31 peuvent
3777 5519 70 27 bien
3868 5520 76 31 finir,
3972 5523 28 24 et
4024 5522 52 25 Noc-

3332 5551 135 30 tambule,
3483 5556 38 21 en
3534 5551 99 26 raison
3650 5551 35 26 de
3698 5551 115 26 l'écurie
3831 5551 19 26 à
3873 5551 125 33 laquelle
4012 5552 20 25 il
4048 5558 31 26 ap-

3326 5582 135 34 partient,
3478 5582 60 26 doit
3553 5583 60 25 être
3626 5583 60 31 pris
3702 5589 38 19 en
3751 5583 224 26 considération.

3358 5614 39 26 Le
3410 5613 70 25 Prix
3490 5611 123 32 d'Anjou
3626 5613 60 25 doit
3699 5613 116 26 revenir
3824 5614 76 25 cette
3913 5613 94 28 année
4022 5613 20 26 à

3524 5652 381 28 SAINT-PAIR-DU-MONT

3325 5688 40 21 ou
3380 5682 18 25 à
3412 5682 116 30 Olifant,
3542 5688 56 20 son
3609 5682 67 32 plus
3690 5683 171 26 redoutable
3873 5682 180 28 adversaire.

3359 5714 39 25 Le
3412 5714 69 25 Prix
3494 5714 126 25 Richard
3631 5714 157 33 Hennessy
3802 5717 47 25 est
3876 5721 41 19 un
3934 5715 111 32 steeple
4061 5714 32 26 de

3327 5745 87 28 15,000
3429 5745 98 26 francs
3540 5746 28 24 et
3582 5744 37 26 de
3633 5745 72 28 5,000
3719 5746 119 27 mètres,

3321 5776 1 37 i
3358 5776 145 30 Partants,
3520 5776 116 28 montes
3650 5778 28 24 et
3691 5776 115 37 betting
3819 5784 8 17 :

3321 5802 12 8 ™
3411 5806 98 30 .Saïda
3787 5807 81 24 Boon

3321 5837 1 26 .
3337 5837 4 26 1
3406 5837 129 26 -Badin»
3790 5837 143 26 Wheelan

3324 5870 17 25 %
3418 5868 168 26 Sans-Peur
3791 5868 26 25 J.
3833 5868 104 26 Ronan

3324 5903 38 20 i.-v
3412 5897 104 27 rSVhist
3796 5898 34 26 G.
3847 5898 143 25 Williams

3324 5930 14 22 r
3420 5928 145 27 Diablotin
3790 5929 46 25 W.
3850 5929 133 26 Johnson

3418 5959 86 27 Aïssé
3789 5959 136 33 Lighi'oot

3359 5988 122 30 Dërnier
3494 5989 120 33 betting.
3686 5991 48 32 6/4
3751 5989 97 31 Saïda,
3861 5991 45 32 4/1
3921 5991 171 30 Sans-Peur,

3326 6022 48 32 6J.1
3384 6021 92 32 Aïssé,
3491 6021 155 32 Diablotin,
3673 6021 60 32 10/1
3759 6021 123 30 Badine,
3908 6021 107 31 Whist,
4045 6022 32 25 La-

3326 6053 78 26 tude.

3358 6083 90 27 Saïda
3471 6090 74 20 nous
3572 6083 94 33 paraît
3693 6083 126 27 certaine
3841 6083 35 27 de
3893 6083 70 27 bien
3981 6085 97 25 courir
4089 6092 6 21 ;

3327 6115 54 27 elle
3396 6115 90 27 devra
3502 6116 130 31 compter
3645 6120 71 20 avec
3742 6115 164 26 Sans-Peur
3934 6117 30 22 et
3989 6115 106 30 Whist,

3327 6146 48 35 qui
3389 6151 74 21 nous
3476 6145 169 32 paraissent
3659 6151 50 20 ses
3719 6145 184 26 adversaires
3919 6144 44 26 les
3977 6144 66 33 plus
4057 6151 26 20 re-

3328 6171 161 32 doutables.
3506 6177 41 26 Le
3557 6176 102 26 cheval
3673 6175 37 27 de
3722 6177 39 24 M.
3778 6176 159 26 Guinebert
3950 6176 145 31 prendrait

3327 6214 35 21 sa
3374 6207 144 30 revanche
3531 6211 57 30 que
3601 6211 76 28 nc&g
3690 6206 67 28 fi'en
3772 6206 113 28 serions
3900 6209 195 24 aucunement

3370 6318 20 17 IV
3402 6326 8 17 f
3415 6318 1 25 .
3958 6318 137 25 ,

3328 6345 60 28 doit
3402 6346 113 31 gagner
3529 6341 131 27 et'Saïda
3672 6343 69 25 finir
3754 6343 19 25 à
3787 6343 64 24 côté
3866 6343 35 24 de
3914 6344 50 24 lui.

3359 6377 57 25 Les
3433 6379 118 21 courses
3573 6374 239 30 commenceront
3830 6373 19 26 à
3878 6373 77 30 deux
3979 6373 115 27 heures.

3327 6406 61 26 Nos
3403 6405 214 33 appréciations
3633 6406 69 25 sont
3716 6412 6 18 :
3810 6411 41 20 •,.>
3874 6404 57 37 fy\

3361 6437 86 27 Prix
3457 6437 162 27 Blaviette.
3678 6436 105 26 Béarn.
3961 6433 5 31 '

3359 6468 85 28 Prix
3457 6468 47 32 cl'
3504 6468 97 32 Anjou.
3670 6465 314 27 Saint-Pair-du-Mont.

3357 6500 84 26 Prix
3452 6497 143 28 Richard
3608 6497 170 32 ITcnnessy.
3840 6497 171 27 Sans-Peur.

3360 6529 87 26 Prix
3458 6530 39 25 de
3508 6528 143 27 Madrid.
3707 6529 126 26 Latude.

3361 6562 85 25 Prix
3455 6560 164 33 'd'Arqués.
3677 6560 113 32 Isigny.
3849 6569 15 18 /

3361 6592 83 25 Prix
3457 6592 47 25 du
3519 6591 81 26 Bois.
3659 6591 141 26 Castor.-ï,
3889 6600 8 12 *

3500 6652 111 40 Sport
3627 6650 292 41 vélocipèdique.

3364 6704 77 27 Tout
3458 6705 125 34 permet
3605 6704 39 27 de
3665 6702 128 35 prévoir
3806 6703 27 26 le
3847 6703 76 26 beau
3940 6704 94 31 temps
4050 6705 31 22 au-

3330 6736 151 34 jourd'hui.
3496 6736 138 27 Combien
3650 6735 163 26 nombreux
3835 6736 69 24 sont
3932 6733 69 33 déjà
4024 6738 73 22 ceux

3331 6769 48 32 qui
3397 6769 52 25 ont
3462 6767 51 31 fui,
3529 6767 51 27 dès
3594 6767 73 30 hier,
3683 6765 28 26 la
3726 6764 123 33 capitale
3857 6772 7 22 ;
3882 6764 76 26 mais
3985 6765 18 25 à
4031 6764 66 33 quel

3332 6798 102 28 chiffre
3448 6803 35 21 va
3497 6798 119 26 s'élever
3641 6797 27 26 la
3694 6797 78 26 foule
3798 6797 53 26 des
3876 6795 222 33 vélocipédistes

3332 6830 50 32 qui
3397 6829 181 27 franchiront
3591 6828 182 35 aujourd'hui
3787 6828 45 26 les
3844 6828 97 32 portes
3954 6827 35 26 de
4002 6827 97 26 Paris!

3333 6862 35 26 Et
3381 6862 63 26 dire
3458 6861 67 32 qu'il
3540 6867 37 21 en
3591 6861 47 27 est
3652 6865 105 22 encore
3778 6859 60 32 qui,
3854 6863 72 20 sans
3952 6862 57 27 que
4037 6857 63 26 rien

3334 6894 43 26 les
3392 6899 18 26 y
3425 6894 141 28 retienne,
3578 6898 38 21 ne
3630 6893 71 24 vont
3711 6895 56 27 pas
3780 6888 118 33 profiter
3912 6888 38 26 de
3963 6894 50 20 ces
4028 6894 54 20 mer-

3333 6924 156 27 veilleuses
3498 6924 141 31 journées
3654 6927 72 27 pour
3737 6920 72 28 aller
3823 6920 69 28 loin,
3908 6919 67 28 bien
3990 6919 69 32 loin,
4072 6920 30 26 et

3337 6957 143 26 resteront
3493 6954 46 28 ici.

3369 7000 178 32 Dimanche
3559 6996 169 40 prochain,
3745 6998 20 26 à
3780 6997 137 30 Monaco,
3939 6994 124 28 rëttûlon
4087 6994 18 26 à

3337 7031 126 32 laa'ielle
3477 7033 126 34 prendra
3617 7031 73 34 part,
3706 7036 73 21 nous
3800 7030 99 30 dit-on,
3914 7026 189 34 Cassignard,

3330 7062 1 35 ,
3337 7063 31 33 le
3378 7071 122 24 coureur
3511 7062 155 31 bordelais.

3372 7110 124 34 D'après
3515 7116 48 22 un
3582 7110 39 27 de
3638 7113 58 25 nos
3720 7102 168 39 Co7îfrèl'ês,
3909 7106 20 25 il
3956 7102 151 35 paraîtrait

3343 7144 89 31 qu'un
3446 7143 118 27 nommé
3574 7141 129 30 Verdier,
3719 7141 150 27 ex-clown,
3889 7136 175 27 demeurant
4080 7139 27 28 .a

3480 7181 17 25 a
4068 7162 47 43 il
4114 7162 1 44 1

4162 301 118 53 épaules
4294 295 25 26 ®
4320 301 76 21 ouen
4409 304 38 21 en
4467 301 118 31 Portant
4613 308 37 20 sa
4672 302 110 31 femme
4808 314 51 20 sur
4886 309 46 28 les

4307 356 20 26 51
4357 363 77 24 nous
4456 361 120 32 semble,
4605 364 38 27 do
4669 364 193 37 l'originalité,
4890 378 43 21 ou

4161 391 74 21 nous
4251 392 37 21 ne
4300 393 76 22 nous
4389 397 18 25 y
4419 396 196 25 connaissons
4629 402 54 26 pas
4689 394 9 27 I
4753 411 7 5 -

4189 431 41 26 Le
4257 430 70 33 City
4356 433 38 32 of
4423 435 131 28 London
4585 438 131 34 Cyclinp
4749 443 74 27 Club
4850 445 83 27 vient

4159 459 17 25 (1
4186 461 113 27 obtenir
4311 464 8 22 1
4330 467 191 26 autorisation
4537 468 35 26 de
4585 471 149 30 parcourir
4747 474 17 24 à
4776 474 157 30 bicvcletttf

4157 490 8 25 J
4168 496 32 20 6S
4213 494 161 31 propriétés
4389 496 37 26 de
4442 497 30 26 la
4494 498 81 27 re'ne
4600 500 74 27 dans
4689 502 56 27 l'île
4759 503 35 26 de
4815 500 119 37 \Vight/

4159 522 80 26 Cette
4253 523 111 33 faveur,
4383 531 25 20 si
4423 528 120 28 difficile
4556 530 18 26 à
4585 531 115 26 obtenir
4720 536 30 24 et
4776 541 154 22 rarement

4157 556 146 28 accordée,
4320 559 46 24 est
4382 563 58 20 une
4454 562 133 25 nouvelle
4602 569 107 25 preuve
4723 565 38 26 de
4782 566 30 26 la
4833 569 94 25 consi-

4155 592 170 56 Angletèrre
4332 593 56 21 ailS
4409 588 124 33 laquelle
4552 595 46 22 cst
4610 595 71 25 tenu
4693 595 28 26 ie
4735 596 137 31 cyclisme
4886 600 45 26 en'

4256 660 64 33 Tir
4330 671 79 24 aux
4422 665 156 39 pigeons
4591 670 46 31 de
4652 672 167 33 Monaco.

4185 712 209 34 Monte-Gablo,
4408 717 14 25 1
4456 719 81 25 avril.
4587 719 70 27 Par
4667 725 118 25 service
4796 724 128 34 spécial.

4153 744 83 26 —Le
4252 745 66 26 Prix
4337 746 17 25 d
4363 746 91 27 Adieu
4468 754 19 19 a
4500 749 46 25 été
4564 751 102 31 gagné
4696 758 52 26 par
4774 755 26 26 le
4828 761 96 24 comte

4152 772 86 31 Voss,
4251 781 133 26 premier,
4397 777 117 27 battant
4543 781 35 24 M.
4593 782 117 32 Frazer,
4741 788 124 24 second-
4892 789 32 25 la

4154 807 145 26 troisième
4313 808 81 31 place
4413 816 17 19 a
4442 810 45 26 été
4500 811 138 32 partagée
4654 816 84 25 entre
4762 816 69 27 MM.
4847 819 57 26 Ken-

4153 836 77 32 nedy
4241 837 30 25 et
4285 837 122 34 Shelley.

4182 867 57 26 Les
4254 869 100 26 autres
4367 870 102 31 poules
4482 875 54 24 ont
4547 874 48 26 été
4605 882 74 25 pour
4702 876 69 26 MM.
4785 878 125 30 Roberts

4152 898 122 32 Strelok,
4287 900 136 32 Paccard,
4440 904 103 25 Galfon
4559 907 27 24 et
4598 908 96 26 comte
4721 908 35 26 de
4779 908 139 32 Bobiano'

4150 989 90 64 Le
4260 991 259 70 Monde
4537 997 379 81 Financier

4178 1106 109 27 BotmsE
4300 1108 38 27 du
4398 1110 80 26 avril.
4546 1114 40 26 La
4611 1116 111 31 reprise
4752 1117 92 27 d'hier
4865 1117 48 27 n'A

4148 1143 53 25 pas
4215 1143 37 20 eu
4266 1139 35 27 de
4317 1141 177 27 lendemain.
4508 1143 40 26 Le
4561 1146 86 25 choix
4672 1147 35 26 de
4734 1148 37 25 M.
4798 1146 118 30 Mélinfc

4148 1169 70 25 dont
4231 1169 44 26 les
4287 1170 161 27 tendances
4462 1174 210 33 économiques
4687 1180 69 22 sont
4769 1181 64 27 trop
4846 1186 52 20 con-

4147 1204 85 25 nues,
4247 1206 18 20 a
4278 1201 46 25 été
4337 1201 59 26 mal
4411 1204 130 26 accueilli
4558 1212 52 25 par
4622 1207 30 25 la
4663 1208 118 26 Bourse.
4801 1211 25 24 A
4839 1212 77 26 cette

4148 1231 142 35 première
4305 1237 90 22 cause
4415 1234 35 25 de
4476 1234 148 32 faiblesse,
4650 1240 69 25 sont
4742 1246 112 20 venues
4881 1246 34 21 sa

4147 1263 113 31 joindre
4291 1263 27 25 la
4342 1264 178 31 publication
4548 1266 35 27 de
4611 1273 157 21 nouveaux
4794 1272 118 26 retraits

4148 1293 76 25 dans
4246 1293 43 25 les
4320 1299 112 21 caisses
4462 1297 155 33 d'ép.argne
4642 1299 31 26 et
4696 1299 155 28 l'annonce
4877 1303 37 26 de

4147 1328 119 50 grosses
4283 1324 157 27 livraisons
4454 1326 34 26 de
4504 1328 81 26 titres
4602 1330 35 25 de
4650 1331 100 26 Bente.
4775 1332 57 26 Les
4846 1338 51 20 ven-

4168 1358 69 20 eurs
4252 1355 81 25 n'ont
4346 1362 53 26 pas
4415 1358 128 32 manqué
4557 1358 34 26 de
4607 1359 71 26 tirer
4704 1363 76 30 parti
4806 1363 35 26 de
4867 1359 48 31 cef

4148 1384 150 26 ensemble
4311 1387 35 26 de
4358 1387 78 26 faits.

4179 1416 41 25 La
4232 1416 92 26 Bente
4337 1423 19 20 a
4370 1419 99 31 perdu,
4485 1426 126 28 presque
4622 1422 53 27 dès
4689 1423 182 33 l'ouverture,
4884 1416 27 37 lé

4147 1452 85 20 cours
4245 1447 34 25 de
4292 1448 32 25 9/
4335 1456 6 20 ;
4359 1453 176 28 compensée
4548 1452 18 25 à
4580 1454 31 24 96
4624 1454 33 24 85
4669 1460 71 20 avec
4755 1462 40 19 un
4814 1459 98 27 report

4285 1480 150 28 centimes,
4452 1481 53 26 eUe
4520 1483 46 25 est
4578 1483 97 26 restée
4697 1491 38 20 en
4767 1487 110 26 clôture
4892 1488 20 25 a

4146 1508 30 25 96
4187 1508 96 32 871/2,
4294 1514 37 20 en
4345 1508 98 27 baisse
4459 1512 35 26 de
4506 1513 33 25 42
4552 1514 142 26 centimes
4708 1515 53 32 1/2.
4789 1518 44 24 On
4846 1519 64 25 cote

4144 1539 31 25 96
4186 1539 32 25 95
4230 1545 71 25 pour
4312 1540 43 25 lin
4363 1544 131 22 courant.
4502 1544 241 28 L'Amortissable
4757 1553 17 19 a
4787 1547 123 26 détaché

4144 1574 41 20 un
4200 1574 111 27 coupon
4329 1571 35 26 de
4376 1571 33 26 75
4423 1574 155 30 centimes;
4596 1576 21 24 il
4632 1577 65 25 finit
4723 1577 19 26 à
4763 1578 31 25 97
4807 1578 32 25 32
4852 1579 53 30 1/2,

4146 1605 35 20 en
4196 1599 111 27 hausse
4322 1600 35 26 de
4371 1602 15 24 7
4398 1602 141 28 centimes
4552 1605 53 31 1/2,
4619 1612 71 20 avec
4702 1613 41 19 un
4757 1610 97 28 report
4867 1609 37 26 de

4142 1631 17 24 9
4170 1631 18 25 à
4200 1632 32 24 15
4245 1633 150 25 centimes.
4409 1633 40 25 Le
4462 1635 17 24 4
4493 1636 53 31 1/2,
4561 1642 70 21 avec
4644 1638 32 25 12
4689 1638 18 25 à.
4721 1638 31 26 16
4766 1639 142 30 centimes

4143 1662 37 26 de
4194 1663 104 31 report,
4313 1670 97 25 gagne
4424 1664 31 25 10
4469 1667 142 26 centimes
4624 1668 20 26 à
4657 1669 45 25 106
4715 1669 33 25 22
4760 1670 53 31 1/2.

4174 1693 57 25 Les
4244 1693 86 26 fonds
4350 1695 152 37 étrangers
4527 1698 52 24 ont
4607 1698 47 25 été
4680 1704 87 21 assez
4788 1702 118 26 calmeér.

4142 1723 24 25 L
4174 1723 104 26 Italien
4291 1723 60 26 doit
4365 1726 17 25 à
4394 1724 28 27 la
4437 1726 139 27 faiblesse
4589 1728 37 26 de
4641 1729 30 26 la
4688 1730 92 26 Bente
4800 1731 109 26 d'avoir

4141 1755 91 31 perdu
4244 1755 32 25 15
4292 1756 143 26 centimes
4449 1757 18 25 à
4478 1757 38 25 93.
4532 1759 200 28 L'Extérieure
4747 1762 159 30 espagnole

4141 1787 46 24 est
4204 1786 18 25 à
4234 1786 107 32 671/82.
4358 1792 38 21 en
4409 1787 110 27 hausse
4534 1789 37 25 de
4587 1789 73 32 1/32;
4683 1792 27 25 le
4724 1792 74 30 Turc
4813 1799 18 20 a
4844 1800 47 24 pro-

4141 1817 102 31 gressé
4252 1817 34 26 de
4298 1818 15 25 5
4325 1818 142 26 centimes
4479 1819 18 26 à
4506 1820 31 25 22
4546 1820 40 28 45,
4596 1821 43 26 La
4646 1821 100 26 baisse
4756 1824 38 24 du
4805 1825 102 26 rouble

4141 1852 18 20 a
4173 1847 97 26 Berlin
4291 1854 18 19 a
4324 1850 132 25 entraîné
4483 1850 70 27 celle
4576 1851 35 27 de
4637 1852 156 33 l'emprunt
4818 1860 87 20 russe

4141 1878 133 31 d'Orient,
4304 1880 48 31 qui
4368 1886 18 19 a
4401 1880 97 26 reculé
4524 1881 118 34 jusqu'à
4668 1884 32 25 69
4711 1884 39 30 65,
4776 1885 130 31 perdant

4140 1909 30 26 80
4183 1910 154 28 centimes;
4355 1910 26 26 le
4394 1912 15 24 4
4422 1912 47 30 0/0
4482 1912 148 26 consolidé
4646 1916 78 25 reste
4740 1915 20 26 à
4760 1915 40 26 99
4821 1918 30 22 et
4878 1916 27 27 lo

4139 1939 15 25 3
4167 1939 116 32 0/01891
4297 1941 18 26 à
4328 1941 31 25 78
4371 1941 39 26 85.

4169 1971 41 26 La
4225 1971 119 31 Banque
4369 1971 34 26 de
4424 1972 83 26 Paris
4522 1980 18 20 a
4557 1974 81 27 fléchi
4665 1976 37 26 de
4711 1975 59 27 375
4783 1977 18 25 à
4813 1976 47 26 682
4872 1976 33 27 50

4139 2003 28 25 et
4181 2001 27 27 le
4221 2002 96 26 Crédit
4330 2003 111 26 foncier
4472 2006 44 25 est
4541 2006 131 26 retombé
4697 2007 19 25 à
4744 2007 46 25 977
4800 2008 39 25 50.
4865 2008 40 26 Le

4141 2031 94 27 Crédit
4252 2033 144 32 lyonnais,
4413 2041 39 20 au
4467 2036 154 26 contraire,
4649 2043 155 26 progresse
4817 2039 18 25 à
4846 2039 56 25 770.

4169 2065 57 25 Les
4241 2063 131 27 chemins
4388 2065 35 26 de
4437 2066 43 25 fer
4489 2067 128 31 français
4629 2069 67 25 sont
4703 2075 57 25 peu
4770 2069 129 30 animés;

4137 2094 26 26 le
4180 2095 79 32 Lyon
4272 2095 71 31 perd
4357 2095 14 25 7
4385 2095 32 26 50
4433 2096 18 25 à
4463 2095 72 26 1.537
4546 2098 39 25 50.
4599 2098 97 25 Parmi
4709 2092 45 32 ies
4768 2100 135 25 chemins

4137 2126 167 31 espagnols,
4319 2126 27 25 le
4363 2126 163 32 Saragosse
4543 2128 135 26 s'avance
4689 2128 19 25 à
4719 2130 56 30 215,
4800 2130 104 26 tandis

4139 2161 56 25 que
4208 2153 149 30 l'Andalou
4370 2157 113 26 revient
4498 2159 18 25 à
4528 2159 47 25 363
4586 2160 32 24 75
4630 2160 30 26 et
4678 2166 57 25 que
4763 2160 26 26 le
4820 2160 78 26 Nord

4139 2183 35 30 de
4187 2186 157 33 l'Espagne
4356 2193 32 20 se
4407 2190 80 24 tasse
4502 2190 18 24 à
4534 2190 45 25 178
4593 2190 40 26 75.

4168 2218 41 25 Le
4225 2218 73 25 Suez
4312 2224 33 20 se
4363 2218 94 26 relève
4468 2219 35 26 de
4518 2219 15 25 3
4546 2220 32 25 75
4589 2220 19 25 à
4619 2220 73 30 2,627
4707 2220 38 25 50.
4770 2222 39 25 Le
4837 2223 66 25 Bio-

4136 2246 84 27 Tinto
4234 2251 141 24 accentue
4388 2255 54 19 son
4462 2252 191 24 mouvement
4664 2251 37 26 de
4715 2252 112 31 reprise
4843 2256 28 24 et
4884 2259 20 19 a

4136 2278 122 32 conqûis
4272 2284 41 19 un
4326 2281 133 25 moment
4470 2280 27 26 le
4511 2287 86 21 cours
4611 2282 38 26 do
4663 2282 59 30 400;
4737 2282 19 25 il
4773 2284 77 25 reste
4865 2289 38 20 en

4136 2309 109 27 clôture
4258 2310 17 26 ù
4287 2309 47 27 399
4351 2310 38 26 37.

4279 2395 87 27 Petit
4390 2395 132 28 Marché
4541 2404 40 20 en
4600 2398 143 32 Banque.

4161 2441 176 27 Décidément,
4354 2443 38 22 les
4420 2443 105 24 Chalets
4538 2444 31 21 de
4593 2444 132 22 Nécessité
4742 2450 31 17 ne
4785 2440 116 32 peuvent

4136 2470 137 21 retrouver
4285 2469 59 22 leur
4357 2469 129 22 ancienne
4501 2470 109 22 fermeté
4620 2474 7 21 ;
4651 2471 92 26 depuis
4756 2471 59 26 plus
4839 2471 61 21 d'un

4136 2493 74 26 mois,
4225 2499 66 18 nous
4312 2494 38 22 tes
4371 2499 102 22 voyons
4495 2494 109 22 osciller
4615 2497 77 21 entre
4710 2497 39 21 les
4762 2500 76 18 cours
4864 2497 38 22 de.

4137 2522 59 26 1,700
4209 2522 27 21 et
4252 2522 63 26 1,750
4325 2526 7 21 ;
4357 2520 60 22 liier
4430 2520 159 27 après-midi,
4612 2522 66 22 c'est
4701 2523 14 21 &
4736 2523 61 25 1,710
4821 2523 78 27 qu'ils

4137 2548 61 21 sont
4221 2551 118 18 revenus.

4165 2575 87 21 Parmi
4267 2575 37 21 les
4319 2574 156 27 obligations
4487 2574 31 22 de
4531 2574 122 22 Chemins
4668 2574 31 22 de
4714 2574 47 28 fer,
4776 2580 32 17 on
4828 2580 57 17 cons-

4136 2600 54 22 tate
4202 2600 25 22 la
4240 2600 125 22 lourdeur
4378 2601 45 21 des
4449 2601 189 26 Méridionales,
4652 2601 105 21 offertes
4769 2602 13 20 à
4796 2603 50 24 305,
4872 2603 27 20 et

4136 2628 24 20 le
4174 2626 188 22 délaissement
4388 2627 47 21 des
4462 2627 157 26 Porto-Ilico,
4651 2627 113 26 perdant
4791 2633 31 15 en
4846 2631 53 20 une

4136 2654 93 21 séance
4244 2657 50 17 une
4307 2653 125 21 douzaine
4446 2653 30 21 do
4489 2653 89 27 points
4591 2654 15 20 à
4619 2652 48 22 114.

4163 2680 47 20 Les
4235 2681 83 19 mines
4333 2679 32 21 de
4378 2679 167 27 Iluanchaca,
4570 2678 44 30 qui
4632 2680 61 21 vont
4709 2680 126 21 détacher
4861 2686 38 15 un

4139 2711 100 22 coupon
4264 2705 30 22 do
4306 2707 13 20 7
4332 2706 31 20 fr.
4377 2706 26 20 50
4423 2707 100 22 net.se
4546 2704 193 24 maintiennent
4765 2707 15 20 il
4804 2707 96 26 25125;

4139 2732 79 21 celles
4235 2732 31 21 de
4296 2732 25 21 la
4344 2731 240 27 Vieille-Montagne
4609 2731 87 28 (zinc),
4708 2733 64 20 dont
4796 2733 24 20 le
4839 2732 48 22 divi-

4140 2759 83 20 dende
4233 2758 71 21 vient
4318 2758 79 21 d'être
4408 2757 48 22 fixé
4472 2759 14 20 à
4501 2759 27 20 30
4543 2758 31 21 fr.
4589 2763 70 22 pour
4672 2758 25 21 le
4710 2759 107 21 dernier
4830 2764 57 17 exer-

4139 2785 63 26 cice,
4212 2784 106 27 passent
4329 2785 15 20 à
4358 2784 40 21 513
4411 2784 34 21 25.

4167 2811 48 21 Par
4228 2811 104 26 contre,
4357 2811 25 21 la
4410 2810 151 28 Lexington,
4583 2811 25 21 la
4636 2811 211 24 Jérês-Laiitcira,
4873 2811 26 22 la

4141 2837 74 21 Mana
4228 2837 59 21 sont
4300 2837 167 21 absolument
4482 2842 61 17 sans
4558 2836 110 22 affaires.
4680 2838 33 20 Le
4724 2837 99 27 Champ
4838 2837 61 22 d'Or

4140 2863 39 22 est
4200 2863 74 22 offert
4286 2863 14 21 à
4313 2863 26 21 23
4354 2863 25 21 75
4388 2869 8 20 ;
4409 2863 25 21 la
4446 2863 86 22 ICébao
4545 2863 39 21 est
4597 2863 125 27 négligée.

4166 2891 45 20 Les
4224 2889 202 27 charbonnages
4437 2889 151 27 d'Urjkany,
4609 2895 50 21 que
4670 2890 50 21 l'on
4733 2889 70 22 avait
4819 2895 65 22 pous-

4141 2916 41 21 sés
4195 2921 35 17 un
4245 2921 48 22 peu
4307 2916 63 26 trop
4382 2916 53 21 vite
4449 2916 24 20 la
4485 2916 117 21 semaine
4616 2916 129 26 dernière,
4759 2917 141 26 marquent

4140 2942 22 21 le
4175 2948 47 21 pas
4235 2948 34 17 au
4289 2947 77 17 cours
4378 2942 31 21 de
4422 2942 39 22 172
4473 2943 33 21 50.
4520 2942 112 21 L'action
4645 2942 78 22 Usine
4746 2942 63 26 Cliff,

4140 2968 25 22 la
4178 2968 83 22 même
4272 2968 97 26 raison,
4393 2968 70 22 subit
4475 2974 35 17 un
4531 2968 73 21 recul
4620 2968 32 21 de
4675 2968 27 22 30
4714 2968 87 22 unités
4813 2969 15 21 à
4841 2970 53 21 3011.

4167 2996 46 21 Les
4231 2994 97 22 Grands
4352 2994 107 22 Moulins
4495 2994 170 22 Saint-Pierre
4687 2994 154 22 demeurent
4863 3000 33 18 en

4139 3021 85 24 bonne
4238 3021 107 27 posture
4358 3022 13 19 a
4383 3020 50 22 407.

4165 3050 47 21 Les
4224 3047 156 27 Balayeuses
4406 3047 169 27 mécaniques
4599 3046 161 24 continuent
4787 3048 14 20 à
4827 3048 71 22 avoir

4139 3074 48 22 des
4202 3072 142 24 demandes
4357 3079 31 15 au
4403 3073 58 30 prix
4474 3073 31 22 de
4518 3073 41 21 110
4572 3072 99 24 francs.

4163 3102 35 21 La
4221 3099 98 24 Société
4343 3105 96 20 niçoise
4459 3100 31 21 de
4513 3099 155 31 Transports
4697 3099 145 24 maritimes
4870 3106 27 17 se

4139 3126 78 22 traite
4228 3128 14 21 à
4260 3126 47 21 525.
4330 3126 33 21 Le
4372 3125 100 22 conseil
4487 3125 236 24 d'administration
4736 3132 13 15 a
4762 3126 90 22 décidé
4865 3128 32 21 de

4137 3154 67 21 faire
4217 3151 150 24 construire
4378 3157 44 17 ses
4439 3151 104 22 navires
4560 3152 66 21 dans
4639 3152 45 22 des
4709 3152 106 22 atelier-,
4828 3154 53 21 fran-

4136 3180 64 26 çais,
4213 3180 53 21 alin
4280 3178 31 21 de
4325 3177 141 22 bénélicier
4478 3177 31 22 de
4533 3178 24 21 la
4573 3178 71 22 forte
4665 3178 84 27 prime
4769 3180 124 24 eoncédé*

4136 3210 47 22 par
4195 3206 26 21 la
4244 3204 33 22 loi
4303 3203 120 22 nouvelle
4443 3209 48 18 aux
4506 3204 171 27 compagnies
4702 3204 32 22 de
4747 3204 146 28 navigatior

4135 3233 83 20 usant
4230 3231 32 21 de
4276 3231 116 21 bateaux
4403 3230 144 22 construits
4560 3235 33 17 en
4606 3233 109 20 France.

4167 3298 354 32 INFORMATIONS
4550 3295 315 33 FINANCIÈRES

4218 3360 135 19 RECETTES
4367 3360 35 19 DU
4420 3360 113 19 TRANSIT
4547 3360 35 18 DU
4599 3360 85 19 CANAL
4700 3360 37 18 DU

4558 3398 52 20 1893
4757 3398 51 20 i-ù:

4176 3449 37 20 ru
4225 3448 74 20 I«an
4318 3445 26 21 30
4358 3450 91 17 mare..
4509 3444 123 21 y.220.000
4714 3444 120 21 7.020.1)0.?

4175 3475 37 20 l)u
4221 3474 26 20 31
4267 3476 71 19 mars
4534 3470 93 22 30).000
4736 3470 98 21 210.000-

4176 3521 38 21 Du
4266 3524 31 18 au
4309 3521 26 21 31
4351 3517 105 33 mars...
4515 3519 133 32 0.520.000_
4713 3519 56 22 7.83
4775 3519 7 20 )
4795 3517 39 21 'MO

4160 3600 34 20 Le
4217 3599 118 21 Journal
4361 3598 96 25 officiel
4480 3595 87 27 publie
4592 3595 22 21 le
4629 3594 106 22 tableau
4746 3595 45 21 des
4806 3596 74 26 opéra-

4135 3625 72 22 tions
4218 3624 32 22 de
4264 3624 27 22 la-
4303 3622 89 22 Caisse
4404 3622 45 21 des
4472 3622 96 27 Dépôts
4580 3621 26 21 et
4626 3621 200 27 Consignations
4841 3627 41 15 ooa-

4253 3650 37 22 les
4306 3650 105 22 caisses
4429 3647 138 27 d'épargne
4590 3646 154 26 ordinaires,
4763 3647 34 22 du
4817 3647 26 21 21
4861 3653 33 17 au

4133 3679 26 20 31
4173 3680 70 18 mars
4258 3677 61 21 1893.

4161 3703 151 22 L'excédent
4330 3702 46 21 des
4390 3700 111 22 retraits
4513 3700 41 21 est
4566 3699 30 21 de
4609 3698 128 26 11,171,407
4750 3702 98 20 lrancs.
4864 3705 32 17 ta

4136 3730 65 22 total
4209 3729 46 21 des
4266 3726 139 24 excédents
4420 3726 31 21 de
4472 3725 109 24 retraits
4603 3724 93 27 depuis
4708 3725 24 20 le
4789 3725 107 28 janvier,

4136 3755 93 22 atteint
4243 3754 136 26 159,419,201
4393 3752 87 21 francs
4498 3757 66 21 pour
4576 3751 37 22 les
4638 3750 97 22 caisses

4135 3781 158 26 ordinaires;
4309 3780 19 21 il
4343 3778 116 22 faudrait
4472 3784 17 20 y
4499 3777 104 27 joindre
4615 3777 67 21 celui
4695 3776 46 22 dos
4753 3778 141 22 excédents

4136 3809 31 20 de
4182 3806 107 24 retraits
4304 3807 15 20 i\
4345 3806 27 20 la
4388 3804 85 22 Caisse
4489 3804 139 26 d'épargne
4645 3803 109 26 postale,
4770 3809 48 21 que
4845 3804 48 22 l'un

4136 3835 61 26 peut
4209 3833 106 22 évaluer
4325 3830 15 22 à
4352 3831 26 21 30
4391 3830 116 22 millions
4521 3829 118 22 environ.

4162 3895 61 22 Hier
4238 3900 15 17 a
4266 3900 31 17 eu
4311 3894 61 26 lieu,
4391 3898 61 18 sous
4466 3893 25 21 la
4506 3892 152 27 présidence
4677 3893 33 21 du
4723 3896 170 24 gouverneur,

4134 3922 33 20 M.
4185 3920 178 27 Chrisloplile,
4376 3919 163 22 l'assemblée
4552 3920 119 20 annuelle
4693 3919 45 22 des
4750 3919 144 27 actionnai?

4136 3953 40 17 res
4188 3947 35 21 du
4243 3946 87 22 Crédit
4339 3946 102 21 foncier
4454 3946 31 20 de
4495 3946 110 20 France.

4162 3973 79 28 Après
4254 3972 72 22 avoir
4342 3972 113 22 entendu
4473 3972 24 20 le
4508 3972 104 26 compte
4624 3971 83 22 rendu
4716 3971 119 31 présenté
4845 3976 47 22 par

4134 4000 27 22 le
4168 4004 167 24 gouverneur
4346 4004 34 17 au
4393 4003 63 18 nom
4465 3997 34 22 du
4515 3997 111 27 conseil,
4655 3998 67 21 ainsi
4735 4003 48 21 que
4795 3998 22 20 le
4838 4002 43 22 rap-

4134 4028 58 27 port
4205 4025 45 22 des
4263 4031 132 19 censeurs,
4410 4024 50 22 elle
4469 4030 14 15 a
4495 4024 85 21 donné
4590 4029 48 17 son
4650 4024 170 26 approbation
4841 4029 46 15 ans

4134 4052 118 27 comptes
4267 4052 31 21 de
4319 4051 130 22 l'exercice
4462 4050 59 21 1892.

4162 4081 32 21 Le
4212 4077 138 22 dividende
4364 4076 30 24 de
4417 4076 40 22 cet
4468 4076 123 25 exercice,
4612 4076 51 22 fixé
4674 4076 56 22 à-50
4743 4077 85 21 francs
4847 4081 46 22 par

4135 4106 96 26 action,
4244 4106 39 21 est
4306 4103 111 27 pavable
4430 4108 6 17 :
4449 4103 26 20 30
4500 4103 32 20 fr.
4558 4103 93 26 depuis
4661 4103 105 26 janvier
4779 4103 116 28 dernier,

4135 4133 25 22 et
4172 4133 27 22 20
4213 4131 33 22 fr.
4265 4131 14 21 à
4292 4130 85 27 partir
4389 4129 35 22 du
4478 4129 91 26 juillet
4580 4128 136 27 prochain.
4873 4135 17 19 <i

4160 4159 56 21 MM.
4231 4159 63 25 Gay,
4307 4155 214 28 Harly-Perraud,
4538 4155 31 21 de
4597 4155 136 26 Ncufville,
4757 4155 136 26 PlassarJ,

4133 4183 237 22 administrateurs
4389 4182 124 25 sortants,
4538 4181 45 21 ont
4594 4181 43 21 été
4650 4181 92 26 réélus,
4762 4180 65 22 ainsi
4841 4186 52 21 que

4133 4213 30 20 M.
4176 4212 81 24 Brice,
4272 4214 111 18 censeur
4396 4209 110 21 sortant.

4159 4239 45 20 Ces
4217 4237 116 22 diverses
4358 4233 157 26 résolutions
4530 4233 47 22 ont
4599 4233 40 24 été
4658 4233 89 22 volées
4761 4234 14 20 h
4789 4233 104 25 l'unauïj

4131 4264 71 22 mité.

4159 4315 168 24 L'assemblée
4350 4312 120 30 générale
4495 4312 135 22 ordinaire
4645 4312 47 22 des
4710 4312 181 22 actionnaire»

4133 4343 69 21 delà
4222 4341 103 22 Société
4349 4344 130 22 anonyme
4495 4339 32 21 do
4554 4337 180 27 l'lmprimerie
4747 4337 87 28 Chaix,
4844 4341 38 19 lut-

4133 4369 123 27 primene
4267 4368 25 21 et
4300 4367 126 22 Librairie
4443 4364 133 24 centrales
4596 4365 46 22 des
4664 4364 122 22 Chemins
4800 4364 32 21 de
4845 4368 48 26 !cr,

4131 4402 17 15 a
4162 4401 31 17 eu
4202 4395 52 22 lieu
4266 4394 66 22 hier.

4159 4420 168 24 L'assemblée
4341 4424 14 17 a
4368 4419 132 28 approuvé
4511 4417 38 22 les
4569 4417 116 27 comptes
4696 4417 31 21 de
4741 4417 100 21 l'année
4863 4417 31 22 et

4133 4448 90 22 décidé
4234 4447 60 27 qu'il
4317 4447 80 21 serait
4423 4444 102 27 prélevé
4556 4448 46 18 sur
4613 4443 40 22 les
4665 4442 130 24 bénéfices
4808 4448 6 18 :
4828 4448 65 22 paw

4134 4474 86 22 divers
4241 4472 233 25 amortissements,
4499 4475 52 18 une
4564 4474 99 18 somme
4682 4469 32 22 de
4737 4469 91 25 337,00:)
4840 4470 31 20 fr.
4879 4475 12 19 ;

4135 4506 66 21 pour
4213 4501 27 20 la
4252 4500 105 20 réserve
4368 4498 89 27 légale,
4470 4498 79 24 30,575
4570 4495 48 26 fr.;
4639 4500 65 22 pour
4716 4495 26 22 la
4754 4495 84 21 caisse
4858 4493 35 24 «18

4134 4525 185 30 participation
4332 4530 50 17 aux
4395 4522 131 24 bénéfices
4541 4526 32 18 en
4581 4521 91 22 faveur
4685 4521 35 22 du
4743 4520 149 28 personne»,

4133 4554 74 25 42,194
4226 4551 31 24 fr.
4267 4553 33 20 55.
4717 4573 6 6 .
4762 4573 12 7 „

4161 4583 32 18 Le
4202 4578 138 21 dividende
4351 4578 30 20 de
4394 4577 52 22 tS93
4460 4581 14 17 a
4488 4576 40 22 été
4538 4576 105 22 ensuite
4657 4574 47 22 fixe
4717 4573 14 21 ii
4749 4573 25 21 40
4794 4574 30 20 fr.

4135 4605 93 24 action.
4714 4626 6 7 ,
4805 4605 4 28 .
4864 4613 20 20 _i

4162 4633 53 20 Une
4230 4630 142 24 assemblée
4397 4628 122 28 générale
4544 4626 207 22 extraordinaire
4774 4631 40 17 e«
4834 4629 59 19 ea*.

4134 4659 96 25 voquée
4245 4663 64 21 pour
4323 4657 21 20 le
4370 4657 24 19 14
4416 4652 74 30 avril,
4517 4654 17 21 à
4546 4652 80 24 l'effet
4644 4652 32 24 de
4689 4652 102 22 statuer
4806 4657 46 17 sur
4860 4650 37 24 IW

4134 4684 133 24 réduction
4284 4683 33 21 du
4331 4682 97 27 capital
4443 4680 85 24 social
4541 4684 48 22 par
4609 4678 57 24 voie
4680 4678 32 22 de
4731 4678 165 22 rembourse*

4133 4711 72 22 mont
4230 4709 136 26 successif,
4388 4713 47 17 sur
4461 4707 100 26 chaque
4587 4706 97 22 action.
4711 4707 39 20 Un
4780 4703 117 28 preiaieri

4133 4736 226 25 remboursement
4387 4734 60 22 d'un
4469 4733 112 25 million,
4609 4731 56 22 soit
4688 4731 40 21 100
4740 4733 89 20 lrancs
4843 4729 54 27 pari

4134 4766 74 25 titre,
4215 4763 85 22 aurait
4313 4762 52 21 lieu
4378 4766 33 17 au
4420 4759 118 22 moment
4547 4759 35 21 du
4594 4757 130 27 paiement
4736 4757 33 21 du
4782 4756 115 28 coupotfjj

4133 4791 24 22 le
4174 4791 25 21 15
4213 4789 53 22 mai
4278 4787 136 28 prochain.
4876 4785 21 26 J

4159 4818 39 21 Un
4208 4817 119 25 acompte
4339 4813 31 22 de
4383 4813 27 21 12
4427 4813 30 21 fr.
4468 4813 27 20 50
4508 4817 46 17 sur
4569 4811 22 22 le
4600 4809 136 24 dividende
4750 4809 80 27 ayant

4133 4843 129 24 distribué
4272 4841 24 22 le
4310 4843 25 20 15
4345 4839 141 22 novembre
4495 4838 112 26 dernier,
4622 4838 25 21 la
4656 4837 71 22 solde
4741 4837 28 21 de
4781 4835 25 22 2?
4820 4835 31 21 fr.
4860 4835 37 22 S®

4133 4876 48 20 par
4194 4869 87 22 action
4306 4872 61 18 sera
4394 4866 74 26 payé,
4481 4865 138 21 déduction
4644 4863 61 22 faite
4737 4863 32 21 de
4782 4861 115 27 l'impôta

4133 4902 47 17 sur
4192 4893 182 25 détachement
4385 4893 35 21 du
4441 4897 100 21 coupon
4567 4896 26 15 n»
4618 4892 14 19 0
4658 4890 26 21 et
4709 4889 188 27 présentai»®*

4130 4923 35 21 du
4179 4923 64 21 titre
4252 4923 15 20 il
4280 4918 196 30 l'estampillage
4488 4918 35 20 du
4553 4915 224 24 remboursement
4789 4915 32 21 de
4831 4913 66 24 cent?

4130 4950 89 21 francs
4267 4952 48 18 aux
4329 4946 99 22 caisses
4440 4950 32 15 ae
4482 4944 26 20 la
4533 4943 99 22 Société
4645 4942 130 24 Générale,
4793 4945 50 17 rue
4853 4945 44 30 «ej

4129 4976 139 22 .Provence,
4283 4975 38 24 56,
4332 4975 26 19 et
4369 4972 67 21 dans
4449 4975 40 18 ses
4502 4970 113 21 bureaux
4629 4969 32 21 de
4682 4968 130 27 quartier.
4877 4967 5 32 .
4891 4967 6 20 !

4214 5072 194 39 DERNIERS
4430 5072 126 39 COURS
4580 5063 230 45 ÉTRANGERS

4377 5176 270 32 NEW-YORK

4310 5223 61 21 PAR
4388 5222 97 20 CABLE
4563 5222 13 17 «
4589 5219 100 21 MATIN
4703 5222 15 15 »

4540 6658 20 1 —
4881 6658 20 8 ft

4161 6687 169 28 New-York,
4351 6693 37 19 ler
4407 6689 67 22 avril,
4485 6698 21 5 -
4517 6690 86 22 Argent
4630 6692 27 15 en
4682 6687 87 22 barres,
4787 6686 24 20 m
4822 6687 51 22 tifc
4880 6680 20 25 0

4137 6716 65 24 Vente
4202 6716 115 24 5,........
4530 6715 6 18 ;

4162 6749 213 27 Philadelphie,
4397 6752 37 18 ler
4450 6750 65 20 avril.
4567 6749 98 21 Pétrole.
4685 6749 34 20 On
4737 6749 51 18 cote
4805 6748 66 19 SUa-
4887 6755 13 15 j

4152 6778 41 19 ard
4201 6777 77 19 While
4287 6774 137 25 disponible,
4430 6774 53 19 5.50.
4898 6785 6 6 .

174 182 139 47 Paris,
397 177 129 40 AVRIL
559 170 104 41 ÎS93

2274 176 103 37 LE
2432 175 283 38 MATIN

4795 190 37 35 2

4194 5283 145 31 MARCHÉ
4372 5287 184 26 FINANCIER

4652 5278 105 25 OOMÀRS

4885 5296 2 14 ;

4131 5333 64 18 Taux
4207 5330 86 19 d'intér.
4302 5329 41 19 des
4354 5333 79 15 avanc.
4444 5328 30 20 du
4486 5333 129 18 gouvern...

4651 5326 21 19 15
4683 5326 30 20 ./.
4723 5322 34 22 o/o

4857 5320 28 30 M

4885 5320 24 31 i'.

4130 5355 67 17 Taux
4207 5353 105 18 d'intérêt
4322 5355 40 14 sur
4371 5352 34 17 les
4417 5352 78 17 autres
4508 5350 107 18 valeurs..

4652 5350 20 17 15
4684 5350 30 17 ./.
4724 5350 34 17 0/0

4788 5350 73 21 xd'i

4133 5375 92 19 Change
4234 5379 40 14 sur
4286 5374 103 19 Londres

4652 5372 9 15 4
4669 5372 25 15 80
4706 5372 32 15 1/4

4885 5372 7 15 >

4133 5396 83 19 Câbles
4228 5395 120 19 Transfers

4651 5394 11 15 4
4670 5394 22 13 88
4706 5394 33 17 1/4

4788 5394 9 11 4
4808 5394 24 9 88
4840 5394 45 12 im

4788 5409 8 6 r
4809 5408 38 7 (74
4852 5407 31 8 i<M

4133 5419 92 20 Change
4234 5421 39 15 sur
4284 5418 69 19 Paris

4650 5415 11 18 5
4671 5415 21 15 17
4706 5415 33 18 i/2

4788 5415 11 12 5
4809 5415 20 18 'f
4839 5415 46 24 VJ

4131 5440 93 19 Change
4234 5443 39 15 sur
4283 5439 77 19 Berlin

4671 5439 22 13 95
4703 5439 34 15 1/8

4131 5461 84 19 United
4225 5460 83 19 Stakes
4319 5459 91 19 Funded
4422 5460 60 18 Loan
4492 5460 12 18 4
4512 5459 40 21 0/0.

4659 5459 34 15 113
4704 5459 31 17 ./•

4795 5459 33 15 jl*
4839 5459 34 14 -f»

4885 5472 6 8 *

4253 5481 72 20 Union
4336 5480 126 21 Telegranh
4475 5481 90 17 actions

4671 5480 22 15 91
4706 5480 33 18 1/4

4807 5480 22 12 94
4840 5480 8 12 K

4133 5505 111 19 Àtchison
4253 5504 93 20 Topeka
4357 5504 21 18 et
4388 5502 110 20 Santa-Fé
4508 5504 107 17 actions..

4670 5502 22 17 34
4704 5502 34 18 1/8

4806 5502 24 12 34
4838 5502 47 18 7/Sg

4885 5502 6 9 i

4133 5525 90 17 Canada
4238 5525 112 17 Southern
4607 5535 9 7 «

4669 5524 24 17 51
4704 5524 34 18 3/4

4840 5524 45 14 ml&è

4134 5549 113 19 Canadian
4260 5548 83 19 Pacific

4670 5544 22 19 83
4704 5542 34 22 1/2

4806 5542 27 17 n
4840 5542 45 20 M®

4131 5570 91 20 Central
4234 5570 24 19 of
4267 5569 149 21 New-Jersey

4661 5568 34 15 119
4704 5568 34 18 5/8

4796 5568 8 13 4
4808 5568 53 22 H-(
4861 5568 13 12 L

4131 5591 91 19 Central
4227 5591 4 19 -
4235 5591 143 19 Pacific......
4610 5600 8 8 •

4671 5590 22 15 27
4717 5590 11 18 /
4733 5590 5 18 •

4133 5615 102 18 Chicago
4244 5615 24 17 et
4274 5613 170 19 New-Western
4455 5611 163 19 ordinaires....

4663 5610 19 18 H
4684 5610 12 17 2
4706 5610 34 19 7/8

4798 5610 34 13 «•»
4841 5610 39 17 »/*

4133 5635 102 22 Chicago
4243 5635 24 19 et
4274 5634 169 20 New-Western
4455 5634 161 21 privilégiées..

4135 5657 99 20 Chicago
4241 5657 24 18 et
4271 5655 136 20 Milwaukee
4411 5657 24 17 et
4442 5653 90 21 Si-Paul
4540 5659 79 15 comm.

4662 5633 31 18 141
4707 5633 30 18 ./.

4671 5654 22 18 77
4704 5652 35 22 3/8

4798 5633 31 15 iif
4840 5633 45 17 -/•'

4808 5650 24 27 I?

4133 5679 90 19 Denver
4231 5680 24 17 et
4264 5678 142 20 Rio-Grande

4671 5678 22 17 16
4707 5678 30 19 ./.

4131 5700 91 20 Illinois
4233 5700 91 20 Central

4652 5699 32 17 101
4707 5699 35 19 1/2

4798 5699 33 14 ICI
4840 5699 8 13 s
4851 5699 34 17 /sr

4133 5722 64 19 Lake
4207 5722 73 19 Shore
4293 5722 22 18 et
4325 5720 116 21 Michigan
4452 5720 167 19 Southern.....

4661 5720 35 18 129
4709 5720 28 19 ./.

4798 5720 34 21 *5?

4133 5745 70 19 Louis
4204 5745 56 18 ville
4267 5745 22 17 et
4299 5743 118 20 Nashville

4671 5741 25 18 75
4706 5741 31 20 ./•

4809 5744 24 13 i»
4841 5741 44 19 i/^

4131 5766 116 19 Michigan
4260 5765 92 20 Central

4663 5764 34 17 104
4706 5764 31 17 -/.

4800 5764 32 14 104

4131 5787 133 18 New-York
4273 5786 64 19 Lake
4345 5785 52 20 Euie
4410 5786 22 18 et
4444 5785 104 18 Western

4672 5785 22 18 21
4706 5785 34 20 3/i

4809 5785 76 19 22i;«

4130 5810 135 19 New-York
4273 5807 94 19 Lake2e
4378 5806 119 22 Mortgage
4512 5805 107 19 Bonds...

4674 5807 22 17 07
4707 5805 34 22 1/2

4809 5805 24 18 97
4843 5805 43 19 i/aa

4133 5830 133 20 New-York
4274 5829 91 20 Central
4375 5830 22 17 et
4409 5829 94 18 Hudson
4511 5829 109 18 River...»

4662 5829 34 18 108
4706 5829 35 21 3/i

4801 5829 33 15 107
4843 5829 43 18 ./J

4134 5852 132 20 New-York
4274 5851 96 19 Ontario
4383 5850 110 19 Western.

4671 5850 25 19 17
4707 5850 34 21 1/2

4811 5850 21 15 >7
4841 5850 44 14 am

4134 5875 116 19 Northern
4260 5872 83 20 Pacific
4354 5876 188 15 communes......

4671 5872 24 19 17
4708 5872 34 21 1/8

4808 5872 24 17 16
4841 5872 44 17 *im

4885 5872 2 21 [

4133 5896 117 20 Northern
4259 5896 84 19 Pacific
4354 5894 115 22 préférées

4674 5895 21 18 43
4707 5894 34 22 1/4

4808 5894 24 15 43
4840 5894 45 18 5/W

4136 5919 59 18 Ohio
4204 5920 25 17 et
4239 5916 126 20 Mississipi
4558 5922 61 11 ....••

4671 5916 21 19 21

4808 5916 21 14 24
4841 5923 44 12 af.*'

4136 5940 167 21 Pennsylvanie
4311 5939 89 19 actions
4410 5940 24 17 et
4443 5936 176 24 Philadelphie..

4672 5939 24 18 53
4707 5937 35 20 3/4

4808 5936 25 17 5)
4839 5936 46 19 àj*

4135 5961 155 22 Philadelphie
4299 5961 24 19 et
4333 5961 103 20 Reading

4672 5961 25 17 33
4706 5961 37 18 5/8

4808 5961 25 13 34-
4841 5961 41 17 ./.b

4885 5961 5 20 I

4671 5983 25 17 37
4707 5983 35 19 7/8

4809 5983 25 20 ?»
4843 5983 43 17 «''«

4134 6007 102 17 Wabact»
4245 6005 105 19 St-Louis
4358 6006 22 15 et
4391 6004 84 18 Pacific
4482 6004 138 17 communes.

4672 6004 21 18 11
4710 6004 30 20 ./.

4135 6027 102 21 Wabftcli
4246 6026 105 20 St-Louis
4359 6026 24 18 et
4391 6024 85 21 Pacillc
4485 6024 136 22 préférées.»

4672 6024 25 20 22
4707 6026 35 20 5/8

4809 6024 24 18 y
4844 6024 32 21 ./.

4179 6070 146 32 MARCHÉ
4357 6073 229 28 COMMERCIAL

4136 6119 79 20 Coton.
4225 6118 115 22 Middling
4346 6118 116 22 Upland...

4688 6116 58 22 S3/S

4825 6126 7 7 .

4136 6143 79 18 Ceton.
4225 6141 115 21 Middling
4349 6141 87 21 Upland
4447 6141 14 17 à
4470 6144 41 13 ter.
4525 6144 43 14 sur
4576 6141 11 18 3
4596 6144 30 14 m.

4677 6141 11 17 8
4697 6141 24 15 48

4812 6150 7 4 -
4834 6150 22 5 --

4136 6163 80 19 Coton.
4225 6162 113 22 Middling
4349 6162 87 22 Upland
4447 6162 15 20 &
4469 6163 44 17 ter.
4524 6165 41 15 sur
4577 6162 11 18 4
4594 6165 31 15 m.

4136 6184 99 19 Pétrole,
4243 6184 59 18 Brut
4310 6183 102 19 Parkers
4424 6183 77 19 Brand

4676 6162 11 18 8
4697 6162 24 17 54

4684 6182 13 18 5
4704 6181 27 20 55

4813 6170 58 27 V»

4136 6207 100 19 Pétrole.
4244 6206 83 19 United
4338 6206 53 20 Pipe
4402 6206 54 19 Line
4468 6206 158 20 Certilieates..

4675 6203 66 20 68./.

4813 6203 22 15 «58
4843 6203 38 19 3£ft

4136 6228 98 20 Pétrole.
4244 6228 115 19 Standard
4369 6228 77 19 White
4455 6228 170 20 disponible....

4684 6226 12 17 5
4708 6226 27 18 50

4135 6249 123 19 Saindoux.
4267 6249 105 19 Western
4383 6249 99 19 Steam..

4658 6248 21 17 10
4689 6248 21 18 85
4722 6248 27 20 •/•

4795 6248 20 15 iô

4885 6248 2 15 [

4135 6272 124 19 Saindoux.
4269 6272 94 20 Marque
4377 6272 65 18 Rohe

4658 6280 18 8 .•
4689 6281 19 7 a.
4721 6270 28 18 •/.

4795 6280 15 7 ..
4827 6280 15 7 •«
4853 6270 32 17 -i»

4134 6294 83 19 Farine
4230 6294 13 17 ô
4252 6295 73 17 terme
4335 6296 41 15 sur
4385 6293 129 20 printemps

4684 6292 12 17 2
4709 6292 24 17 40
4775 6292 4 18 ;

4134 6315 69 18 Mais.
4212 6315 106 18 Western
4330 6313 105 21 mélangé

4675 6313 21 18 51
4709 6313 34 20 1/2

4845 6313 35 21 ?/F

4135 6337 113 19 Froment.
4260 6337 66 17 Roux
4337 6334 87 18 d'hiver
4436 6334 130 22 disponible

4674 6334 24 18 75
4708 6334 35 19 3/4

4136 6359 112 19 Froment.
4260 6358 66 18 Roux
4336 6357 87 18 d'hiv.à
4433 6357 51 18 livr.
4491 6363 64 13 cour.
4560 6358 66 18 mois.

4710 6357 32 20 «/•

4814 6357 21 15 74
4844 6357 40 17 4/*

4889 6370 12 8 a

4136 6379 113 19 Froment.
4260 6379 66 19 Roux
4335 6378 69 19 d'hiv.
4411 6379 13 18 a
4436 6378 52 19 livr.
4496 6378 129 21 prochain..

4676 6378 22 18 74
4710 6378 33 20 1/1
4776 6378 2 20 ;

4813 6378 72 17 US»

4885 6378 1 13 1
4893 6378 12 13 *-

4136 6402 113 20 Froment.
4260 6400 65 19 Roux
4336 6399 87 21 d'hiver
4428 6399 13 19 à
4449 6400 73 18 livrer
4528 6399 99 19 suivant.

4675 6399 22 20 75
4709 6399 34 21 -5/8
4776 6399 2 22 ;

4885 6412 13 9 E;

4136 6424 106 20 Froment
4253 6424 27 18 de
4289 6424 128 20 printemps
4427 6422 34 18 No
4473 6423 8 15 i
4491 6422 135 18 Northern..

4675 6422 22 19 81
4710 6422 34 22 7/8

4815 6422 18 15 SI
4847 6422 38 22 ÏP*

4136 6444 74 21 Cafés.
4220 6446 43 19 Rio
4273 6446 93 17 numéro
4376 6444 19 20 7,
4404 6444 131 20 disponible

4677 6444 21 18 18
4709 6444 34 21 3/4

4814 6444 66 19 ..../.

4885 6444 21 17 ■2.

4136 6468 72 20 Cafés.
4220 6469 43 19 Rio
4272 6469 57 20 type
4339 6465 94 18 numéro
4443 6465 17 21 7,
4470 6465 154 27 prochain....

4676 6465 24 18 16
4710 6465 24 18 5»

4136 6493 74 17 Cafés.
4220 6493 44 15 Rio
4273 6493 58 18 type
4339 6493 96 13 numéro
4443 6493 18 15 7,
4470 6493 12 12 3
4494 6493 131 13 mois......:

4136 6513 92 18 Sucres.
4238 6509 102 19 Raffinés
4351 6509 138 19 Moscovade
4583 6516 46 9 ...»

4649 6493 5 13 '
4674 6493 24 13 16
4710 6493 25 12 30

4691 6508 52 22 31/8

4136 6534 58 18 Suif.
4202 6533 77 18 Prime
4286 6530 65 22 City..
4356 6541 83 9 ........
4465 6533 40 15 .'...

4663 6530 2 22 •
4688 6530 11 18 5
4710 6530 33 22 1/2
4776 6530 2 22 i

4136 6555 74 18 Frets.
4221 6553 81 20 Grains
4312 6557 59 17 pour
4382 6553 243 21 Liverpool...........

4685 6553 11 19 i
4710 6555 31 19 J-

4687 6575 8 18 1
4709 6574 33 19 3/4

4137 6596 73 24 Frets,
4221 6596 73 24 Cetoo
4304 6600 60 20 pour
4371 6595 156 24 Ltvçrpoo]....
4531 6606 18 9 t.

4687 6604 11 11 «
4697 6595 35 20 m

4760 6639 9 7 -

4174 6870 345 39 ABONNEMENT
4563 6863 338 38 REMBOURSÉ

4176 6984 106 30 Tous
4297 6981 61 30 les
4375 6979 288 30 abonnements
4676 6985 50 21 ou
4741 6976 163 30 réalwte

4142 7020 182 30 nements
4339 7026 54 19 an
4407 7013 161 30 !HATI«f
4584 7016 93 27 sont
4689 7011 196 37 intégrale-

4143 7057 107 28 ment
4272 7050 256 31 remboursés
4552 7057 48 20 en
4624 7049 139 34 livres,
4788 7045 100 28 suarf-

4168 7098 51 21 ne
4231 7098 52 20 on
4296 7094 198 31 gravures
4508 7084 154 30 choisis
4674 7083 102 28 dans
4792 7082 117 27 h«M

4141 7128 5 24 [
4212 7128 19 21 A'
4239 7136 8 13 i
4257 7133 60 14 riT'j
4324 7128 5 24 i
4337 7133 9 14 r
4351 7133 12 18 v

4144 7163 107 33 ment
4265 7161 53 34 du
4336 7160 21 33 t
4365 7157 26 32 &
4406 7156 219 33 déceßiJjre»
