2900 4200
121 145 69 33 sowie
209 146 37 25 bie
264 145 86 27 Eltern
374 144 78 33 heißen
481 143 74 27 biefe«
575 142 126 34 Vorgehen
731 144 49 31 gut.
819 139 133 33 Behauptet

121 182 38 25 der
181 182 108 25 bekannte
310 179 214 34 Soz'alistentüter
545 182 31 22 im
596 177 73 27 Wort
691 170 117 40 trotzdem,
828 177 39 24 der
881 182 71 26 ganze

121 216 94 34 Handel
237 215 101 29 erstrecke
358 215 39 30 sich
419 221 47 18 nur
480 214 42 30 aus
536 214 75 33 einige
626 213 157 30 Stahlfedern
799 211 47 26 und
861 209 76 33 Schul-

121 252 66 33 hesle,
207 253 24 27 so
251 250 80 32 wissen
351 252 51 25 doch
421 250 46 25 alle
487 249 93 32 Ellern,
601 248 35 27 die
656 248 99 30 Töchter
776 247 98 31 besitzen,
905 244 47 30 daß

121 287 24 25 in
165 287 41 25 der
220 284 200 33 Minettsgegend
441 287 101 23 daneben
564 285 53 29 noch
636 287 87 22 andere
736 282 91 27 Artikel
846 281 105 28 verkauft

121 322 102 26 werden.
259 319 55 27 Vor
343 323 59 22 etwa
422 320 16 25 2
459 320 123 26 Monaten
609 319 122 34 verlangte
750 318 76 25 meine
845 315 108 33 6jähri,.e

121 357 99 29 Tochter
251 360 47 21 von
325 354 63 32 ihrer
409 353 100 27 Mutter
537 357 16 24 5
572 354 75 27 Sous
678 361 39 18 um
739 353 141 31 Strickgarn
905 357 46 18 von

121 393 41 25 der
182 389 132 34 Schwester
342 397 27 25 zu
400 389 82 31 kaufen
529 389 99 25 Abend«
657 389 89 31 brachte
768 387 28 32 sie
816 386 73 27 Garn
910 386 42 25 mit

121 427 54 31 nach
203 425 80 35 Haufe
311 425 45 26 das
386 425 31 27 ich
447 425 24 25 in
497 423 74 35 jedem
592 423 107 33 Gefchäft
728 424 39 30 für
792 422 15 25 2
828 422 123 26 Centimes

121 461 90 35 gekauft
226 460 70 33 hätte.
333 458 48 28 Auf
395 458 121 31 Befragen
531 459 99 27 erklärte
643 459 104 32 dieselbe,
767 458 36 26 die
820 455 132 31 Schwester

121 497 82 27 würde
231 497 36 28 ihr
296 495 45 25 das
361 495 86 24 andere
469 493 72 27 Garn
563 494 44 30 erst
626 495 64 25 dann
711 492 151 32 verabfolgen
883 496 67 20 wenn

121 534 27 31 sie
168 533 45 25 das
234 530 108 27 Stricken
363 530 88 31 gelernt
472 530 69 32 hätte,
579 529 66 32 Nich
674 530 55 33 zwei
750 528 100 30 Wochen
870 524 80 27 wurde

121 569 73 24 meine
214 565 99 27 Toebter
341 568 47 22 aus
418 566 40 24 der
477 564 88 30 Schule
595 567 54 29 nach
677 564 78 34 Haufe
783 560 96 35 geschickt
908 566 41 19 um

121 602 72 27 Garn
214 608 27 26 zu
262 602 74 27 holen,
377 599 48 27 Wo
446 600 70 26 bleibt
535 600 50 30 also
605 602 43 24 das
667 600 83 30 übrige
766 596 72 28 Garn
859 597 42 23 las
922 593 29 30 sie

121 638 53 30 noch
194 642 46 20 von
260 637 41 25 der
320 635 133 33 Schwester
474 635 105 33 erhalten
601 635 59 30 soll?
700 634 68 27 Oder
796 630 70 34 sollen
894 627 57 32 diese

121 674 117 29 frommen
251 671 160 35 Jungfrauen
432 671 40 32 sich
492 673 34 23 die
540 670 86 26 Naben
640 671 39 25 als
692 667 104 28 Vorbild
811 670 139 28 genommen

361 697 592 26 mM999999999999999mmmmmm

649 739 48 25 Ein
717 734 197 35 Familienvater

386 782 302 37 Vereinsmeierei!

155 828 70 31 Nicht
256 827 70 27 allein
348 827 25 25 in
393 830 43 22 den
457 825 108 27 Städten
586 828 47 22 und
652 820 91 35 Flecken
762 820 43 25 des
825 820 125 23 neutralen

120 864 92 27 Landes
240 863 51 31 sind
319 862 45 26 alle
382 861 102 27 Vereine
510 858 118 36 begeistert
648 865 40 18 um
707 853 135 34 gemütliche
862 852 85 26 Unter-

121 899 204 32 Hallungsabende
353 898 39 29 für
422 896 49 33 ihre
491 894 143 33 Mitglieder
659 891 48 25 und
728 889 103 26 Gönner
850 894 27 23 zu
896 891 53 22 ver,

120 934 124 32 anfallen,
270 934 55 29 auch
345 941 24 18 in
388 933 43 25 den
453 931 117 29 Dörfer",
599 934 37 20 wo
656 928 37 23 ein
712 923 90 27 Verein
822 922 122 31 erstanden

120 972 26 26 ist
175 973 43 22 tun
237 969 46 25 alle
303 969 112 28 dasselbe.
453 966 77 27 Wenn
545 962 101 27 Vereine
665 961 25 24 in
710 959 74 25 vielen
798 958 152 30 Ortschaften

119 1005 57 27 über
197 1003 73 33 Nacht
298 1003 45 32 erst
358 1003 41 33 hen
430 1008 43 19 wie
497 1000 36 25 die
553 996 93 32 Klöster
675 994 42 26 mit
746 994 65 30 ihren
833 991 113 26 Ordens»

121 1042 116 29 vereinen,
266 1044 49 21 wer
341 1038 64 32 trägt
425 1037 33 24 die
478 1033 81 31 größte
581 1030 90 31 schuld
691 1036 30 18 an
740 1027 71 28 dielet
833 1027 115 25 Verein«,

121 1083 22 19 m
157 1075 75 26 ierei?
271 1073 99 26 Sobald
398 1071 37 25 ein
463 1069 66 26 Wirt
557 1066 59 31 nicht
644 1062 120 35 g»nügend
794 1061 102 32 verzapft
917 1074 33 4 —

119 1110 69 29 aleich
209 1110 101 25 ariindet
330 1115 23 17 er
374 1106 66 26 einen
460 1102 86 27 Verein
568 1115 33 4 —
622 1099 22 27 !o
670 1100 91 31 predigt
779 1100 25 23 es
824 1098 37 24 die
880 1096 67 32 getst»

120 1147 53 29 liehe
201 1143 91 33 Polizei
322 1141 42 29 auf
391 1143 40 22 der
459 1136 98 33 Kanzel.
604 1133 48 26 «Is
680 1133 64 32 Leser
774 1132 41 27 de«
849 1137 100 27 „armen

121 1181 102 28 Teufel"
255 1178 58 26 muß
342 1178 30 27 ich
400 1175 41 24 der
466 1172 127 32 schwarzen
612 1169 94 34 Polizei
727 1176 49 25 yier
794 1167 60 31 recht
873 1168 78 34 geben.

121 1215 68 27 Man
210 1214 121 28 beobachte
358 1215 56 26 nur,
446 1213 42 21 wie
508 1207 69 33 gleich
596 1206 35 25 die
651 1204 130 35 Mehrzahl
800 1204 71 31 dieser
890 1202 46 27 Ver-

121 1253 50 24 eine
191 1248 84 27 wieder
295 1245 121 35 zugrunde
434 1243 59 34 geht.
530 1242 87 35 Findet
645 1242 50 25 eine
714 1240 138 31 Festlichkeit
872 1240 66 25 inner-

121 1286 55 33 halb
204 1285 41 25 ber
264 1280 122 34 Ortfchoft
415 1279 54 34 statt
499 1281 47 25 und
575 1279 34 25 die
633 1276 120 33 Geschäfte
780 1276 43 27 de«
855 1275 95 27 Wirtes

121 1320 150 34 entsprachen
298 1319 58 31 nich!
386 1317 72 32 seiner
485 1314 161 32 Erwartung,
677 1314 54 26 oder
759 1312 58 33 seine
838 1310 111 34 Kollegen

122 1357 60 34 oh..e
201 1354 156 32 Vereinsfaal
385 1353 73 31 haben
487 1353 82 29 bessere
589 1348 121 35 Geschäfte
737 1349 101 33 gemacht
866 1348 44 24 wie
929 1353 24 19 er

121 1391 73 34 felbst.
215 1391 43 26 wie
277 1390 60 26 wird
356 1388 30 27 dr
407 1388 45 33 jede
472 1386 141 33 Kleinigkeit
632 1393 30 18 an
683 1386 42 24 den
745 1384 100 34 Haaren
865 1381 85 33 herbei»

122 1434 99 27 gezogen
250 1426 48 26 und
328 1426 59 25 alles
411 1423 107 30 mögliche
539 1427 45 20 wie
603 1420 145 32 unmögliche
767 1419 62 26 wird
850 1417 101 30 gele>stet

121 1471 41 19 um
182 1463 37 25 die
239 1460 150 31 Gesellschaft
408 1458 122 33 zugrunde
556 1463 28 25 zu
612 1455 93 30 richten.
743 1452 61 33 Ihr,
833 1452 119 32 Musiker,

121 1497 111 32 Sänger,
253 1495 100 26 Turner
373 1497 47 21 unv
441 1494 43 24 wie
502 1492 37 28 ihr
558 1491 46 25 alle
623 1489 80 30 heißen
724 1489 84 31 möget,
829 1487 38 31 ihr
887 1489 65 29 tragt

120 1534 78 24 daran
217 1531 36 25 die
281 1529 83 31 größte
384 1528 100 28 Schuld.
524 1524 72 27 Denn
625 1524 60 31 sonst
716 1523 93 25 würdet
839 1522 35 31 ihr
902 1521 50 30 euch

121 1570 44 24 da«
181 1566 58 24 alles
259 1564 57 29 nicht
338 1562 73 25 bieten
432 1560 87 32 lassen!
557 1558 132 32 Nächsten«
709 1557 74 31 mehr.

157 1601 51 33 (In
237 1599 76 26 vielen
343 1596 109 32 Punkten
484 1595 40 31 hat
555 1593 69 28 unser
656 1591 194 30 Korrespondent
885 1589 68 29 recht.

121 1637 103 27 Warien
245 1634 45 27 wir
309 1632 59 31 feine
388 1629 84 33 nächste
491 1628 119 34 Inschrift
630 1628 38 24 ab.
689 1626 37 26 D.
747 1624 75 32 Red.)

365 1703 343 46 Hauptstädtisches.

121 1749 39 80 P
161 1760 105 36 Unser
286 1757 168 33 Stadtrat
481 1756 28 35 ist
537 1756 25 27 in
589 1756 42 26 den
652 1752 85 28 Streik
757 1753 109 33 getreten.
902 1749 51 28 Die

160 1800 104 33 ttglieber
282 1798 40 24 der
337 1794 145 35 Opposition
503 1793 74 34 haben
597 1791 38 33 ihr
655 1789 136 33 Erscheinen
811 1785 140 36 verweigert

123 1838 49 24 und
203 1838 24 23 es
260 1833 114 33 kursieren
407 1830 90 28 allerlei
525 1828 125 33 Gerüchte.
698 1826 69 27 Man
794 1823 82 35 spricht
905 1827 47 22 von

123 1872 112 33 passivem
263 1867 162 35 Widerstand,
457 1866 138 33 Auslösung
625 1863 49 27 und
706 1861 141 35 dergleichen
880 1860 73 32 mehr.

124 1905 146 28 Abwarten!

158 1942 73 29 Der
250 1938 88 33 letzte
357 1937 146 35 Jahrmarkt
522 1942 53 21 war
593 1935 101 32 ziemlich
714 1936 43 33 gut
774 1932 111 34 befahren
905 1932 49 25 und

123 1978 56 33 ging
199 1977 40 26 der
258 1976 96 33 Handel
374 1974 63 33 flott.
476 1973 63 31 Auch
560 1978 51 21 war
630 1972 38 26 ein
687 1969 114 35 Karnssel
819 1975 54 28 zum
891 1966 62 27 Ver»

123 2013 66 30 kaufe
209 2010 145 34 ausgestellt.

161 2045 80 32 Seit
270 2043 127 38 einiger
416 2042 77 36 Ieit
522 2042 108 33 befinden
654 2041 40 33 sich
715 2048 31 19 an
763 2040 45 25 den
827 2038 112 27 Laternen-

125 2084 95 34 pfählen
247 2082 35 26 bei
301 2082 42 25 den
363 2078 263 33 Transversalstraßen
647 2077 41 32 auf
708 2077 50 25 dem
776 2075 180 32 Limpertsberg

129 2120 143 32 fogenannle
293 2117 151 31 Wegweiser,
472 2115 35 25 die
535 2115 44 23 mit
598 2113 75 31 ihrem
693 2110 179 33 ausgestreckten
892 2110 61 26 Arm

124 2156 42 25 auf
192 2153 35 25 die
257 2151 139 31 armseligen
416 2148 236 32 Petroleumlampen
673 2147 76 32 zeigen
769 2147 47 24 und
835 2147 118 26 ausrufen

122 2197 28 25 zu
178 2187 99 26 wollen:
313 2185 63 31 Fo«
408 2184 40 24 ins
479 2181 218 32 Schlaraffenland
729 2182 44 23 mit
802 2179 74 33 dieser
903 2180 33 25 Be-

122 2220 135 33 leuchtung!

158 2255 68 31 «rn
246 2248 213 36 verflossenen
475 2248 110 32 Montag
605 2247 74 25 abend
697 2247 101 25 brannte
822 2247 45 24 da«
878 2246 73 34 Haus

122 2295 42 26 des
184 2291 165 31 Postbeamten
370 2286 100 26 Sauber
495 2284 25 24 in
539 2284 39 24 der
599 2280 149 31 Baumbusch
763 2280 99 26 Avenue
881 2283 70 30 ganz»

122 2331 42 27 lich
184 2329 87 25 nieder.
309 2323 57 27 Nur
386 2322 35 25 ein
442 2318 66 33 Tisch
527 2316 84 26 konnte
630 2317 94 30 gerettet
745 2317 93 23 »erden

161 2363 160 26 Montan
342 2354 120 33 Abend
492 2352 80 28 wurd?
600 2353 38 23 der
668 2348 100 32 friedlich
797 2349 55 30 nach
872 2348 79 33 Haufe

123 2387 110 47 kehrlnde
247 2397 129 30 Schreiner
390 2393 42 33 N,
453 2397 44 21 vor
509 2389 40 26 der
563 2385 132 32 Wohnung
709 2383 84 26 Ketten
821 2382 129 31 Limpetis»

123 2438 55 30 betg
197 2435 131 30 überfallen
357 2431 49 26 und
435 2428 79 32 fchwet
543 2420 155 35 mißhandelt.
743 2417 54 27 Der
817 2417 74 26 Tater
923 2416 27 32 ist

122 2476 290 58 ""«l«S°««t«<,
432 2496 82 27 Abend
542 2491 63 32 schoß
634 2490 40 25 der
697 2485 252 38 Handschuhschneider

122 2512 192 56 A.m!"emem
332 2510 121 54 Revolver
480 2530 40 32 auf
549 2510 67 58 fein«i
627 2524 66 34 Fron
733 2522 58 30 ohne
819 2524 73 28 leftoq
921 2527 28 25 zu

124 2575 92 33 treffen.
254 2574 53 27 Der
325 2568 211 38 Revolverfchütze.
546 2566 26 28 ist
592 2559 113 29 ebenfall«
724 2555 83 35 verhaf
833 2559 16 23 <•

159 2610 79 27 Das
265 2606 192 31 allaemeine
477 2592 217 40 Stimmrecht
713 2593 59 26 wird
792 2599 51 18 nun
862 2591 87 31 endlich

125 2653 47 20 von
205 2645 62 27 allen
299 2645 77 32 Parte
404 2614 22 20 "
453 2637 129 29 anerkannt
614 2633 38 26 als
680 2626 180 32 Retormmtttel
886 2633 63 19 einer

122 2683 33 25 du
172 2680 156 35 chgreisenden
349 2672 171 39 Sozialpoli.'k
564 2669 61 28 Nun
653 2666 104 26 kommen
788 2663 54 30 auch
869 2663 81 25 unsere

123 2718 70 33 Gegn
210 2725 11 18 r
240 2693 49 50 Und
310 2716 83 31 ahmen
414 2711 69 26 unler
501 2707 150 33 Programm
678 2700 54 31 nach
769 2698 54 31 doch
851 2697 97 31 nehmen

123 2754 45 25 wir
189 2752 145 32 Sozialisten
354 2749 36 25 die
405 2745 76 28 Sache
500 2745 37 23 der
732 2736 101 31 fozialen
846 2732 103 32 Reform

124 2789 57 27 nicht
203 2790 23 26 so
245 2786 69 30 ernst.
352 2781 56 33 Erst
426 2780 88 27 Talen,
533 2778 65 23 dann
617 2773 92 26 Worte.

158 2821 128 31 Unsere
305 2809 335 37 Ghristlich-sozialen
668 2809 73 23 treten
769 2802 99 30 wirklich
890 2803 59 28 recht

122 2857 122 26 despotisch
263 2854 50 29 auf.
352 2851 48 26 Sie
420 2849 83 24 wollen
525 2847 47 24 uns
591 2844 50 28 doch
661 2843 58 28 nicht
740 2841 59 23 etwa
819 2838 82 25 wieder
934 2844 13 19 n

122 2893 13 26 d
177 2889 120 32 Perioden
318 2888 38 23 des
376 2882 148 33 katholischen
544 2877 164 27 Mittelalters
728 2873 108 31 versetzen
883 2871 65 27 Nein

122 2913 77 37 wert!
223 2925 99 25 Zerren,
354 2921 39 23 der
423 2917 179 26 ultramontane
632 2910 175 30 Defpotismus
838 2907 39 31 hat
908 2907 41 33 ftch

122 2963 106 27 überlebt
255 2960 22 30 ja
298 2954 98 35 schmilzt
415 2954 68 23 unter
502 2950 44 26 den
567 2945 119 31 Strahlen
707 2944 63 27 einer
788 2943 161 33 erquickenden

122 2996 128 35 Freiheils!
270 3001 44 19 nne
333 2993 23 23 in
376 2990 37 25 ein
432 2987 85 30 Nicht«
537 2984 133 33 zusammen

159 3029 66 29 3S<•
245 3025 157 33 <-l„r,abor
430 3027 46 22 von
498 3015 253 33 Schantwiii,chaften
780 3021 83 27 mögen
890 3013 58 32 nicht

122 3070 116 27 vetaesien
276 3066 49 31 ihre
354 3059 107 38 jähtliche
480 3055 65 28 Tare
571 3059 45 22 vor
636 3053 66 27 Ende
721 3050 104 35 Januar
852 3057 28 27 zu
900 3054 48 22 ent.

122 3076 57 54 2
242 3090 5 9 '
263 3103 53 26 Alle
344 3096 126 33 dieenigen
498 3090 78 30 welche
604 3088 59 32 diese
692 3087 169 34 Bestimmung
891 3087 58 29 Nicht

123 3114 115 60 pünktlich
259 3107 127 62 emhalten!
404 3130 92 28 werden
517 3127 39 26 als
570 3123 148 36 geschlossene
733 3122 164 33 Wirtschaften
911 3128 38 19 am

123 3178 25 25 *'
633 3198 46 24 °us
699 3194 68 32 Wiltz
795 3194 84 29 machte
907 3191 44 27 mit

122 3210 76 69 feiler
228 3209 148 71 Fr?u"e"e
409 3232 194 34 Schlittenfahrt,
642 3230 75 26 wobei
752 3230 46 25 da«
829 3227 121 33 Malheur

122 3289 30 19 va
185 3286 47 22 erte
277 3280 47 28 daß
359 3279 40 25 der
432 3271 120 34 Schütten
588 3267 35 25 bei
661 3269 38 22 der
730 3262 221 33 Maschinenfabrik

122 3289 51 46 £?*
188 3321 21 14 m
222 3290 34 45 !w
473 3306 48 28 Die
552 3300 111 35 Insassen
696 3300 96 25 wurden
824 3298 124 32 heraitsge>

123 3318 83 63 gfeib
238 3356 6 21 .
296 3315 129 68 WährN
448 3309 66 70 ©St
689 3335 42 25 mit
762 3340 64 17 einer
857 3332 92 30 leichten

122 3387 39 27 Ge
420 3355 52 54 J
909 3366 41 33 *"

122 3423 121 27 Madame
264 3421 116 32 Malhieu
399 3419 44 25 den
463 3413 78 32 Bruch
561 3414 88 45 einher
669 3405 24 26 R
705 3409 59 27 Ppeu
784 3402 103 25 erlitten.

156 3456 69 28 Die
255 3454 157 30 23orlaae
448 3453 60 25 betr.
537 3447 36 27 die
603 3438 211 33 Kaiasterrevtston
846 3438 27 28 ist
910 3441 39 20 am

122 3495 16 24 6
156 3462 115 59 Januar
299 3497 55 20 von
375 3477 363 42 Erbgrozherzog.Siaithalter
757 3480 25 19 tu
801 3469 148 37 Hoheriburg

122 3534 69 22 unter
205 3528 100 29 chrieben
335 3524 97 26 worden
462 3523 47 23 und
537 3519 65 30 heute
625 3520 41 28 zur
684 3508 144 31 Verteilung
847 3506 102 30 gelangt,

122 3565 33 27 «r
195 3565 14 24 1
230 3562 36 31 bes
288 3533 69 52 mm"
371 3558 45 30 daß
435 3561 55 20 vom
513 3554 21 24 1.
548 3552 105 32 Januar
670 3547 65 25 1905
755 3545 29 24 ab
799 3545 34 22 die
846 3539 101 27 Grund.

122 3600 18 12 «
173 3606 53 15 „.
262 3597 16 23 5
298 3595 105 26 Prozent
432 3596 53 19 vom
505 3587 147 28 Reinertrag
680 3582 59 24 alles
760 3575 189 31 Grundbesitzes,

123 3633 43 27 Wie
193 3606 112 53 er'durch
325 3600 112 56 Geletzte
457 3619 212 32 Katasterrevision
691 3615 39 33 seit
751 3611 67 28 1893
838 3609 110 28 ermittelt

123 3670 80 21 wurde
229 3664 99 27 erhoben
349 3661 92 25 werden
461 3655 50 33 soll.

160 3699 66 31 Die
258 3683 457 44 Meta«arbeiter-Gewerk,ch°ft
747 3689 25 19 in
799 3680 150 32 Luremburg

122 3737 51 30 hält
193 3738 73 28 Herne,
289 3732 120 30 Sonntag
427 3728 44 27 den
492 3726 41 26 17.
553 3724 111 34 Januar,
685 3719 158 31 n.chmiltag«
862 3716 16 27 2
897 3715 52 31 Uhr

122 3773 37 30 ihr
191 3764 288 34 Generalversammlung
499 3763 33 25 im
551 3754 262 39 fozialdemolratischen
833 3750 115 35 Lesezirkel

122 3800 72 40 5öaus
215 3804 108 32 Schmitz.
352 3794 232 37 Gerichtshosstraße
610 3794 38 25 ab.
685 3790 50 27 Dte
753 3788 196 34 Tagesordnung

132 3846 75 25 ante.:
237 3843 23 25 1.
279 3838 126 36 Protokoll
425 3836 40 26 der
485 3834 75 32 letzten
579 3830 196 29 Versammlung.
795 3826 16 25 2
840 3823 109 32 Vortrag

122 3881 56 27 über
191 3878 36 27 die
241 3872 316 32 Gewerkschastsbewegung
597 3867 14 25 3
635 3864 71 31 Wahl
721 3864 64 25 eines
798 3859 150 31 Vorstand«,

122 3915 142 28 miiatiedes.
285 3911 25 27 4.
328 3908 137 32 Aufnahme
485 3911 72 21 neuer
575 3902 154 32 Mitglieder.
755 3897 23 28 5.
797 3895 153 35 Einzahlung

122 3953 39 25 der
179 3948 170 34 rückständigen
372 3942 121 35 Beiträge.
531 3940 23 27 6.
574 3936 187 36 Verschiedene«.

710 3974 55 25 Der
784 3974 130 29 Vorstand

1035 133 218 37 Wablgeber.
1300 134 47 27 Bei
1375 134 41 26 der
1444 132 249 33 Gemei«deratswahl
1725 135 97 25 wurden

1000 173 24 25 in
1053 180 73 18 einem
1153 171 97 33 hiesigen
1280 169 150 33 wohltätigen
1450 168 73 35 Hotel
1542 174 48 19 von
1609 169 43 25 den
1672 168 151 32 Schwestern

1000 212 40 21 den
1066 206 108 28 Kranken
1202 204 164 33 Rosenkränze
1395 204 56 31 auf«
1470 204 56 25 Bett
1556 204 72 33 gelegt
1656 210 53 26 zum
1737 204 85 32 Beten,

999 243 75 26 damit
1093 243 35 25 die
1148 241 68 27 bösen
1237 239 112 28 Männer
1367 253 34 5 —
1421 240 43 24 wie
1484 238 35 26 die
1534 238 150 33 Schwestern
1705 237 39 33 sich
1763 242 45 22 aus-

999 278 103 25 drückten
1117 292 32 2 —
1164 276 58 28 nicht
1236 274 100 33 geioählt
1352 275 88 24 werden
1456 274 87 32 sollten.
1563 274 52 30 Für
1628 274 33 25 die
1674 273 148 35 Schwestern

1000 314 65 28 stand
1083 314 53 28 auch
1155 311 74 25 viele«
1248 309 41 33 auf
1308 310 51 25 dem
1380 308 94 33 Spiele.
1500 308 82 32 Durch
1601 307 160 34 Validierung
1782 310 41 25 des

999 350 81 32 Herrn
1093 347 93 25 Reuter
1205 345 50 32 sind
1275 345 34 24 die
1330 344 67 29 böfen
1411 344 111 26 Männer
1540 343 59 33 nicht
1612 344 102 33 gewählt
1728 347 94 22 worden

999 386 55 22 aber
1073 382 57 30 nicht
1159 381 67 29 durch
1247 378 84 28 Gebet,
1359 378 100 32 sonder»
1486 380 70 31 durch
1576 397 83 9 ....
1697 379 64 31 Doch
1787 380 36 25 die

999 417 146 31 Schwestern
1166 416 78 29 fieuen
1264 414 41 30 sich
1327 414 55 33 lehr.

1033 447 408 39 Äezirkskrankenkaffen.
1477 448 91 34 Vorige
1583 449 84 31 Woche
1686 450 81 25 wurde
1785 449 38 27 ein

999 488 116 32 Fräulein
1134 485 64 26 eines
1219 485 97 33 hiesigen
1337 484 137 33 Geschäftes
1494 485 74 31 krank,
1597 485 23 31 so
1640 484 46 33 daß
1706 485 29 31 sie
1755 485 68 27 kaum

1000 524 54 28 nach
1073 521 79 34 Hanfe
1176 520 115 33 gelangen
1311 519 89 27 tonnte.
1437 520 47 26 Am
1504 523 88 23 andern
1612 518 66 35 Tage
1698 521 57 33 ging
1774 521 50 33 ihre

999 557 132 29 Schwester
1158 557 41 29 auf
1229 557 43 24 das
1292 555 102 28 Bureau
1411 555 41 26 der
1471 555 167 34 Krankenkasse
1658 556 66 25 einen
1744 555 78 35 Zeitel

999 593 77 31 holen,
1108 597 41 21 um
1180 597 52 27 zum
1261 590 58 34 Arzt
1346 598 28 26 zu
1400 590 81 34 gehen.
1524 590 60 34 Hier
1611 590 56 34 fing
1694 598 56 20 man
1778 591 46 27 da«

999 627 127 33 Mädchen,
1146 633 94 19 warum
1259 625 35 27 die
1308 626 92 26 Kranke
1421 628 59 30 nicht
1498 626 63 32 jelbst
1574 626 43 26 den
1633 626 74 34 Zettel
1722 627 101 32 abholen

998 662 87 26 kannte
1112 663 49 24 und
1189 668 95 20 warum
1311 662 46 25 das
1385 662 58 30 nicht
1463 662 65 33 schon
1547 668 39 20 am
1605 662 72 30 ersten
1697 662 68 34 Tage
1784 666 40 24 der

999 697 55 33 Fall
1084 698 100 32 gewesen
1215 697 37 30 fei.
1298 698 62 30 Auch
1392 696 72 34 stellte
1496 704 57 19 man
1584 697 105 34 Fragen,
1722 700 29 24 ob
1779 698 45 26 das

998 732 117 35 Fräulein
1137 732 132 33 überhaupt
1287 732 69 26 krank
1375 732 37 34 fei.
1435 733 90 27 Sollen
1544 734 58 28 diefe
1623 733 117 26 Beamten
1761 734 64 31 wohl

999 771 77 30 hierzu
1104 770 44 24 das
1167 767 69 32 Recht
1265 767 94 33 haben?
1396 767 75 27 Deetu
1501 767 37 27 die
1558 767 117 28 Beamten
1706 768 50 33 sind
1786 769 38 31 für

999 804 32 25 die
1051 803 220 34 Kassenmitglieder
1300 806 28 22 da
1356 805 48 23 und
1435 803 58 32 nicht
1512 803 36 26 die
1568 802 143 34 Mitglieder
1732 804 39 29 für
1789 805 37 26 di«

999 839 126 27 Beamten.
1161 830 58 34 Wir
1236 838 128 33 empfehlen
1382 839 44 25 den
1446 837 150 33 Vorständen
1617 839 40 27 der
1671 839 85 33 Kassen
1776 840 50 26 der«

999 875 76 31 artige
1093 873 76 32 Fälle,
1187 873 77 26 damit
1283 872 103 33 Abhülfe
1404 873 103 26 eintrete.

1035 906 81 32 Wir
1143 906 107 35 stehe»
1280 909 24 24 in
1334 910 39 23 der
1391 908 56 34 Zeit
1466 910 40 24 der
1525 908 133 32 politischen
1679 908 147 34 Bewegung.

999 944 79 26 Kaum
1108 944 38 31 hat
1166 950 55 18 man
1242 944 49 24 eine
1310 942 139 34 Einladung
1470 943 40 30 für
1529 945 43 24 den
1593 944 123 26 klerikalen
1736 944 75 26 Volks-

999 980 78 24 verein
1097 977 113 32 erhalten,
1231 977 24 32 so
1275 977 76 31 erhält
1370 984 56 19 man
1446 978 85 26 wieder
1549 978 49 26 eine
1619 978 38 30 für
1672 979 35 25 die
1721 978 105 26 Liberale

998 1012 62 33 Liga,
1099 1013 73 26 Einer
1192 1012 50 25 will
1262 1011 43 26 den
1326 1012 89 25 andern
1435 1012 143 33 überbieten,
1597 1014 42 27 auf
1659 1015 49 23 dem
1729 1012 98 28 Gebiete

999 1050 38 23 der
1057 1047 98 33 sozialen
1176 1046 171 33 Gesetzgebung
1366 1047 46 24 das
1435 1047 76 30 meist«
1537 1054 28 26 zu
1592 1047 88 32 leisten,
1708 1048 116 31 natürlich

998 1083 42 28 auf
1062 1082 52 27 dem
1133 1081 92 34 Papier
1244 1088 40 20 um
1303 1082 51 24 dem
1374 1082 160 32 erwachenden
1553 1081 75 26 Volke
1648 1081 76 27 Sand
1744 1083 25 25 in
1790 1084 34 24 die

998 1118 86 31 Augen
1113 1124 27 24 zu
1169 1116 100 33 streuen.
1308 1116 77 33 Heute
1414 1116 143 33 nachmittag
1576 1120 16 22 4
1612 1115 53 33 Uhr
1694 1117 25 28 ist
1739 1117 25 25 in
1783 1116 42 27 der

999 1153 68 28 Villa
1081 1153 48 26 eine
1142 1151 107 34 große
1263 1150 187 34 Versammlung
1463 1153 39 24 der
1517 1151 172 32 Luremburger
1701 1151 122 27 Liberalen

999 1189 55 34 Liga
1075 1188 163 34 angekündigt.
1275 1187 71 32 Weiß
1366 1194 56 19 mau
1442 1187 139 33 überhaupt,
1601 1187 29 26 ob
1650 1188 26 25 es
1689 1187 50 27 eine
1753 1187 73 33 große

999 1225 188 33 Verfammiung
1203 1224 94 26 werden
1316 1222 83 27 wird?

1035 1258 109 35 Unser
1172 1262 103 26 neues
1304 1258 187 35 Pompierkorp«
1520 1258 63 33 hatte
1611 1258 76 34 letzten
1707 1257 120 34 Sonntag

1000 1297 50 27 eine
1081 1295 256 34 Abendunterhaltung
1369 1295 42 26 mit
1442 1293 199 35 Tanzkranzchen.
1678 1292 56 36 Zur
1766 1295 60 30 Auf»

1001 1333 106 32 führung
1136 1334 123 31 gelangle:
1297 1330 40 33 „E
1366 1330 79 27 kranke
1474 1330 133 32 Mefchter"
1628 1337 25 23 u.
1674 1330 17 29 f.
1711 1335 29 22 w.
1779 1330 47 26 Die

1001 1368 163 33 Lachmuskeln
1185 1369 40 24 der
1244 1366 160 29 Anwesenden
1424 1365 78 26 kamen
1523 1368 59 29 nicht
1599 1372 41 26 zur
1660 1364 79 32 Ruhe.
1769 1364 58 27 Da«

1001 1411 57 19 neue
1078 1403 82 32 Korps
1180 1402 69 33 zeigte
1269 1402 46 32 daß
1334 1403 24 24 es
1379 1403 76 24 etwas
1474 1401 79 31 leisten
1573 1401 68 33 kann,
1670 1400 58 30 nicht
1756 1401 70 26 allein

1002 1440 59 24 beim
1082 1438 77 32 Feuer
1177 1437 101 31 sondern
1298 1438 55 28 auch
1374 1436 24 26 in
1418 1435 205 33 gesellschaftlicher
1642 1435 185 33 Unterhaltung.

1002 1474 46 25 Am
1078 1472 110 32 Montag
1217 1479 80 17 waren
1323 1471 35 25 die
1377 1469 177 32 Gerätschaften
1583 1472 40 24 des
1651 1477 74 19 neuen
1745 1469 82 32 Korps

1002 1509 35 25 bei
1056 1508 82 33 Herrn
1158 1507 132 31 Bodeving,
1319 1504 189 34 Fleischerstraße
1538 1503 117 33 hierselbst
1684 1507 142 31 «««gestellt.

1002 1543 49 25 Die
1070 1540 175 32 Geräischafren
1275 1540 47 32 sind
1344 1538 146 33 modernsten
1510 1538 85 27 Stiles
1614 1539 48 25 und
1684 1540 142 33 entsprechen

1001 1577 62 26 allen
1082 1583 31 18 an
1133 1575 29 29 sie
1181 1574 116 32 gestellten
1314 1573 209 33 Anforderungen.

1036 1606 228 38 Pfaffenthal.
1302 1607 86 33 Letzten
1409 1607 118 32 Sonntag
1549 1607 63 33 hatte
1630 1607 70 32 unser
1720 1608 105 33 Gesang»

1001 1647 77 25 verein
1100 1645 92 32 „Sang
1212 1645 49 25 und
1278 1643 99 32 Klang"
1401 1642 25 26 in
1446 1644 39 24 der
1504 1641 67 28 Villa
1590 1641 124 34 Lauvigny
1734 1644 90 26 Abend»

1002 1680 171 33 Unterhaltung
1199 1680 42 25 mit
1272 1678 220 33 darauffolgendem
1521 1677 203 35 Tauzkränzchen.
1772 1678 54 33 Zur

1002 1716 154 31 Aufführung
1186 1715 142 33 gelangten:
1366 1713 65 33 „Die
1460 1712 66 28 Liebe
1557 1712 33 27 im
1620 1713 122 31 Kontor".
1771 1712 55 35 „De

1002 1751 184 34 Scholtfchein".
1223 1750 69 26 Alles
1321 1750 56 33 ging
1397 1748 141 34 vortrefflich
1558 1750 47 25 und
1626 1749 79 34 hatten
1725 1749 35 27 die
1778 1749 47 27 An«

1001 1788 119 34 wesenben
1140 1788 64 26 einen
1225 1785 163 35 genußreichen
1409 1784 92 27 Abend.

1081 1902 87 36 Aus
1193 1900 62 36 der
1279 1899 263 42 Arbeiterstadt
1566 1897 89 42 Esch
1681 1899 71 33 und

1248 1951 84 30 vom
1352 1943 209 45 Erzbassin.

1037 2000 144 35 Genoße
1201 1996 210 35 Rodenbour
1440 1998 40 34 hat
1508 1998 36 27 die
1571 1997 49 29 drei
1640 1997 130 35 Beschlüsse
1788 1998 41 28 der

1001 2037 282 33 Volksversammlungen
1303 2043 27 27 z»
1344 2034 107 35 Lintgen,
1471 2034 120 35 Fischbach
1611 2034 48 27 und
1674 2033 100 34 Kopstal
1794 2042 24 26 zu-

1002 2075 97 33 gunsten
1116 2075 41 26 des
1178 2073 155 34 allgemeinen
1348 2070 173 33 Stimmrechts
1541 2078 30 19 an
1591 2070 35 27 die
1641 2070 189 35 Abgeordneten'

1002 2111 102 26 lammer
1134 2108 144 34 eingef.tndt.
1317 2107 71 33 Diese
1418 2107 50 27 drei
1497 2105 131 36 Beschlüsse
1659 2110 99 24 wurden
1791 2115 39 19 am

1002 2147 77 32 letzten
1101 2144 125 33 Dienstag
1254 2144 43 32 auf
1320 2143 44 27 den
1388 2142 66 33 Tisch
1482 2142 40 27 des
1543 2143 96 34 Haufe«
1668 2143 162 34 niedergelegt.

1001 2180 829 26 Bravo!

1036 2212 80 30 Das
1131 2210 285 34 Scharlachsieber
1430 2211 98 32 herrscht
1542 2211 38 33 seit
1591 2211 89 34 einiger
1692 2212 56 35 Zeit
1762 2215 68 24 unter

1000 2249 39 24 der
1058 2248 150 25 Kinderwelt
1237 2247 50 31 hier
1316 2247 48 26 und
1394 2248 40 31 hat
1462 2247 54 32 auch
1540 2248 66 31 schon
1628 2251 104 29 mehrere
1753 2248 77 34 Opser

1000 2282 129 33 gefordert.

1034 2315 73 29 Der
1125 2313 197 36 Ingenieur
1340 2315 65 30 Herr
1419 2314 134 34 Franko!«,
1573 2315 198 33 Beiriebsführer
1790 2319 40 24 de«

999 2350 180 34 hültenwerles
1207 2352 65 29 'U,etz
1291 2356 24 18 u.
1336 2348 54 29 Co.
1421 2354 28 22 tu
1478 2356 39 19 am
1547 2349 124 32 Dienstag
1700 2351 130 30 gestorben.

1030 2381 68 30 «m
1119 2381 229 35 Donnerstag
1374 2388 14 19 »
1402 2390 132 24 rgangener
1555 2384 81 30 Woche
1665 2386 39 28 hat
1733 2386 39 30 sich
1792 2386 36 25 ein

998 2425 70 18 neuer
1092 2416 89 26 Verein
1212 2420 72 22 unter
1312 2417 51 24 bem
1383 2414 65 27 Tuet
1478 2415 126 31 „Societe
1624 2417 148 27 d'escrirne
1800 2422 30 23 et

997 2451 210 28 d'Athletisme"
1228 2451 34 25 im
1281 2450 73 33 Hotel
1368 2449 126 33 Buchholtz
1513 2450 105 31 gefilmt.
1637 2451 35 24 24
1685 2452 142 33 Mitglieder

997 2486 99 27 wurden
1116 2484 188 32 eingeschrieben.

1031 2519 63 35 I,«
1108 2517 216 35 verflossenen
1338 2518 79 34 Jahre
1431 2522 97 23 wurden
1543 2518 33 27 im
1590 2519 97 33 hiesigen
1703 2519 122 33 Schlacht»

996 2555 68 34 Hause
1096 2555 160 34 geschlachtet:
1287 2554 32 26 81
1350 2552 99 33 Ochsen.
1480 2554 36 26 84
1543 2553 94 32 Stiere.
1668 2555 52 27 016
1751 2555 74 34 Kühe,

998 2592 52 26 160
1077 2591 102 31 Rinder.
1209 2590 68 26 1685
1303 2589 101 32 Kälber,
1432 2589 51 25 573
1512 2589 122 35 Hammel.
1661 2591 33 26 41
1726 2590 23 35 Z
1762 2599 63 25 egen,

997 2628 33 26 80
1050 2625 96 34 Pferde.
1174 2625 67 27 5687
1262 2624 135 31 Schweine.
1434 2624 133 33 Vernichtet
1596 2626 99 26 wurden
1715 2629 16 23 4
1750 2625 75 30 Kühe.

999 2663 11 25 1
1031 2661 72 33 Kalb,
1128 2663 9 25 1
1159 2660 84 32 Pferd,
1263 2661 51 25 261,
1333 2659 95 31 Lebern,
1448 2660 33 25 63
1493 2659 104 33 Lungen.
1625 2660 57 27 Von
1697 2661 127 27 auswätt»

997 2697 132 33 eingeführt
1158 2698 116 24 wurden:
1312 2695 93 30 10,703
1433 2694 84 34 Pfund
1538 2695 82 34 Speck,
1655 2696 63 27 1961
1740 2696 85 33 Pfund

998 2732 126 31 Schinken,
1145 2731 70 26 2305
1234 2730 83 33 Pfund
1338 2729 90 34 Wurst,
1449 2730 49 26 186
1517 2729 43 34 Pf.
1578 2730 247 35 Fleifch.Konferven.

1031 2766 69 29 «n»
1119 2764 187 31 Mittwoch
1327 2765 83 26 Abend
1429 2767 84 25 wütete
1531 2767 57 25 über
1609 2766 68 32 unfer
1693 2766 132 32 Städtchen

997 2803 36 25 ein
1052 2802 165 32 orkanartiger
1237 2801 102 31 Sturm,
1362 2801 119 30 vermifcht
1501 2801 44 25 mit
1565 2801 82 33 Regen
1667 2804 47 24 und
1735 2801 89 34 Hagel»

997 2837 115 35 fchlossen.
1131 2836 50 27 Die
1200 2835 254 32 Luxemburgerstratze
1475 2836 80 25 wurde
1575 2836 124 33 besonders
1720 2837 24 25 in
1759 2837 65 25 Mit»

997 2873 143 31 leidenfchaft
1170 2878 108 28 gezogen,
1306 2871 97 31 standen
1431 2872 50 29 doch
1502 2872 45 25 alle
1566 2870 91 34 Gassen
1677 2872 49 26 und
1747 2872 78 27 Keller

997 2912 69 23 unler
1096 2907 100 34 Wasser,
1226 2908 22 30 so
1275 2906 45 32 daß
1352 2913 40 20 am
1419 2906 161 34 Donnerstag
1609 2906 75 34 rüstig
1713 2912 111 28 gepumpt

997 2944 94 26 werden
1118 2950 24 20 m
1162 2943 45 31 hie.
1250 2940 54 28 Wie
1334 2949 57 19 man
1420 2944 116 24 vermutet
1564 2944 62 31 hatte
1654 2950 55 19 man
1738 2944 87 26 wieder

997 2978 117 35 vergessen
1134 2980 36 25 die
1190 2978 160 27 verdammten
1370 2977 130 33 Schleusen
1521 2984 28 27 zu
1566 2977 90 34 ziehen!

1033 3015 69 35 Für
1123 3012 60 31 den
1202 3013 224 35 Hebammendienst
1448 3021 30 17 an
1499 3013 82 27 Stelle
1599 3013 41 26 der
1659 3012 166 34 verstorbenen

997 3051 69 35 Frau
1098 3049 125 28 Claurens
1256 3049 26 33 ist
1312 3049 37 26 die
1379 3048 132 34 Hebamme
1542 3048 125 34 Siegfried
1700 3049 122 33 bezeichnet

997 3088 107 27 worden.

1033 3121 71 32 Der
1125 3119 119 36 hiesige
1256 3119 138 35 Zivilstand
1412 3119 139 34 verzeichnet
1564 3118 38 32 für
1615 3118 45 27 das
1674 3119 69 35 Jahr
1759 3118 66 27 1903

997 3159 139 32 folgendes:
1160 3157 52 26 450
1231 3155 135 33 Gedurten,
1384 3154 51 27 227
1456 3154 157 32 Sierbefälle,
1632 3154 46 25 111
1701 3154 124 33 Heiraten.

1000 3194 68 26 1902
1086 3193 168 33 verzeichneten
1276 3191 61 26 wir:
1374 3189 52 27 409
1445 3189 131 32 Geburten,
1595 3189 53 26 235
1666 3187 159 34 Sterbefälle,

1001 3230 47 26 109
1069 3229 127 35 heiraten.

1032 3262 73 31 Der
1120 3259 293 36 Schwiegervater
1441 3263 47 22 von
1508 3259 60 27 Leon
1588 3258 58 32 Eerf
1671 3258 49 32 hier
1741 3259 80 24 wurde

997 3307 38 18 am
1057 3300 133 31 Samstag,
1219 3298 53 31 turz
1301 3295 54 32 nach
1377 3295 51 26 dem
1449 3292 166 35 Mittagessen,
1645 3296 54 23 vom
1720 3291 104 34 Schlage

997 3334 98 33 gerührt
1113 3335 49 24 und
1181 3337 53 21 war
1253 3331 75 34 fofort
1345 3330 50 26 eine
1413 3329 81 28 Leiche.

1032 3366 95 35 Noch
1146 3373 115 21 titulier
1279 3367 49 32 gibt
1343 3368 24 23 es
1381 3365 68 26 Leute
1463 3364 77 28 welche
1553 3363 49 26 eine
1615 3362 72 34 große
1700 3361 123 31 Schaden»

997 3403 79 30 freude
1106 3403 82 31 haben,
1218 3401 66 33 gerät
1312 3402 62 23 einer
1401 3399 63 26 ihrer
1484 3397 170 29 Mitmenschen
1676 3398 24 25 in
1720 3396 100 33 schlechte

997 3438 59 32 Lage
1076 3437 48 26 und
1143 3437 41 26 der
1202 3436 60 27 Kadi
1283 3435 73 32 seine«
1376 3434 85 25 Amte«
1481 3434 89 25 wallet.
1592 3430 162 34 Meistenteil«
1773 3430 49 33 sind

997 3476 24 22 e«
1041 3472 129 32 diejenigen
1190 3472 81 30 welche
1291 3469 45 27 viel
1356 3477 41 25 zur
1411 3468 83 27 Kiräe
1514 3467 86 33 laufen,
1621 3474 31 18 an
1672 3466 73 25 leinen
1760 3464 64 28 Gott

997 3507 47 26 und
1057 3507 84 31 Teufel
1162 3507 100 31 glauben
1283 3519 33 5 —
1335 3507 49 23 und
1404 3510 39 20 am
1456 3502 188 33 allerwenigsten
1658 3500 162 34 Rechenschaft

996 3542 57 26 über
1072 3541 38 33 ihr
1129 3541 137 33 Vermögen
1287 3541 96 31 ablegen
1401 3539 98 25 können.

1031 3574 238 33 Verschiedene
1288 3574 155 31 Gaslampen
1471 3573 49 31 find
1547 3571 86 26 wieder
1652 3570 44 26 mit
1716 3569 106 28 Steinen

996 3611 156 32 durchlöchert
1173 3614 104 22 worden.
1314 3609 64 29 Auch
1399 3616 38 18 am
1456 3607 124 27 Geländer
1599 3607 35 25 bei
1653 3606 40 26 ber
1714 3605 109 35 Schmelz

996 3646 34 27 im
1050 3645 157 34 Schifflinger
1228 3644 60 34 Weg
1305 3644 89 26 treiben
1415 3642 107 33 Unholde
1543 3642 36 30 ihr
1599 3641 121 30 Unwefen.

1030 3679 68 31 Die
1113 3676 436 38 ,.Oberu,oselzeit,lNg"weiß
1562 3677 59 26 über
1632 3675 191 34 Einschränkung

996 3717 41 27 ber
1057 3716 84 27 Arbeit
1169 3715 50 34 her
1247 3716 26 25 in
1296 3714 55 33 Elch
1382 3721 28 26 zu
1439 3712 121 33 berichten.
1598 3711 88 34 Unsere
1713 3711 111 28 Arbeiter

997 3752 71 33 sollen
1087 3752 50 26 bem
1160 3757 99 27 „armen
1271 3749 101 32 Teufel"
1394 3749 56 26 über
1470 3749 62 25 alle«
1551 3750 53 24 was
1625 3748 41 29 auf
1680 3750 51 23 dem
1745 3747 78 33 Berg»

997 3790 46 24 und
1063 3786 155 36 hüttenwert
1238 3785 104 34 pafstert,
1361 3784 148 33 Mitteilung
1526 3784 100 33 zugehen
1647 3782 86 35 lassen;
1762 3784 60 24 denn

996 3823 70 31 dafür
1086 3822 27 33 ist
1133 3822 35 27 dte
1186 3822 53 26 Arb
1252 3821 119 33 ilerpresse
1391 3822 34 24 da.
1463 3819 64 26 Aber
1553 3819 86 26 immer
1666 3825 49 19 nur
1742 3817 82 34 hübsch

996 3859 36 27 die
1052 3857 123 34 Wahrheit
1206 3858 119 32 schreiben,
1352 3857 30 26 da
1410 3856 40 26 der
1469 3855 34 33 Ze
1516 3857 149 31 tung«mann
1684 3854 59 32 nicht
1762 3854 62 27 alles

997 3894 65 33 selbst
1082 3894 25 27 in
1126 3893 157 34 Augenfcheln
1303 3892 97 32 nehmen
1420 3891 68 27 kann.

1033 3925 273 37 Stadtarchitekt
1332 3927 77 35 Flefch
1437 3927 40 34 hat
1505 3926 35 27 die
1569 3925 79 35 Pläne
1674 3932 52 27 zum
1755 3923 70 28 Baue

996 3966 97 35 unfern
1118 3965 203 35 Jndustriejchule
1348 3963 41 36 seit
1417 3965 86 33 langer
1521 3961 57 37 Zeit
1605 3960 34 37 fir
1668 3960 49 28 und
1746 3960 79 35 fertig.

1869 134 144 35 Hoffentlich
2032 136 77 32 geht's
2129 137 60 26 beim
2209 137 137 34 Anbrechen
2370 140 41 27 der
2431 140 271 38 Frühlingswitterung

1871 171 42 25 mit
1933 170 195 34 Riefenschlitten
2147 173 131 27 vorwärts.

1906 203 72 31 Der
2006 204 79 34 erste
2112 206 62 27 Ball
2201 211 40 24 der
2264 208 217 36 Sanggesellschaft
2502 213 139 35 „Uolzecht"
2676 215 26 33 ist

1870 248 42 26 zur
1932 240 179 35 Zufriedenheit
2131 242 130 34 sämtlicher
2280 243 154 33 Teilnehmer
2452 249 133 30 verlaufen.

1905 274 55 35 In
1981 275 54 29 der
2055 277 76 26 Mitte
2151 278 96 31 unferes
2268 279 76 27 Kiosk
2363 281 27 32 ist
2409 282 50 26 eine
2477 283 72 33 große
2563 284 138 35 Gaslampe

1871 314 138 30 angebracht
2038 315 102 29 worden,
2169 316 53 24 was
2252 314 50 33 fehr
2331 317 143 27 lobenswert
2502 318 28 33 ist
2559 325 80 28 wegen
2662 322 41 26 der

1871 345 144 30 Dunkelheit
2043 347 36 27 die
2098 351 94 24 vordem
2214 351 41 29 auf
2274 350 52 27 dem
2347 352 217 34 Stadihausplahe
2584 356 118 31 herrschte.

1871 381 75 33 Unfer
1966 381 119 27 Stadtrat
2104 388 48 21 van
2171 384 65 34 Dyck
2263 385 40 33 hat
2328 386 23 26 In
2373 387 39 27 der
2432 390 74 32 letzten
2528 389 105 34 Sitzung
2655 397 46 21 von

1871 419 39 24 der
1939 417 145 29 Dttnkelbeit
2115 421 34 26 im
2178 419 215 36 Gemeindebudget
2424 423 142 34 gesprochen.
2605 425 98 27 Könnte

1871 452 69 31 unser
1970 453 155 35 Schöffenrat
2154 455 59 31 nicht
2242 457 81 26 mitten
2352 459 32 25 im
2404 457 218 37 Gemeindebudget
2650 462 49 26 eine

1871 487 72 33 große
1958 488 135 30 Gaslampe
2112 490 132 34 anbringen
2265 492 80 33 lassen,
2363 496 49 24 und
2431 501 47 20 van
2491 494 65 35 Dyck
2574 497 64 27 wäre
2652 497 43 27 mit

1871 524 77 32 seinen
1968 524 121 34 Genossen
2109 526 219 33 zufriedengestellt.

1910 558 65 29 Am
1998 559 210 37 verflossenen
2224 563 133 36 Sonntag,
2384 564 45 28 den
2446 567 40 25 19.
2503 566 105 31 Januar
2623 568 81 34 grün»

1871 596 53 28 bete
1945 605 30 26 zu
1995 597 58 35 Esch
2081 607 22 19 a.
2131 599 23 27 d.
2181 599 98 35 Alzette
2299 601 53 28 eine
2379 603 101 35 Anzahl
2505 603 199 37 Geschäftsleute

1872 634 52 28 eine
1946 634 160 37 Gesellschaft
2130 639 72 25 unter
2228 637 53 28 dem
2302 638 99 29 Namen
2588 642 42 27 der
2652 642 52 28 Ge»

1873 671 157 35 schäftsleute
2051 679 50 22 von
2127 673 58 35 Efch
2213 683 23 18 a.
2258 674 22 29 d.
2307 675 112 35 Alzette"
2449 677 117 35 bezwecks
2592 679 108 35 Hebung

1873 712 49 25 und
1948 708 150 37 Förderung
2123 710 43 29 des
2191 712 116 35 Handels
2333 718 50 22 von
2412 714 57 36 Esch
2497 723 23 20 a.
2547 715 23 28 d.
2596 716 107 35 Alzette.

1873 746 64 28 Eine
1957 746 84 35 zweite
2071 747 195 36 Versammlung
2296 749 29 34 ist
2346 750 42 35 sür
2408 750 47 28 den
2484 752 43 27 24.
2549 752 105 31 Januar
2679 753 24 28 d.

1873 783 72 28 Mts.
1971 783 105 28 Abends
2107 785 16 26 8
2154 785 54 34 Uhr
2238 785 33 27 im
2302 787 95 35 großen
2429 789 85 28 Saale
2542 789 44 28 des
2618 790 83 35 Herrn

2114 821 153 37 einberufen,
2296 832 29 27 zu
2352 824 43 28 der
2425 826 48 26 alle
2505 826 199 35 Geschäftsleute

1873 864 51 21 von
1949 857 57 36 Esch
2027 866 23 19 a.
2072 858 21 28 d.
2116 860 97 34 Alzette
2234 859 145 35 eingeladen
2400 861 61 34 sind.
2483 862 221 36 Tagesordnung:

1874 894 194 36 Genehmigung
2095 895 41 28 der
2163 896 162 34 verbesserten
2345 898 135 35 Statuten,
2502 899 129 34 Errichten
2660 901 42 27 der

1874 931 120 35 Beiträge
2005 933 50 26 und
2069 933 144 34 Aufnahme
2226 942 75 19 neuer
2313 934 160 35 Mitglieder.
2495 937 55 27 Der
2564 937 137 34 Vorstand.

1908 966 236 35 Vettemburg.
2181 970 49 26 Die
2250 971 91 27 Armut
2359 971 29 33 ist
2407 973 93 26 überall
2523 974 127 31 verstoßen,
2679 974 24 29 so

1875 1005 73 24 lautet
1979 1003 45 27 das
2055 1004 150 33 landläufige
2236 1004 162 34 Sprichwort.
2436 1007 148 33 Verflossene
2617 1008 83 31 Wiche

1874 1038 83 27 folllen
1984 1038 34 26 die
2047 1039 50 31 hier
2125 1040 23 27 fo
2168 1039 111 32 zahlreich
2299 1043 147 25 vertretenen
2465 1042 235 33 Proletarierkinder

1873 1078 46 20 von
1949 1073 123 28 berufener
2092 1073 72 27 Seite
2192 1076 85 25 wieder
2296 1083 31 19 an
2347 1076 35 26 die
2401 1076 127 32 Wahrheit
2547 1076 73 33 diefe«
2639 1079 64 25 alten

1873 1106 185 33 Polksfpruche»
2077 1109 105 25 erinnert
2203 1112 101 24 werden.
2342 1110 46 27 Bei
2407 1111 42 27 der
2468 1113 22 29 fo
2511 1113 126 33 großartig
2650 1120 52 19 ver»

1876 1140 109 33 laufenen
1996 1142 147 33 Totenmesse
2158 1142 39 32 für
2209 1143 38 27 die
2260 1145 25 24 in
2297 1144 99 34 Belgien
2412 1147 145 30 verstorbene
2569 1148 133 30 Schwester

1872 1176 97 32 unsere»
2001 1176 289 34 Gemeindeoberhaupte«
2328 1180 96 32 mußten
2457 1181 99 33 nämlich
2589 1183 114 31 sämtliche

1873 1210 157 32 Schulkinder
2058 1212 32 26 im
2109 1211 189 34 Feiertagsstaat
2326 1215 124 28 anwesend
2479 1216 55 33 fein,
2562 1218 76 26 damit
2665 1218 37 32 ihr

1873 1246 147 34 Kinderherz
2046 1247 39 33 sich
2113 1247 111 33 einpräge
2244 1250 42 25 wie
2306 1249 35 26 die
2362 1251 79 31 Kirche
2459 1251 36 27 die
2514 1252 86 32 reichen
2621 1252 79 28 Toten

1874 1283 40 26 it«
1933 1282 108 33 Jenseits
2059 1285 66 29 betet,
2144 1282 59 34 singt
2223 1283 49 27 und
2293 1285 83 32 orgelt.

1910 1318 45 26 Bei
1965 1319 41 26 der
2017 1318 147 34 Musterung
2174 1318 58 27 Über
2241 1318 251 35 dieKirchenfähigkeit
2502 1321 40 26 der
2553 1321 147 34 Sonntags»

1874 1353 87 34 anjüje
1979 1353 41 27 der
2033 1352 91 28 Kinder
2139 1356 61 28 hatte
2213 1354 37 26 die
2264 1354 107 35 Schürze
2385 1357 64 25 eines
2464 1357 85 26 kleinen
2564 1357 135 32 Mädchens

1875 1392 42 23 da«
1937 1389 101 34 Unglück
2057 1391 76 25 etwa«
2161 1389 109 33 verblaßt
2296 1391 150 33 auswuschen,
2476 1392 93 29 obwohl
2596 1393 26 29 sie
2654 1394 47 30 fein

1875 1424 123 33 säuberlich
2018 1425 128 32 gewaschen
2166 1432 57 19 war.
2254 1424 54 27 Der
2327 1426 132 34 gestrengen
2481 1426 163 34 Inspektors,
2664 1428 37 25 die

1875 1460 110 32 gewohnt
2003 1459 36 30 ist,
2062 1468 47 17 nur
2128 1465 53 27 gute
2202 1460 136 27 Gewänder
2358 1462 43 26 mit
2420 1462 73 30 satten
2515 1462 94 34 Farben
2630 1462 70 33 sowie

1874 1496 65 24 einen
1960 1495 113 25 blendend
2094 1496 89 30 weißen
2205 1496 99 32 „Book"
2322 1504 28 25 zu
2378 1499 84 30 tragen
2490 1502 52 21 war
2571 1498 34 25 die
2632 1501 69 30 abge»

1875 1533 94 28 tragene
1990 1528 104 33 Schurze
2113 1529 41 26 der
2173 1529 99 27 Kleinen
2292 1531 41 25 ber
2354 1530 75 27 Stein
2449 1534 41 24 des
2510 1531 126 34 Anstoße«,
2659 1534 41 25 der

1874 1563 28 27 sie
1921 1562 66 33 selbst
2007 1565 44 24 das
2065 1562 71 27 Wort
2151 1563 92 34 Christi
2262 1566 117 32 vergessen
2399 1566 61 30 ließ:
2482 1567 88 33 „Weh:
2591 1570 50 23 dem
2659 1567 43 26 ber

1874 1598 63 25 eines
1951 1601 47 22 von
2012 1597 75 34 diesen
2099 1598 97 26 Kleinen
2211 1600 105 33 ärgert."
2337 1600 59 27 Da«
2411 1600 118 28 weinende
2540 1601 64 27 Kind
2620 1604 81 24 wurde

1874 1634 54 30 nach
1942 1633 81 34 Hause
2034 1633 106 32 geschickt,
2160 1635 73 25 damit
2247 1636 34 25 die
2296 1634 99 27 Mutier
2409 1636 37 32 ihr
2460 1636 49 25 eine
2523 1644 58 18 neue
2593 1637 43 26 Sc!
2646 1637 54 32 ürze

1874 1668 100 32 anziehe.
2012 1667 54 27 Wie
2095 1675 53 25 mag
2176 1668 63 32 wohl
2266 1669 37 26 die
2323 1670 105 33 Schürze
2455 1671 42 25 de«
2515 1672 88 24 kleinen
2621 1671 79 33 Jesu«

1874 1702 137 34 ausgesehen
2031 1703 82 31 haben,
2133 1703 40 25 der
2192 1703 53 31 doch
2258 1705 54 28 auch
2327 1705 36 25 ein
2377 1705 255 33 Zimmermann«kind
2648 1713 52 20 war

1874 1740 40 25 als
1927 1744 24 19 er
1964 1737 35 27 bei
2012 1736 86 31 seinem
2110 1737 141 34 Nähroatet
2263 1738 91 35 Joseph
2366 1739 45 27 das
2426 1739 135 35 Handwerk
2574 1740 127 27 erlernte?

1909 1771 72 33 Der
2001 1771 81 31 Ball
2104 1774 40 25 der
2163 1773 138 32 Radfahrer
2320 1782 40 19 am
2380 1775 77 33 letzten
2476 1775 121 34 Sonntag
2615 1775 85 35 verlief

1874 1808 100 35 ziemlich
1988 1808 58 34 stau,
2059 1810 31 25 da
2102 1809 37 26 die
2153 1809 169 34 Eintritlstaxe
2335 1813 75 24 etwas
2424 1810 52 33 hoch
2491 1811 132 32 geschraubt
2636 1817 63 21 war.

1910 1842 188 39 Allgemein
2128 1843 78 30 kört
2233 1852 57 20 man
2316 1846 42 27 der
2386 1845 162 35 Befürchtung
2577 1846 124 27 Ausdruck

1876 1882 79 33 geben,
1985 1881 79 33 unsere
2083 1880 242 35 Gemeindeauftagen
2355 1882 94 27 würden
2475 1882 25 26 in
2528 1883 39 25 der
2595 1882 103 32 nächsten

1876 1917 54 35 Zeit
1951 1921 23 24 in
1994 1918 35 26 die
2048 1917 69 35 Höhe
2135 1916 89 35 steigen.
2246 1917 50 27 Die
2315 1917 88 27 kleinen
2422 1917 66 28 Leute
2507 1919 93 25 werden
2615 1917 85 27 natür»

1878 1954 40 33 llch
1936 1954 78 27 davon
2034 1961 39 20 am
2095 1953 94 34 meisten
2217 1953 124 35 getroffen,
2369 1954 30 27 da
2426 1953 31 35 sie
2484 1954 42 27 auf
2554 1955 43 26 den
2624 1953 78 34 letzten

1877 1989 108 36 Pfennig
2012 1991 73 33 gelegt
2112 1994 100 28 werden,
2241 1990 111 34 während
2371 1990 35 28 die
2425 1989 73 28 dicken
2519 1988 183 35 Wollstrümpfe

1878 2027 63 33 wohl
1968 2028 130 32 verbergen
2127 2027 33 27 im
2187 2027 74 31 feuer»
2281 2029 47 25 und
2348 2026 178 34 diebessicheren
2546 2025 158 34 Geldschrank

1879 2064 84 27 immer
1992 2063 125 34 mächtiger
2145 2063 131 32 anwachfen
2297 2064 48 28 unb
2365 2064 67 33 schier
2451 2070 26 27 zu
2498 2063 87 30 bersten
2605 2063 98 33 diohen.

1880 2099 121 33 Vielleicht
2021 2100 61 26 wird
2100 2100 34 26 die
2147 2101 161 33 versprochene
2322 2099 259 36 Zwangsdeklaration
2596 2102 48 23 uns
2659 2106 44 20 vor

1880 2139 109 25 weiteren
2003 2135 120 35 Auflagen
2142 2137 143 30 verschonen.
2305 2136 88 32 Uusel«
2406 2136 192 32 Nachbardörfei
2617 2136 90 28 können

1880 2172 36 27 ein
1946 2171 108 35 Liebchen
2090 2173 79 27 davon
2206 2172 81 36 singen
2323 2173 45 27 wie
2396 2173 36 27 di«
2464 2172 244 35 Gemeindeauflagen

1880 2208 126 31 fchmecken.

1917 2242 187 36 Peppingen
2154 2243 112 36 Wachset
2286 2243 50 30 und
2357 2243 95 37 mehret
2472 2244 65 36 euch,
2558 2243 48 30 das
2620 2243 29 37 ist
2664 2244 48 28 das

1879 2279 184 36 Losungswort
2085 2281 101 34 welches
2204 2282 99 33 unserer
2316 2282 106 35 hiesigen
2434 2282 275 36 Klostergemeinschaft

1879 2317 201 34 vorzuschweben
2101 2317 96 34 scheint.
2238 2320 61 27 Das
2321 2319 161 36 beschauliche
2501 2320 81 28 Leben
2603 2319 108 29 drinnen

1879 2353 87 33 scheint
1996 2353 63 34 seine
2085 2354 233 37 Anziehungstraft
2344 2358 59 33 noch
2434 2357 65 34 nicht
2531 2358 117 27 verloren
2682 2365 30 27 zu

1878 2388 80 28 haben
1979 2388 63 28 denn
2064 2389 37 27 die
2121 2390 71 33 Zahl
2212 2392 42 26 der
2274 2392 120 34 Insassen
2421 2394 60 32 muß
2510 2394 119 35 gestiegen
2650 2394 60 32 sein,

1876 2424 32 26 da
1930 2432 57 18 man
2008 2425 43 33 für
2072 2425 133 35 Frühjahr
2225 2427 151 29 bedeutende
2396 2430 152 28 Neubauten
2575 2431 134 35 ausführt,

1875 2459 120 34 während
2029 2460 39 27 ein
2102 2462 67 26 altes
2198 2463 176 35 Bauernhaus
2409 2467 190 35 niedergerissen
2634 2468 73 27 wirb.

1876 2495 82 28 Wenn
1980 2496 38 27 die
2037 2496 188 36 Klosterregeln
2246 2501 59 34 auch
2326 2501 48 27 bas
2389 2502 120 34 Wachsen
2530 2504 50 27 und
2596 2503 113 35 Mehren

1876 2531 125 29 verbieten
2027 2532 47 28 wie
2102 2537 28 24 es
2161 2535 33 27 im
2227 2536 68 27 alten
2317 2537 143 34 Testament
2491 2540 42 34 für
2554 2540 38 27 die
2612 2540 97 29 Kinder

1875 2569 103 33 Israels
2006 2569 88 35 eisseht
2123 2572 94 35 wurde,
2248 2573 47 27 das
2318 2574 117 35 Wachsen
2457 2575 50 27 unb
2529 2575 113 36 Mehren
2663 2577 45 28 des

1875 2606 105 35 Besitzes
2001 2606 87 35 scheint
2109 2607 75 34 ihnen
2205 2610 59 33 noch
2286 2609 116 29 niemand
2424 2613 125 33 verwehrt
2569 2621 30 27 zu
2615 2613 88 35 haben.

1874 2642 45 28 Da
1949 2643 59 28 aber
2035 2644 58 34 auch
2119 2644 38 28 die
2178 2645 167 36 Steinmetzen
2366 2647 65 27 beim
2451 2648 62 28 Bau
2534 2649 42 27 der
2596 2649 113 35 Kloster»

1875 2688 103 19 mauern
2000 2688 74 26 gerne
2103 2679 53 36 ihre
2177 2681 89 36 Drepp
2288 2683 103 31 trinken,
2416 2684 47 33 soll
2488 2685 26 27 in
2535 2685 85 28 Bälde
2647 2687 62 27 über

1874 2717 51 27 vier
1940 2717 150 35 Haustüren
2104 2717 43 28 der
2162 2719 78 33 grüne
2255 2719 105 32 Strauß
2375 2720 207 36 herausgehängt
2597 2723 107 28 werden.

1912 2749 212 40 Sässenheim.
2147 2756 49 26 Am
2216 2755 172 35 Donnerstag,
2410 2756 45 28 den
2477 2757 44 29 21.
2542 2758 106 31 Januar
2667 2769 42 19 um

1874 2791 15 26 2
1912 2791 54 34 Uhr
1985 2790 152 36 nachmittag
2158 2791 57 34 läßt
2228 2792 38 27 die
2283 2792 300 37 Gemeindeverwaltung
2599 2795 38 28 die
2655 2796 54 35 hier

1874 2828 163 34 bezeichneten
2059 2828 119 28 Arbeiten
2203 2828 130 36 vergeben.
2356 2830 24 28 1.
2403 2829 69 29 Neue
2494 2831 159 36 Steinbahn.
2681 2834 25 27 2.

1874 2865 199 34 Unterhaltstein
2107 2865 49 29 und
2189 2866 142 34 Schlacken.
2372 2867 24 27 3.
2438 2867 206 33 Seitettpflaster.
2683 2871 22 26 4.

1873 2902 179 35 Kanalisation
2068 2902 25 28 in
2107 2902 79 29 Beles
2201 2905 49 26 und
2266 2902 170 36 Durchlässer.
2452 2905 25 25 5.
2499 2904 206 36 Waschbrunnen

1873 2939 25 28 in
1920 2939 108 28 Sauem.
2051 2939 23 28 6.
2098 2940 75 27 Altes
2194 2940 150 36 Schulhaus
2366 2940 26 27 in
2413 2939 88 30 Beles.

1911 2975 223 37 Schifssingen.
2156 2977 118 28 Vorüber
2298 2977 52 32 sind
2371 2977 38 28 die
2429 2979 75 32 guten
2526 2978 69 27 alten
2614 2978 90 36 Zeiten

1873 3020 39 21 wo
1927 3014 41 27 der
1983 3014 203 28 Gemeindewald
2206 3015 60 34 noch
2287 3014 134 35 Eigentum
2437 3015 41 26 der
2499 3015 208 37 Dorfbewohner

1873 3050 123 36 gewesen!
2026 3051 97 35 Durfte
2151 3050 88 37 früher
2259 3050 41 28 der
2321 3051 67 35 Herd
2410 3050 64 32 seine
2494 3050 135 36 Flammen
2659 3054 46 28 mit

1874 3088 144 35 Scheitholz
2049 3088 175 34 unentgeltlich
2256 3088 88 27 lodern
2374 3087 86 34 lassen,
2493 3088 24 33 so
2547 3089 81 33 haben
2658 3091 49 27 wir

1873 3124 75 35 dieser
1969 3125 71 34 Tage
2060 3125 125 35 erfahren,
2209 3124 49 34 daß
2280 3132 58 19 man
2358 3123 54 28 bem
2433 3132 86 20 armen
2534 3125 92 35 Teufel
2641 3126 65 35 nicht

1873 3161 93 28 einmal
1996 3161 36 28 die
2059 3161 172 35 abgefallenen
2261 3161 103 28 Blätter
2386 3161 68 35 mehr
2476 3163 87 34 gönnt.
2587 3163 60 29 Gilt
2675 3168 28 24 es

1873 3198 37 28 bei
1938 3198 138 33 kirchlichen
2101 3198 88 34 Festen
2215 3198 37 27 die
2273 3198 119 32 Straßen
2417 3206 29 27 zu
2466 3198 142 35 schmücken,
2635 3201 68 27 dann

1873 3234 58 34 muß
1952 3234 48 27 das
2022 3226 90 42 schönst
2138 3234 151 36 gewachsene
2309 3235 153 34 Bäumchen,
2491 3236 142 34 herhalten,
2659 3237 48 34 soll

1872 3272 58 26 aber
1951 3270 39 28 ein
2017 3275 84 23 armes
2126 3271 66 27 altes
2213 3270 157 29 Mittterlein
2397 3271 81 34 seinen
2499 3272 138 36 Strohsack
2660 3275 43 34 für

1871 3308 46 27 den
1938 3307 100 28 Winter
2059 3308 44 27 mit
2123 3308 71 28 Laub
2215 3308 88 34 füllen,
2324 3308 26 34 so
2370 3309 64 27 wird
2455 3312 27 24 es
2504 3316 84 28 wegen
2610 3310 93 29 Wald»

1872 3344 78 35 frevel
1969 3344 193 36 unbarmherzig
2188 3344 112 36 bestraft,
2330 3346 90 34 mögen
2446 3345 38 29 die
2512 3347 105 28 Tränen
2646 3349 59 32 noch

1871 3380 25 35 so
1917 3380 109 35 reichlich
2048 3380 108 35 fließen!

1871 3452 70 33 Um
1956 3452 77 34 dem
2047 3461 148 25 "armen
2208 3450 154 45 Teufel"
2380 3454 56 34 die
2449 3454 256 45 Briefmarken

2181 3506 44 34 zu
2249 3496 140 44 sparen.

1908 3547 56 29 An
1985 3547 149 37 mehrere.
2178 3548 83 28 Wenn
2290 3549 43 29 der
2363 3550 53 28 eine
2441 3550 58 29 oder
2530 3552 90 29 andere
2642 3552 63 31 keine

1870 3584 201 35 Probenilinmer
2091 3585 44 27 des
2159 3594 102 24 „armen
2276 3586 123 37 Teufels"
2423 3588 114 35 erhalten
2552 3590 80 34 haben
2647 3590 57 36 foll,

1871 3621 26 36 so
1925 3621 61 36 liegt
2012 3622 36 29 die
2070 3623 97 32 Schuld
2193 3622 64 36 nicht
2285 3632 32 19 an
2339 3628 50 24 uns
2409 3640 37 6 —
2467 3625 106 34 sondern
2601 3636 33 20 an
2661 3629 42 28 der

1870 3659 94 28 Armut
1987 3658 45 29 des
2053 3659 155 36 Schluckers.
2255 3661 89 29 Arbeit
2372 3662 49 28 und
2437 3662 91 36 Mühe
2554 3664 52 33 find
2634 3666 65 28 alles

1870 3695 173 36 Nebensachen
2063 3697 42 35 für
2126 3696 63 35 seine
2210 3697 175 31 Mitarbeiter.
2410 3699 59 29 Nur
2490 3701 38 28 die
2548 3702 90 36 Sorge
2659 3712 42 20 um

1870 3734 49 27 das
1939 3734 134 34 verfluchte
2086 3734 67 28 Geld
2173 3734 30 35 ist
2223 3734 81 37 schuld
2326 3737 108 35 gewesen
2455 3746 33 21 an
2508 3738 42 29 ber
2565 3739 136 36 spärlichen

1871 3771 170 35 Verbreitung
2072 3771 41 29 der
2135 3772 228 34 Probennmmern.
2403 3775 61 28 Das
2495 3775 46 35 soll
2570 3777 49 27 und
2640 3777 60 36 darf

1871 3807 81 37 jedoch
1983 3808 82 29 leinen
2097 3808 129 36 abhalten,
2256 3811 44 34 auf
2330 3811 46 28 den
2410 3821 101 24 „armen
2532 3813 108 37 Teufel"
2670 3823 30 27 zu

1872 3845 161 29 abonnieren.
2079 3846 55 28 Der
2166 3855 84 24 „arme
2271 3848 106 35 Teufel"
2406 3849 29 35 ist
2460 3850 48 27 das
2535 3851 165 35 Sprachrohr

1871 3883 44 28 des
1936 3883 93 29 kleinen
2044 3883 118 29 Mannes
2183 3885 50 28 und
2254 3883 63 37 seine
2332 3886 89 29 Worte
2436 3886 93 36 müssen
2543 3888 49 28 alle
2607 3888 95 28 Volks»

1871 3921 90 35 Hassen
1981 3921 189 36 durchdringen.
2202 3922 101 30 Darum
2324 3923 135 30 abonniert
2472 3925 50 29 und
2537 3925 103 36 agitiert
2653 3925 50 30 alle

1871 3959 42 36 für
1934 3959 46 29 den
2003 3966 103 27 »armen
2126 3959 119 36 Teufel".
