2900 4200
155 147 102 34 sozialen
276 145 194 32 Verbrüderung
489 143 83 33 diesem
591 141 80 34 letzten
690 138 98 32 Ausruf
808 138 111 31 Geltung
938 139 38 23 ver-

155 189 105 35 fchaffen,
279 188 24 32 so
323 188 28 33 ist
370 187 59 29 diese
448 183 215 35 fchablonenarlige
683 180 85 35 soziale
786 178 150 37 Institution
950 177 40 31 für

155 232 67 27 «inen
241 228 245 36 Sozialdemokraten
514 233 49 20 mir
590 226 37 26 ein
653 222 144 28 Blendwerk
823 220 85 29 reellen
936 219 40 32 auf-

155 273 112 34 richtigen
287 273 124 27 Streben«
438 269 54 32 nach
513 267 97 34 sozialer
630 264 165 29 individueller
815 261 175 33 Gerechtigkeit.

190 314 214 36 Chriftlich.fozial
431 312 28 32 ist
488 311 39 32 für
556 310 68 27 einen
644 306 161 35 aufgeklärten
825 304 97 28 Denker
940 304 50 26 eine

156 358 156 32 Absurdität;
340 356 60 26 denn
430 354 95 33 folange
552 352 37 26 die
612 349 191 35 Organifatoren
823 346 72 32 dieser
915 345 74 32 christ»

155 400 70 33 lichen
244 398 152 35 Institution
415 404 47 20 von
481 395 43 27 der
542 393 81 32 Sucht
642 392 56 32 nach
718 390 96 35 Flitter,
842 388 68 28 Gold
940 387 49 27 und

156 441 130 34 Ueberftuß
305 439 107 34 irdischer
431 437 81 28 Güter
532 437 115 32 befangen
676 433 60 32 sind,
761 432 61 27 kann
851 435 46 22 von
926 429 64 27 einer

155 483 181 35 zweckmüßigen
356 481 103 31 Reform
480 478 42 33 auf
542 476 110 34 sozialem
665 475 96 27 Gebiete
781 472 61 27 keine
856 472 65 26 Rede
935 471 54 33 sein.

155 525 47 28 Bei
221 525 74 27 denen
315 523 61 33 heißt
396 525 43 24 es:
470 520 57 28 Mi»
545 519 41 28 der
606 519 86 31 rechten
712 516 74 36 Hand
805 515 69 32 reiche
895 514 29 32 ich
944 514 46 25 das

155 568 114 31 Almosen
296 565 50 35 hin,
376 564 44 28 mit
449 564 40 27 der
516 562 78 27 linlen
622 559 92 33 fordere
742 558 32 31 ich
801 563 43 21 um
872 555 23 33 so
924 554 66 33 mehr

155 609 87 27 wieder
260 611 93 24 retour.

192 650 123 34 Während
335 656 57 19 man
411 647 66 33 heute
497 646 35 28 bei
552 645 129 33 kirchlichen
701 643 80 35 Festen
802 641 43 27 mit
865 639 124 33 herrlichen

155 692 144 32 Gemälden,
320 690 150 35 vergoldeten
484 688 111 32 Altären,
614 686 67 34 gotd»
701 685 49 26 unb
764 682 225 36 silberoerbrämten

155 735 157 28 Gewänbern
330 734 47 26 bas
397 735 67 30 Auge
483 730 99 31 blendet,
610 729 84 34 fragen
713 726 88 27 wieder
821 724 46 28 wir
888 724 101 33 Sozial»

155 776 160 28 Demokraten:
354 774 46 28 Wo
429 774 28 32 ist
484 774 31 26 ba
543 773 40 25 der
602 769 99 35 religöfe
722 769 102 32 fromme
843 766 82 33 Sinn,
954 765 35 26 bie

155 820 92 26 Armut
260 818 132 35 Christi??
411 832 32 4 —
464 815 123 34 Während
608 821 56 19 man
684 812 66 34 heute
769 818 46 19 nur
835 809 55 31 nach
911 808 63 32 mühe-

155 862 64 32 losen
245 860 165 34 einträglichen
430 860 112 25 Aemtern
572 857 102 30 trachtet,
704 853 123 31 trachteten
855 851 34 26 die
917 851 72 30 ersten

155 903 144 34 Nachfolger
329 901 91 33 Christi
451 907 49 21 nur
531 899 56 31 nach
619 896 99 34 sozialer
747 893 164 33 Gerechtigkeit
940 891 49 26 und

155 945 142 33 Gleichheit.
334 943 124 34 Während
478 949 57 20 man
555 941 64 32 heute
639 939 41 34 sich
700 945 47 18 nur
763 936 97 32 Schätze
878 934 39 32 für
930 934 59 31 diese

155 988 64 28 Welt
250 986 109 33 sammelt
392 984 89 34 anstatt
508 984 55 31 nach
590 984 40 24 der
656 979 71 34 Lehre
756 977 90 35 Christ!
877 976 40 30 für
946 976 43 25 den

154 1029 117 35 Himmel,
294 1029 28 32 ist
341 1028 57 33 diese
418 1024 183 37 pfeudo.soziale
616 1022 167 33 Bereinigung
802 1026 48 20 nur
868 1019 50 26 eine
931 1018 58 26 leere

155 1071 199 34 Vorspiegelung,
402 1073 37 24 ein
476 1065 160 38 Zurückwurf
679 1064 26 26 in
741 1063 48 26 das
826 1061 85 33 Choo«
948 1061 41 25 des

156 1113 233 32 Obskurantismus.

192 1155 64 28 Dem
277 1155 92 34 Inhalt
387 1154 74 32 dieser
480 1154 128 26 modernen
629 1149 218 33 Weltanschauung
867 1147 55 33 liegt
941 1149 47 22 von

155 1200 88 28 Seiten
271 1199 43 26 des
334 1199 93 25 Autors
456 1197 39 24 als
515 1194 76 34 Basis
619 1193 132 34 zugrunde:
791 1193 21 23 1.
833 1189 91 34 Eigene

154 1243 108 33 fahrung
292 1241 33 26 im
358 1237 102 33 Kampfe
491 1239 56 25 ums
579 1236 102 31 Dasein.
729 1235 25 25 2.
786 1232 123 27 Kenntnis
940 1231 49 25 und

154 1284 143 35 Erfahrung
329 1282 24 26 in
385 1281 62 27 allen
480 1278 157 34 fchwebenden
669 1276 103 34 sozialen
801 1273 98 36 Fragen
929 1272 60 32 resp.

154 1326 148 29 Erkenntnis
339 1324 41 25 der
411 1320 141 35 Nichtigkeit
589 1319 96 33 unserer
724 1320 128 24 modernen
890 1314 100 33 sozialen

154 1367 182 38 Institutionen
355 1364 49 27 und
424 1362 100 34 Gesetze.
562 1363 23 25 3.
615 1359 149 33 Täuschung,
783 1357 49 32 Lug
851 1356 49 26 und
921 1356 69 31 Trug

154 1416 48 22 von
221 1409 89 27 Seiten
340 1407 74 32 seiner
442 1405 93 33 eigenen
561 1397 341 36 reattlonizr-kapitalistischen

154 1453 113 27 wandten
280 1446 225 39 (Kultusdienern).
544 1444 81 31 Doch:
647 1443 51 33 „de
716 1440 116 29 mortuis
851 1439 67 27 nihil
938 1438 51 28 nisi

155 1494 94 35 bene",
279 1492 54 27 nein
357 1489 83 35 „nihil
458 1488 54 28 nisi
531 1486 124 32 verum",
688 1488 62 30 „von
782 1485 42 24 den
844 1481 78 28 Toten
949 1481 40 32 soll

155 1544 57 19 man
237 1541 47 22 nur
303 1535 36 26 die
358 1531 127 35 Wahrheit
507 1530 95 33 lagen«.
640 1528 87 29 Dieses
756 1525 58 27 alles
844 1524 66 32 Preßt
938 1524 50 26 dem

154 1580 82 26 Autor
262 1578 36 26 di«
327 1573 197 36 kampfesmutige
551 1572 73 34 Feder
653 1570 25 26 in
707 1568 35 28 die
769 1568 74 35 Hand
872 1567 48 27 und
949 1567 40 26 als

154 1623 126 26 rnarteau
299 1620 34 26 de
353 1618 42 27 fer
414 1613 208 38 (Eisenhammer)
650 1612 62 27 wird
739 1618 24 20 er
793 1611 42 26 mit
862 1610 127 33 wuchtigen

156 1662 121 34 Schlägen
297 1661 77 33 seinen
395 1660 118 34 Hammer
533 1657 41 29 auf
593 1656 36 26 die
648 1653 75 35 Köpfe
743 1652 136 35 derjenigen
899 1652 77 27 nieder-

156 1706 73 32 fallen
258 1704 83 33 lassen,
371 1703 35 26 die
431 1701 40 33 sich
491 1707 38 20 am
549 1697 90 28 Marke
657 1698 41 25 des
718 1695 88 28 Volke«
827 1695 162 34 versündigen.

192 1749 54 26 Un«
261 1744 224 35 Sozialdemokrat,
491 1751 16 17 n
527 1741 58 33 weh!
601 1740 39 27 al«
655 1739 102 27 Banner
771 1737 113 36 Insignie
898 1743 92 21 voran:

155 1789 68 35 Pax,
242 1789 87 33 labor,
345 1786 127 36 justitia;
498 1783 112 34 Frieden,
630 1780 93 33 Arbeit,
745 1779 175 34 Gerechtigkeit,
941 1778 49 27 und

154 1840 33 20 »n
215 1831 84 34 diesem
325 1828 215 34 eisengepanzerten
561 1824 193 34 schlachtenroten
773 1822 104 27 Banner
896 1822 93 25 werden

156 1874 46 28 alle
233 1872 177 33 Anfechtungen
449 1869 64 26 einer
544 1863 337 34 reaktionär.kapitalistischen
912 1861 77 27 Welt»

155 1916 150 33 anfchauung
324 1911 133 36 abprallen.
493 1909 124 33 Laberte,
636 1906 114 34 6galite,
762 1905 148 27 frateraite
930 1904 60 32 heißt

154 1960 38 26 dte
210 1956 98 34 Devise.

208 1999 39 28 Es
266 1999 62 27 wird
347 1997 39 27 ein
406 1994 170 33 Lorbeerkranz
596 1989 59 34 einst
674 1995 109 28 prangen
802 1988 131 35 (Freiheit)

209 2035 94 27 Mitten
325 2033 24 27 in
369 2033 52 26 dem
441 2030 196 32 Schlachtenrot;
656 2024 157 35 (Gleichheit)

209 2070 81 27 Wenn
310 2069 36 26 die
365 2067 93 27 Blüten
477 2065 163 33 aufgegangen
662 2060 210 35 (Brüderlichkeit)

209 2105 99 33 Unf'rer
328 2103 70 28 Saat
419 2103 40 30 für
478 2100 73 31 Recht
570 2102 48 23 und
640 2099 82 31 Brot;

209 2141 62 31 Daß
289 2141 37 25 di«
346 2137 117 34 schwülen
482 2134 112 35 fieih'gen
614 2132 92 35 Hände,
726 2131 104 35 (Labor)

209 2176 69 31 Nicht
298 2176 40 25 der
358 2170 157 35 Knechtschaft
536 2169 96 34 Zeichen
653 2168 65 32 mehr
737 2167 79 34 (Pur)

208 2212 56 26 Und
283 2210 37 27 die
339 2209 77 32 Nacht
435 2207 42 32 sich
497 2207 87 28 endlich
605 2204 90 29 wende.

206 2248 56 25 Uns
281 2243 138 30 bedrückend
439 2241 85 32 dumpf
541 2242 49 24 und
611 2241 89 30 fchwer.
719 2236 128 34 (Justitia)

230 2335 81 38 Der
335 2333 135 43 Kampf
495 2340 107 36 gegen
626 2330 69 33 das
721 2327 195 45 Bleiweiß.

191 2398 71 27 Viele
280 2396 90 26 meiner
389 2395 88 25 werten
491 2389 200 33 Berufskollegen
705 2389 93 25 werden
811 2388 41 31 sich
867 2393 13 18 n
889 2388 98 30 undern,

156 2440 68 21 wenn
254 2432 47 27 wir
329 2431 23 30 fo
374 2429 87 33 unfern
480 2426 87 27 Artikel
589 2431 93 19 nennen
702 2424 56 26 aber
777 2422 45 27 alle
843 2422 79 31 sollten
943 2427 43 21 mit

155 2469 150 31 einstimmen
325 2467 25 26 in
368 2466 44 25 ben
431 2462 54 32 Ruf
505 2463 48 24 und
572 2459 128 34 eingreifen
721 2459 24 25 in
760 2461 41 22 den
815 2457 92 33 Kampf
918 2466 69 25 gegen

155 2507 45 25 da«
219 2500 127 34 Bleiweiß,
376 2501 42 26 den
437 2495 197 36 Massenmörder
660 2498 39 23 der
718 2493 96 33 Maler,
843 2492 144 34 Anstreicher

156 2544 47 22 und
232 2538 41 27 der
291 2535 155 28 verwandten
467 2530 211 34 Berufsgenosfen.
717 2527 88 34 Unsere
824 2527 92 33 Losung
945 2527 41 33 soll

154 2575 48 30 sein
241 2573 60 32 Fort
322 2571 44 27 mit
384 2572 52 24 dem
451 2566 158 33 Bleiweih!",
631 2566 46 24 wir
697 2565 90 24 können
809 2564 59 31 ohne
881 2563 105 27 dasf'lbe

156 2596 79 44 fertig"
246 2608 101 30 werden,
375 2606 31 25 da
432 2608 25 23 es
477 2602 126 32 tatsächlich
623 2599 79 33 Ersatz
720 2599 72 29 dafür
812 2599 69 30 giebt.
920 2595 67 27 Viele

155 2646 113 30 Kollegen
297 2642 82 34 Wissen
408 2640 77 31 öfter«
516 2643 43 27 gar
591 2636 69 30 nicht,
691 2633 78 31 welche
798 2632 127 30 Krankheii
958 2631 29 33 sie

156 2681 99 29 besitzen,
282 2679 29 31 sie
339 2676 80 32 fühlen
449 2674 41 33 sich
518 2678 61 27 ganz
599 2673 67 27 matt,
699 2669 73 31 haben
793 2668 76 25 keinen
890 2666 97 33 Appetit

154 2717 50 26 und
223 2715 89 26 können
330 2712 54 31 doch
404 2710 36 26 die
460 2709 96 30 Ursache
576 2706 60 31 nicht
655 2704 88 33 finden.
782 2702 104 28 Warum
908 2702 78 33 wissen

154 2753 29 29 st«
202 2754 25 23 es
246 2748 79 30 nicht?
363 2746 65 28 Weil
457 2744 31 33 sie
515 2742 101 27 darüber
637 2741 59 31 nicht
716 2738 132 33 aufgeklärt
868 2737 51 33 sind
939 2740 47 24 und

154 2787 54 27 weil
228 2786 35 25 die
282 2783 56 34 Zeit
358 2787 25 22 es
410 2781 69 33 ihnen
508 2778 58 31 nicht
594 2776 103 26 erlaubt.
743 2774 64 26 Weil
837 2774 28 33 sie
892 2773 95 33 dieselbe

154 2822 45 26 mit
218 2821 40 27 der
278 2816 146 33 Gcsuvdheit
444 2818 51 23 dem
508 2810 161 35 Kapitalisten
690 2810 55 27 oder
760 2809 154 33 Arbeitgeber
933 2814 39 22 ver-

154 2857 65 31 kaust
244 2855 75 34 haben
339 2853 49 27 und
406 2854 42 24 den
470 2848 91 33 Kampf
579 2851 56 23 ums
655 2846 93 31 Dasein
768 2846 39 28 für
826 2848 44 22 da«
891 2845 96 34 tägliche

154 2893 65 26 Brot
241 2891 47 26 und
309 2890 49 31 ihre
379 2886 103 36 Familie
511 2885 83 31 führen
623 2881 100 33 müssen.
762 2879 49 28 Sie
840 2880 69 34 gehen
938 2883 49 24 und

153 2928 66 32 sehen
238 2925 104 27 darüber
362 2928 48 27 weg
429 2922 49 25 und
499 2919 94 31 denken,
612 2917 46 26 wir
677 2916 50 31 sind
746 2916 49 32 halt
809 2915 110 26 Arbeiter
938 2916 49 25 und

155 2964 37 26 ein
211 2961 110 27 Arbeiter
341 2959 40 32 hat
400 2958 76 31 nichts
495 2963 27 26 zu
542 2955 77 32 sagen,
639 2955 54 24 was
712 2953 86 25 wollen
818 2952 46 25 wir
883 2952 102 33 dagegen

154 2999 102 31 machen.
294 2995 81 26 Wenn
396 3000 56 20 man
473 2991 75 33 öfters
568 2991 24 30 fo
620 2991 76 23 etwa«
724 2987 73 33 hören
826 2986 66 33 muß,
920 2987 65 26 denkt

153 3041 66 22 man.
237 3031 30 34 ist
285 3033 27 24 es
331 3031 61 25 denn
411 3027 109 35 gesetzlich
540 3024 103 32 erlaubt,
661 3023 51 26 und
732 3023 94 26 wenn's
847 3023 93 25 erlaubt
958 3022 28 34 ist

153 3069 61 27 kann
235 3074 55 20 man
312 3066 75 30 nichts
406 3064 105 32 dagegen
531 3059 115 30 machen?

189 3103 85 33 Schon
303 3101 76 30 öfters
409 3100 57 31 habe
495 3097 30 30 ich
555 3096 47 26 mir
620 3094 60 34 diese
699 3093 79 35 Frage
798 3092 121 35 vorgelegt
938 3094 48 25 und

153 3140 59 28 habe
232 3139 49 26 mir
300 3136 95 34 gesagt:
417 3134 66 33 „Wo
503 3131 53 31 kein
577 3130 99 36 Kläger
696 3130 37 32 ist.
754 3131 30 28 da
804 3129 29 33 ist
854 3131 56 30 auch
931 3129 44 29 teil

153 3174 119 32 Nithtcr"
293 3172 47 26 und
362 3171 29 30 ich
412 3169 39 26 bin
478 3176 28 26 zu
535 3168 54 25 dem
607 3164 129 32 Entschluß
763 3164 144 33 gekommen,
936 3163 50 27 eine

152 3205 273 33 Maler-Gewerkschaft
444 3212 28 26 zu
492 3201 106 35 gründen
617 3202 49 24 und
687 3199 205 35 gemeinschaftlich
905 3199 25 26 in
944 3201 42 24 den

152 3244 89 33 Kampf
260 3250 72 27 gegen
351 3241 45 27 das
415 3238 120 29 Bleiweiß
555 3237 48 27 und
623 3236 82 29 unfere
725 3235 102 27 anderen
847 3234 86 34 Feinde
956 3242 27 25 zu

152 3282 77 30 ziehen
285 3278 88 27 Mann
410 3283 29 18 an
472 3273 86 27 Mann
596 3270 147 34 vorzugehen
781 3278 70 26 gegen
884 3271 24 28 so
938 3271 48 25 eine

152 3313 152 36 Schinderei,
340 3312 45 26 das
417 3310 42 33 foll
492 3309 34 26 die
558 3306 169 31 Gewertsehaft
758 3306 59 31 nicht
848 3305 72 26 allein
953 3306 33 25 im

152 3351 153 32 Programm
334 3347 83 32 haben,
445 3345 63 28 nein,
536 3345 55 28 auch
611 3345 77 23 etwas
708 3340 101 27 anderes
829 3340 41 33 soll
890 3340 96 30 dieselbe

152 3385 127 34 bezwecken.
318 3383 39 27 Es
377 3383 41 31 foll
439 3380 54 31 auch
513 3379 36 26 die
562 3378 135 33 Lahnfrage
716 3376 99 34 studiert
835 3377 92 25 werden
944 3383 40 18 um

152 3422 50 26 eine
221 3419 175 34 Verbesserung
416 3416 97 32 unserer
531 3413 144 32 Lebenslage
695 3411 203 33 herbeizuführen.
936 3410 50 27 Die

152 3456 157 32 Einführung
336 3454 43 26 des
399 3451 223 33 Achtstundentages
655 3447 88 33 müssen
767 3448 46 24 wir
832 3447 25 25 in
877 3446 108 30 unserem

152 3491 152 33 ungesunden
323 3488 137 34 Handwerk
479 3486 125 33 erstreben.
641 3483 52 27 Alle
714 3482 114 33 Kollegen
850 3483 85 31 möchte
955 3482 31 28 ich

152 3528 98 28 deshalb
269 3526 82 30 bitten,
373 3523 83 32 tüchtig
475 3521 149 27 Hinarbeiten
645 3527 26 25 zu
691 3518 86 25 wollen
798 3518 48 25 und
860 3516 126 32 mannhaft

152 3571 27 26 zu
199 3561 124 35 agitieren.
361 3558 58 27 Nur
447 3557 68 31 durch
535 3555 65 31 festes
619 3553 226 35 Zusammenhalten
865 3552 49 26 und
934 3556 39 22 ver-

152 3602 74 23 einte»
257 3594 127 35 Vorgehen
409 3593 89 26 können
527 3591 45 26 wir
601 3597 51 24 «um
680 3588 67 34 Ziele
776 3590 113 25 kommen.
934 3588 52 25 Alle

152 3633 127 33 diejenigen
300 3631 78 29 welche
398 3628 41 31 sich
460 3627 151 31 einschreiben
631 3624 73 34 lassen
725 3624 96 31 wollen,
843 3623 82 34 mögen
947 3622 39 34 sich

152 3677 32 20 «n
204 3670 46 25 das
269 3663 240 36 Agitaiionstomitee
528 3655 458 26 to,nbtnWMMMMMMMMMMMM

546 3697 111 34 Heinrich
678 3697 104 29 Keimer

803 3697 148 26 Bonneweg.

392 3760 73 37 Die
489 3760 102 42 rothe
615 3759 138 43 Fahne.

189 3819 61 28 DaS
270 3814 186 30 internationale
480 3812 150 32 Proletariat
650 3809 89 33 kämpft
760 3809 41 32 feit
830 3809 67 27 1848
917 3810 70 25 unter

154 3857 51 25 dem
233 3852 172 35 gemeinsamen
439 3849 143 33 Feldzeichen
613 3848 40 23 der
681 3846 85 31 rothen
801 3843 91 35 Fahne.
930 3843 57 27 Von

155 3888 140 35 Frankreich
316 3887 41 33 her
370 3886 26 29 ist
415 3885 50 25 die«
486 3882 111 33 Symbol
616 3881 141 33 gekommen,
778 3885 36 20 wo
828 3879 35 26 die
877 3879 110 26 Arbeiter

155 3927 66 31 schon
242 3927 24 24 in
285 3924 42 25 den
347 3920 85 32 Tagen
452 3923 40 22 der
504 3919 208 33 Februarreoolut
725 3922 31 19 on
769 3915 36 26 die
825 3914 66 33 rothe
906 3914 81 33 Fahne

156 3963 39 26 «1«
215 3960 37 31 ihr
271 3957 91 34 Panier
381 3954 171 34 auspflanzten.
574 3953 49 26 Sie
643 3953 78 27 hatten
736 3949 104 35 zunächst
861 3950 126 32 gefoidert,

156 3996 48 36 daß
216 3996 36 28 die
265 3991 188 36 neubegiündete
465 3992 80 33 zweite
563 3987 117 30 Republik
693 3988 44 26 das
751 3986 67 33 Roth
833 3987 38 26 als
884 3985 103 28 Landes'

1036 132 66 34 färbe
1122 132 130 32 annehmen
1273 131 73 32 sollte.
1385 130 48 27 Die
1452 129 144 34 ablehnende
1615 128 116 26 Antwort
1750 130 63 27 aber,
1833 126 34 26 die

1036 169 29 33 sie
1084 174 47 21 von
1152 169 42 25 den
1213 166 183 33 provisorischen
1417 165 169 32 Regierungen
1605 162 119 33 bekamen,
1743 162 47 30 ließ
1804 165 62 22 dann

1037 205 34 25 die
1105 203 67 32 rothe
1208 202 83 34 Fahne
1323 208 43 27 zur
1399 200 206 32 Parteistandarte
1637 199 40 25 der
1710 197 157 26 verbündeten

1038 238 147 35 Sozialisten
1213 239 49 26 unb
1280 236 140 33 Radikalen,
1439 235 109 27 Arbeiter
1566 234 50 27 und
1641 233 165 33 Kleinbürger,
1826 233 41 25 ber

1332 271 86 33 Partei
1448 273 101 23 werden.
1586 270 46 25 Als
1660 268 133 32 Vertreter,
1825 267 42 26 der

1036 308 187 35 prooiforifchen
1237 308 140 33 Regierung
1397 306 62 33 faßte
1478 304 137 29 Lamartine
1627 304 36 26 die
1682 302 146 34 Abweisung
1842 302 25 26 in

1037 345 36 26 die
1092 344 104 27 Worte:
1226 343 66 32 „Die
1312 343 65 30 rothe
1509 342 39 30 hat
1565 347 46 19 nur
1639 340 37 25 die
1694 338 87 26 Runde
1809 341 58 22 über

1037 381 46 25 das
1097 379 130 32 Marsfeld
1241 378 109 33 gemacht,
1364 378 25 25 in
1404 376 122 27 Strömen
1539 380 47 20 von
1600 373 132 27 Volksblut
1745 372 121 33 gebadet."

1038 416 65 33 Herr
1123 416 25 25 de
1165 413 139 28 Lamartine
1324 413 86 25 bewies
1429 412 82 30 d»mit,
1532 411 45 26 das
1596 416 25 21 er
1640 409 34 26 die
1688 409 126 31 Geschichte
1827 409 41 24 der

1038 451 89 31 großen
1162 449 164 33 französischen
1360 447 150 26 Revolution
1537 453 46 18 nur
1618 451 59 26 ganz
1709 443 156 31 oberflächlich

1038 486 92 26 kannte.
1150 484 96 34 Richtig
1265 483 26 31 ist
1311 489 30 20 an
1362 482 86 32 feinem
1467 481 121 34 Hinw.is,
1609 480 45 30 daß
1680 478 143 33 thatsächlich
1842 477 26 26 in

1038 523 42 24 den
1101 520 127 34 Anfängen
1241 519 42 26 der
1296 517 88 34 großen
1399 516 148 28 Revolution
1560 516 37 26 die
1611 515 66 33 rothe
1691 515 80 30 Fabne
1792 512 74 31 nichts

1039 557 102 32 weniger
1160 557 39 24 al«
1218 555 37 25 ein
1275 552 206 32 oolksthümliches
1500 551 126 32 Abzeichen
1647 557 50 19 war
1726 549 48 26 Sie
1794 548 74 26 diente

1038 593 96 25 damals
1152 593 43 24 den
1214 588 148 35 öffentlichen
1390 587 130 27 Gewalten
1539 587 67 32 dazu,
1627 585 33 26 die
1679 584 113 32 Proklnm
1805 590 62 25 runz

1037 627 41 27 des
1099 626 172 31 Standrechte«
1285 622 145 35 anzuzeigen.
1451 623 54 25 Und
1525 623 29 25 da
1573 621 26 30 ist
1619 620 59 26 denn
1698 620 46 25 das
1759 619 107 29 berühm»

1039 662 51 29 teste
1110 661 101 33 Beispiel
1230 662 45 24 das
1295 659 87 33 blutige
1400 656 145 32 Gefchehniß
1559 655 41 33 auf
1619 657 52 24 bem
1685 654 129 28 Marsfeld
1829 659 39 21 am

1043 698 37 26 17.
1100 697 59 34 Juli
1183 697 74 26 1791.
1286 694 39 26 Au
1345 693 86 32 diefem
1450 692 68 33 Ta?,e
1538 691 64 33 follle
1621 690 98 32 daselbst
1739 690 25 25 in
1784 689 83 31 Masse

1037 733 49 25 eine
1105 731 108 33 Petition
1241 729 168 32 unterzeichnet
1428 729 99 29 werben,
1549 726 78 26 worin
1656 725 114 32 Ludwig«
1789 723 77 27 XVI.

1038 768 128 34 Absitzung
1185 765 110 33 verlangt
1315 765 91 25 wurde.
1433 762 60 26 Da«
1513 762 56 32 ging
1588 764 39 22 der
1648 759 115 27 liberalen
1784 758 65 27 Bour-

1038 803 80 33 geoiste
1137 809 70 27 gegen
1218 803 44 23 den
1276 799 70 31 Stich
1375 797 48 28 Die
1437 795 301 34 Nationalversammlung
1758 793 110 32 beschloß,

1038 838 44 33 daß
1103 838 40 32 sich
1168 836 34 27 die
1231 835 135 33 städtische«
1394 832 127 31 Behörden
1551 831 43 25 mit
1614 830 62 26 allrn
1696 829 104 27 Mitteln
1829 830 37 23 der

1040 873 200 33 Unterzeichnung
1259 871 40 25 der
1318 868 109 32 Petition
1446 866 141 34 widersetzen
1607 865 89 32 sollten,
1715 863 153 32 Demgemäß

1037 908 128 33 erschienen
1195 907 73 31 Lafay
1282 908 29 22 tte
1330 905 48 25 und
1398 902 85 33 Bailly
1504 905 43 22 mit
1571 901 75 26 einem
1666 898 202 34 Truppenkörper

1038 944 42 29 auf
1098 945 51 24 dem
1163 941 129 30 Marsjeld
1312 941 48 23 und
1373 938 77 30 ließen
1463 941 68 22 unler
1550 936 36 26 die
1606 936 159 27 Vollsmenoe
1779 934 88 31 feuern,

1038 979 108 30 nachdem
1165 977 35 26 die
1213 975 179 34 Aufforderung
1411 980 54 26 zum
1479 972 168 27 Auseinander
1665 969 72 35 gehen
1752 969 115 34 fruchtlos

1038 1015 118 31 geblieben
1184 1019 52 19 war
1273 1011 59 26 Das
1352 1008 113 33 Singnal
1493 1016 28 26 zu
1540 1011 49 23 dem
1610 1006 116 34 Gemetzel
1755 1007 45 32 gab
1832 1005 34 25 die

1037 1049 147 32 Entfaltung
1201 1048 41 25 der
1256 1047 84 29 rothen
1359 1045 96 34 Fahne;
1478 1043 79 32 sobald
1571 1043 46 26 das
1631 1041 112 34 verhaßte
1757 1040 109 33 Symbol

1038 1088 40 24 des
1098 1084 124 34 Kriegsgef
1237 1085 43 31 tzes
1299 1081 96 32 sichtbar
1415 1080 90 32 wurde,
1524 1078 99 34 erfolgte
1649 1084 46 19 von
1716 1077 90 27 Seilen
1826 1079 41 23 des

1037 1121 88 27 Volkes
1154 1127 37 19 e,n
1221 1117 145 36 Steinhagel
1395 1116 48 25 uad
1462 1115 42 25 der
1522 1113 72 30 Ruf:
1625 1112 107 33 „Nieder
1763 1115 42 23 mit
1825 1112 41 27 der

1037 1156 83 32 rothen
1140 1154 115 35 Fahne!"
1277 1151 65 33 Noch
1367 1151 33 25 im
1420 1149 127 34 folgenden
1566 1148 83 36 Jahre
1669 1153 52 20 war
1740 1146 36 27 die
1794 1146 72 27 E,in»

1038 1200 92 25 „erung
1150 1198 30 19 an
1194 1188 57 32 diefe
1271 1186 131 33 Vorgänge
1422 1187 23 28 fo
1465 1184 114 31 lebendig,
1599 1183 45 29 daß
1665 1184 32 24 im
1711 1182 139 31 Munizipal-

1037 1228 54 27 rath
1111 1227 57 32 zwei
1187 1224 97 31 Bürger
1299 1221 41 25 mit
1360 1225 63 20 einer
1436 1219 64 32 jener
1519 1219 83 31 rothen
1621 1217 108 33 Fahnen,
1749 1216 36 25 die
1799 1218 67 28 thmn

1038 1261 97 33 mfällig
1155 1261 24 23 in
1199 1259 36 24 die
1256 1256 84 34 Hände
1355 1254 96 33 gefallen
1472 1259 61 24 war.
1554 1251 134 32 erschienen,
1706 1254 48 22 und
1775 1251 27 30 sie
1823 1255 43 20 vor

1037 1297 43 25 den
1102 1294 133 33 erstaunten
1250 1293 84 30 Augen
1352 1291 41 24 der
1408 1288 142 31 sprachlosen
1565 1286 97 32 Bürger
1675 1284 103 34 zerissen,
1798 1289 70 22 unter

1038 1332 51 24 dem
1108 1330 71 28 Ruf:
1213 1327 75 34 „Hier
1308 1324 28 31 ist
1356 1324 34 25 die
1411 1322 208 29 Vaiermörderin,
1639 1328 55 18 man
1715 1320 58 30 nähe
1792 1320 29 30 sie
1842 1319 24 26 in

1038 1366 65 26 einen
1124 1363 64 28 Sack
1207 1367 46 21 und
1284 1359 68 31 werfe
1371 1360 28 32 sie
1428 1358 23 25 in
1472 1359 42 25 den
1543 1355 100 36 Fluh!"
1665 1355 63 27 Aber
1759 1356 24 25 in
1813 1356 54 25 eben

1038 1402 81 27 diesem
1148 1399 121 28 Sommer
1300 1395 66 27 1792
1395 1393 57 34 ging
1472 1395 33 24 mi
1525 1393 39 26 der
1592 1392 85 27 rothen
1705 1390 83 34 Fahne
1818 1389 49 27 eine

1038 1435 155 33 Wandelung
1222 1440 50 23 vor.
1298 1432 35 26 die
1353 1428 137 29 Lamartine
1518 1435 60 27 ganz
1606 1427 108 33 offenbar
1743 1426 122 28 übersehen

1039 1472 47 33 hat,
1106 1471 36 27 bie
1168 1472 55 25 aber
1242 1471 47 24 aus
1307 1468 51 25 dem
1378 1465 129 31 verhaßten
1527 1463 127 34 Werkzeug
1674 1463 40 25 der
1742 1460 124 34 Tyrannei

1037 1509 45 27 das
1093 1505 191 33 volkslhümliche
1295 1503 110 34 Symbol
1417 1502 41 25 der
1468 1499 120 28 radikalen
1602 1498 155 28 Demokratie
1771 1499 94 27 machte.

1037 1545 45 25 Alz
1101 1544 40 26 ber
1162 1543 55 33 Zug
1229 1543 40 23 des
1290 1538 95 31 Voltes,
1404 1538 20 25 d.
1444 1537 22 33 h.
1480 1534 167 35 hauptsächlich
1660 1533 41 26 der
1715 1532 153 33 Proletarier

1038 1586 46 20 von
1105 1577 43 28 St,
1180 1577 104 26 Antoinc
1303 1578 48 23 und
1372 1576 43 22 den
1435 1575 101 23 anderen
1566 1569 254 31 Arbeitervorstädten,
1842 1569 24 25 in

1038 1615 33 26 die
1090 1613 126 28 Tutlerien
1235 1611 54 30 (20.
1308 1608 66 34 Juni
1396 1608 80 27 1792)
1494 1605 139 27 vorbereitet
1648 1607 86 29 wurde,
1755 1611 42 19 um
1817 1605 49 26 dem

1037 1650 81 32 König
1136 1648 43 27 den
1200 1647 106 33 Verzicht
1326 1643 41 32 auf
1388 1643 46 31 fein
1453 1642 122 31 Vetorecht
1594 1647 71 27 gegen
1686 1639 126 33 Beschlüsse
1826 1639 41 25 der

1037 1681 303 33 Nationalversammlung
1354 1678 194 34 au'zunölhigen,
1563 1678 29 24 da
1605 1675 86 32 tauchte
1704 1675 40 26 der
1758 1674 109 27 Gedanke

1038 1721 49 31 auf.
1108 1722 70 25 unter
1197 1718 65 25 einer
1274 1716 83 30 rothen
1371 1714 82 33 Fahne
1467 1714 44 25 mit
1524 1714 41 24 der
1579 1711 149 31 bezeichnen
1743 1709 111 33 I'seyrft.-

1040 1755 173 32 „Kriegsgefetz
1233 1755 40 22 des
1291 1749 88 27 Voltes
1395 1755 70 26 gegen
1483 1747 35 26 die
1538 1746 144 32 Empörung
1702 1747 39 24 de«
1761 1745 103 33 Hofes",

1038 1798 28 25 zu
1095 1789 167 31 marschieren;
1291 1785 125 29 besonder»
1444 1781 127 32 diejenigen
1599 1781 82 30 sollten
1710 1780 41 29 sich
1781 1783 86 22 darum

1040 1828 114 27 sammeln
1186 1823 36 25 die
1251 1827 47 20 von
1317 1822 50 23 dem
1387 1817 117 32 Gemetzel
1532 1816 41 30 auf
1593 1817 50 24 dem
1669 1814 130 30 Marsfeld
1827 1814 40 29 her

1039 1861 65 25 einen
1124 1858 106 32 Freund,
1250 1856 67 25 einen
1346 1853 84 31 Sohn,
1449 1852 66 25 einen
1535 1850 76 27 Vater
1631 1856 24 24 zu
1681 1849 79 30 rächen
1781 1849 86 30 hätten.

1039 1895 49 27 Die
1108 1895 60 31 Idee
1196 1890 67 28 ward
1284 1888 58 32 nicht
1362 1885 162 33 verwirklicht,
1550 1884 150 32 vermuihlich
1721 1887 77 28 wegen
1827 1882 41 25 der

1039 1930 175 32 Bemühungen
1243 1925 116 32 Pötions,
1378 1922 38 26 die
1440 1919 200 31 Demonstration
1660 1918 24 25 in

1040 1966 105 29 Formen
1160 1970 28 25 zu
1201 1962 94 30 kleiden,
1310 1958 108 31 wodurch
1432 1957 28 32 sie
1476 1957 63 24 dann
1555 1954 116 32 vergeckte.
1686 1952 53 27 Der
1753 1951 115 31 Gedanke,

1039 2001 74 29 dessen
1133 2000 78 26 Vater
1240 1998 39 25 der
1299 1992 127 32 Girondist
1459 1991 80 26 Carla
1560 1996 59 25 war,
1639 1987 147 33 verschwand
1814 1990 54 23 aber

1040 2044 46 18 nur
1106 2035 41 31 ans
1168 2034 63 32 kurze
1253 2032 52 33 geit
1324 2035 46 21 von
1389 2028 40 26 der
1444 2025 136 34 Bildfläche,
1602 2024 35 27 Er
1656 2023 51 26 kam
1722 2023 146 32 wiederum

1038 2070 126 33 Votschein
1192 2069 39 26 als
1261 2071 38 22 der
1318 2066 96 26 Sturm
1433 2063 41 28 auf
1494 2065 35 23 die
1548 2059 127 28 Tuilerien
1695 2059 53 32 (20.
1776 2057 92 35 August

1042 2107 77 32 1792)
1139 2104 140 29 vorbereitet
1299 2102 79 26 wurde
1406 2100 43 26 Da
1470 2098 89 30 brachte
1577 2103 28 25 zu
1625 2095 64 26 einer
1704 2095 104 33 Sitzung
1827 2096 39 24 des

1041 2139 270 38 Insu,rekt!oncomite«
1324 2137 34 26 im
1370 2134 162 33 Wirthshaus
1548 2131 71 36 „Zur
1632 2131 112 33 goldenen
1759 2129 107 28 Sonne"

1038 2182 38 23 der
1097 2178 145 27 amertkaner
1270 2173 124 34 Fournier
1414 2172 48 25 eine
1494 2168 66 34 rothe
1579 2167 90 35 Fahne,
1689 2166 95 32 worauf
1815 2166 53 31 nach

1038 2214 98 27 Carras
1156 2213 129 31 Anregung
1300 2208 139 34 geschrieben
1460 2205 82 32 stand:
1564 2201 170 35 „tttiegsaesetz
1755 2205 40 23 des
1815 2201 39 32 fou-

1038 2252 103 25 oeränen
1160 2247 90 27 Volle»
1264 2251 69 28 gegen
1352 2244 36 25 die
1407 2241 145 31 Empörung
1566 2242 39 23 der
1619 2238 179 32 ausführenden
1818 2236 32 28 Ge-

1038 2285 58 26 wall
1109 2286 12 11 "
1142 2284 46 26 AI»
1209 2282 111 32 Symbol
1348 2281 41 24 der
1408 2273 243 34 Voitsfouoeränelät
1671 2275 38 28 hat
1730 2275 60 23 denn
1810 2275 53 25 auch

1038 2328 37 18 am
1098 2321 38 25 1«.
1157 2316 90 34 August
1262 2316 33 25 die
1310 2314 65 35 rothe
1389 2312 81 35 Fahne
1492 2311 23 25 in
1535 2310 63 25 einer
1612 2309 93 29 Anzahl
1721 2313 47 19 von
1781 2306 72 27 Erem
1858 2306 10 44 ■■

1037 2355 83 32 plann
1139 2354 57 26 übet
1215 2354 42 23 den
1276 2349 200 31 ValkskÄinpsern
1496 2345 125 32 geflattert.
1642 2343 115 26 Weniger
1771 2341 97 32 vergeh,

1037 2392 40 29 lich
1105 2390 39 26 als
1163 2389 138 26 Lamartme
1321 2384 46 27 und
1387 2383 37 26 die
1444 2382 100 26 anderen
1560 2378 158 34 bürgerlichen
1733 2377 130 35 Freiheit»'

1036 2427 77 30 Helden
1144 2425 73 30 haben
1236 2423 37 25 die
1290 2418 101 34 Parifei
1413 2417 111 27 Arbeiter
1542 2415 51 27 eine
1612 2414 158 33 Erinnerung
1790 2415 76 24 daran

1036 2463 68 29 durch
1119 2447 67 40 'allen
1215 2454 178 38 ZeUenivandel
1421 2453 112 34 hindurch
1555 2449 113 33 bewahrt.
1690 2450 48 26 Die
1768 2448 98 33 bürget«

1036 2498 71 28 lichen
1135 2493 177 33 Republikaner
1341 2491 75 31 haben
1444 2488 36 26 die
1509 2487 82 33 Fahne
1620 2484 63 34 ihrer
1714 2483 77 27 Väter
1820 2488 47 22 von

1038 2531 67 27 1792
1133 2531 146 29 verleugnet,
1305 2526 49 27 und
1384 2525 22 31 fo
1427 2523 66 26 ward
1521 2521 29 33 fte
1579 2527 53 26 zum
1654 2520 142 32 Alleinbesitz
1827 2521 41 24 des

1036 2564 172 34 fozialistifchen
1223 2561 168 35 Proletariats
1411 2559 44 31 erst
1476 2559 24 25 in
1520 2554 149 35 Frankreich,
1689 2555 54 26 bald
1764 2554 24 25 in
1804 2554 63 26 allen

1036 2600 114 26 Ländern,
1172 2612 33 5 —

1093 2674 59 37 Er
1177 2673 92 43 legte
1293 2670 66 34 den
1383 2667 176 43 Hammer
1584 2662 120 33 nieder
1729 2661 73 33 und

1278 2712 126 45 ergriff
1427 2710 56 35 die
1507 2707 124 45 Feder.

1178 2767 114 33 Lieber
1313 2771 108 25 armer
1442 2757 121 36 Teufel

1070 2816 45 30 Ich
1145 2815 40 26 hin
1212 2813 50 26 eine
1291 2811 107 34 geplagte
1417 2811 111 28 Veyrertn
1558 2811 46 17 uno
1635 2799 57 34 habe
1720 2798 49 28 eine
1796 2797 72 27 kleine

1034 2851 91 31 Schule
1146 2858 26 24 zu
1194 2849 78 27 leiten.
1310 2846 54 27 2'iit
1393 2845 50 25 dem
1472 2846 109 27 mageren
1609 2836 103 31 Gehalle
1741 2840 66 21 wäre
1835 2835 31 30 ich

1034 2889 55 28 noch
1108 2885 127 32 zufrieden,
1255 2883 30 26 da
1305 2883 45 24 wir
1364 2878 197 33 Frauenzimmer
1581 2872 142 32 bekanntlich
1744 2874 60 30 nicht
1823 2872 45 24 viel

1034 2922 135 32 Ansprüche
1196 2921 91 33 geltend
1307 2917 92 30 machen
1420 2913 94 30 dürfen,
1543 2910 59 33 ohne
1622 2908 95 33 Gefahr
1735 2914 29 26 zu
1784 2909 79 29 lau|en

1034 2960 25 24 in
1078 2959 37 23 ein
1134 2955 165 33 zweideutiges
1319 2952 58 30 Licht
1397 2949 86 33 gestellt
1504 2954 27 26 zu
1550 2945 103 26 werden.

1070 2992 87 31 Dieses
1187 2990 70 25 kleine
1277 2988 78 32 Kreuz
1382 2985 52 30 läßt
1463 2984 40 31 sich
1531 2982 22 28 so
1573 2978 100 34 ziemlich
1693 2977 52 30 leich
1777 2978 90 31 tragen.

1034 3028 65 26 Aber
1128 3026 34 27 die
1191 3025 164 32 Behandlung
1384 3021 35 25 die
1447 3021 47 23 uns
1526 3022 91 22 armen,
1646 3014 72 25 allein
1747 3011 119 32 stehenden

1035 3064 118 29 Mädchen
1172 3069 28 25 zu
1220 3059 41 27 teil
1281 3058 61 26 wird
1356 3057 83 32 spottet
1453 3055 57 25 aller
1524 3049 180 32 Beschreibung.
1743 3045 54 27 Der
1812 3045 56 31 erste

1034 3099 58 27 beste
1111 3098 78 28 fteael,
1210 3096 40 25 der
1271 3093 42 27 mit
1333 3094 73 25 ferner
1426 3093 69 29 guten
1515 3086 128 30 mächtigen
1664 3082 204 32 VerwandtfchaN

1034 3113 96 51 prahlt"
1152 3131 53 32 dars
1235 3132 48 23 uns
1311 3126 133 34 ungestraft
1464 3124 24 26 in
1509 3123 42 25 den
1571 3119 87 28 Mund
1688 3117 106 33 nehmen,
1824 3118 40 23 den

1034 3164 336 34 Gemeinderatsmitgliedern
1381 3160 89 34 müssen
1482 3158 45 27 wir
1537 3156 125 30 besonders
1670 3151 198 36 zuvorkommend

1034 3211 110 27 entgegen
1172 3208 84 25 treten,
1283 3200 82 33 sollten
1394 3197 28 32 sie
1451 3195 53 31 auch
1534 3192 99 31 wirklich
1653 3191 59 30 nicht
1732 3191 55 23 wert
1808 3186 56 34 sein,

1034 3241 43 29 daß
1097 3240 35 25 die
1152 3237 91 27 Sonne
1263 3235 30 29 sie
1311 3233 119 32 befcheini.
1650 3233 219 37 ,

1069 3275 65 26 Aber
1164 3275 46 24 das
1239 3271 27 34 ist
1295 3272 54 28 noch
1377 3269 60 25 alles
1465 3264 76 33 nichts
1570 3269 31 20 ,m
1622 3258 123 35 Vergleich
1773 3264 27 27 zu
1827 3256 40 26 der

1034 3311 113 32 geradezu
1175 3309 108 30 infamen
1304 3303 163 35 Behandlung
1494 3300 37 26 die
1552 3298 109 32 Kapläne
1689 3297 48 23 und
1765 3291 102 36 Pastor«

1034 3347 46 26 mir
1101 3346 48 25 und
1168 3346 56 28 auch
1244 3341 90 27 meinen
1356 3346 81 20 armen
1452 3335 157 33 Kolleginnen
1629 3330 140 33 angede.hen
1785 3329 81 32 lasten.

1034 3382 63 26 Was
1127 3389 13 16 n
1151 3379 66 34 rissen
1244 3378 46 25 wir
1316 3380 49 22 uns
1386 3374 58 32 nicht
1465 3371 60 26 alles
1544 3369 100 33 gefallen
1664 3365 83 34 lassen.
1784 3363 66 34 Zwei-

1034 3416 92 32 deutiqe
1145 3415 91 30 Reden,
1266 3412 55 34 geile
1342 3410 84 31 Blicke,
1455 3407 36 25 die
1520 3409 48 22 un«
1597 3408 47 21 von
1663 3402 42 26 der
1725 3399 66 26 Welt
1810 3403 53 21 ver»

1034 3451 101 32 laffeuen
1166 3451 30 25 W
1208 3451 53 26 iisen
1291 3448 33 25 die
1344 3442 144 34 Schamröte
1516 3440 42 31 auf
1586 3440 34 24 die
1642 3436 110 33 Wangen
1783 3440 68 27 zagen

1034 3489 44 25 das
1098 3486 29 33 ist
1145 3486 45 26 das
1209 3483 129 33 alltägliche
1359 3481 99 33 „Guten
1476 3477 110 31 Morgen
1604 3472 118 35 Fräuwn
1736 3469 111 29 Lehreri.

1034 3523 44 26 mit
1105 3524 49 23 dem
1183 3521 46 25 wir
1254 3525 47 20 von
1319 3518 76 31 diesen
1416 3515 157 31 sonderbaren
1594 3507 162 33 Nach!0lg,rn
1777 3505 90 32 Christi

1034 3557 99 32 begrüßt
1153 3557 101 26 werden,
1396 3557 142 32 ■
1680 3577 6 5 .
1748 3575 21 7 „
1829 3573 23 16 .,

1069 3593 58 25 Wir
1156 3592 34 25 die
1218 3591 47 26 wir
1294 3589 49 24 uns
1372 3584 89 34 müssen
1490 3581 157 31 erniedrigen,
1679 3576 121 30 denselben
1829 3576 36 24 die

1035 3628 99 32 leifesten
1155 3627 133 31 Regungen
1307 3623 96 28 unseres
1423 3620 116 35 Herzens,
1570 3619 35 22 die
1634 3612 107 29 kleinsten
1769 3615 82 28 per,on-

1034 3665 71 29 lichen
1124 3661 87 35 Fehler
1239 3668 27 24 zu
1296 3658 145 34 offenbaien,
1470 3655 45 24 wir
1545 3650 90 33 muffen
1664 3646 125 35 tagtäglich
1820 3649 43 22 mit

1035 3700 69 28 ihnen
1125 3697 120 31 verkehren
1267 3694 49 28 und
1336 3695 48 23 uns
1404 3687 160 34 unterwürfig
1584 3692 86 27 zeigen.
1708 3682 50 27 Die
1787 3681 65 33 Hegel-

1034 3734 111 32 hafiesten
1165 3729 201 37 AnzÜzlichleiteu
1385 3727 49 26 und
1454 3722 171 32 labalisttschen
1645 3719 99 35 Zeichen
1764 3717 27 31 ist
1810 3722 54 20 mein

1034 3769 109 35 gewohnt
1172 3769 24 25 in
1225 3767 43 26 den
1297 3763 141 35 gemeinsam
1467 3760 118 31 benutzten
1604 3755 158 28 Lebrouchern

1034 3805 89 26 sinden.
1161 3803 67 26 Aber
1247 3800 121 33 schweigen
1388 3797 90 33 müssen
1498 3800 45 20 wir
1564 3798 45 20 wie
1622 3790 115 26 Nonnen.
1757 3788 108 25 Ueberall

1035 3840 61 26 wird
1115 3846 57 20 man
1191 3843 48 21 von
1260 3832 189 37 Betschwestern,
1472 3833 38 23 der
1531 3828 122 43 Kaplans
1674 3826 55 26 oder
1748 3822 103 33 Pastors-

1036 3875 74 27 köchin
1139 3871 170 34 ausspioniert.
1356 3869 67 26 Man
1453 3866 55 31 dars
1537 3864 41 32 sich
1607 3861 77 27 weder
1704 3861 84 27 dreyen
1811 3858 52 30 noch

1035 3911 105 30 wenden,
1171 3909 68 33 gleich
1272 3906 58 31 weih
1361 3907 26 24 es
1415 3904 71 28 unser
1515 3898 125 35 geistlicher
1669 3895 27 26 S
1708 3893 110 33 lavenhal
1834 3900 32 18 er.

1035 3946 75 26 Denn
1142 3945 38 25 als
1210 3943 108 27 Sklavin
1349 3940 76 25 werde
1456 3937 31 31 ich
1519 3939 49 28 htcr
1597 3932 131 27 bebandelt.
1767 3928 98 33 Neulich

1035 3982 82 27 wurde
1145 3981 30 33 ich
1204 3980 40 27 ins
1273 3976 77 30 Gebet
1377 3978 139 31 genommen
1544 3970 49 28 u.id
1620 3968 96 34 gehong
1734 3966 133 32 verkanzelt

1914 125 55 27 well
1989 124 30 33 ich
2040 124 23 33 fo
2085 123 89 33 „frech"
2202 128 53 22 war
2275 122 75 28 meine
2368 122 87 35 Ferien
2476 122 57 30 nicht
2554 122 33 26 im
2608 120 80 33 Dorfe
2707 129 41 25 zu»

1914 160 128 34 zubringen
2070 160 59 30 ohne
2149 158 80 33 hierzu
2247 158 36 26 die
2303 158 137 26 Erlaubnis
2460 157 60 26 beim
2541 158 81 33 Herrn
2643 157 106 29 Pfarrer

1914 195 116 33 eingeholt
2057 201 28 27 zu
2114 194 84 33 haben.
2235 193 54 25 Und
2317 193 54 30 doch
2400 192 121 32 versichert
2549 199 57 19 man
2626 191 52 32 hoch
2698 192 50 25 und

1915 232 71 32 heilig
2015 230 45 26 wir
2086 229 60 32 seien
2173 228 274 33 Gemeiiideangestellte.
2481 228 112 31 während
2626 228 39 25 der
2694 233 55 20 vom

1916 266 90 27 Staate
2037 265 112 34 besoldete
2168 263 94 27 Klerus
2289 262 42 33 sich
2360 263 59 32 nicht
2447 269 41 20 um
2509 266 48 22 uns
2576 270 28 26 zu
2626 262 123 27 kümmern

1914 300 72 34 hätte.

1950 336 59 26 Das
2030 335 26 32 ist
2075 336 46 25 das
2134 333 54 28 Leid
2206 333 47 26 das
2273 332 62 26 mein
2349 332 62 34 Herz
2432 332 81 29 erfüllt
2532 333 49 25 und
2595 333 54 29 auch
2665 333 84 32 schwer

1914 371 37 26 die
1980 371 93 30 meisten
2093 371 87 25 meiner
2199 368 161 34 Kolleginnen
2379 367 74 27 drückt
2472 367 57 26 aber
2549 372 59 21 wem
2628 367 42 26 loll
2692 376 56 18 man

1915 410 25 22 es
1966 405 104 33 klagen?
2107 405 67 27 Man
2204 404 60 32 weiß
2293 411 47 18 nur
2362 410 28 26 zu
2411 409 76 27 genau
2507 405 54 22 was
2581 410 56 17 man
2659 405 89 30 auszu»

1916 440 73 33 stehen
2009 441 122 29 bekommt,
2151 445 69 21 wenn
2240 446 57 20 man
2317 439 22 31 so
2360 438 59 31 kühn
2439 438 29 31 ist
2488 437 42 34 sich
2549 444 29 26 zu
2599 438 150 30 beichweren.

1915 476 55 26 Wie
1999 475 28 32 ist
2057 479 24 22 es
2109 476 40 25 der
2168 475 112 30 Lehrerin
2309 480 46 20 von
2375 473 204 27 Stadtbridimus
2608 472 141 33 ergangen?

1916 510 59 27 Seit
1993 510 97 33 Jahren
2118 510 83 33 spricht
2230 516 57 20 man
2317 509 70 30 soviel
2408 516 71 27 gegen
2499 509 33 25 die
2554 508 67 30 dösen
2642 508 106 36 Sozial»

1915 545 156 29 dernokraten,
2100 545 36 25 die
2164 545 40 30 für
2231 545 35 24 die
2293 544 86 26 kleinen
2398 543 68 27 Leute
2495 544 115 26 eintielen
2639 545 49 25 und
2716 545 32 25 da

1915 582 54 24 eben
1995 581 81 27 unsere
2095 579 163 33 grimmigsten
2278 578 88 33 Feind:
2387 587 69 25 gegen
2477 578 30 33 sie
2528 579 141 31 losschlagen
2689 578 59 33 habe

1916 616 30 31 Ich
1967 615 138 27 Vertrauen
2124 621 28 26 zu
2173 615 42 23 den
2236 612 241 32 Sozialdemokraten
2497 615 79 32 gefaßt
2596 615 99 31 obgleich
2715 615 32 30 ich

1915 651 60 30 nicht
2003 657 78 25 genau
2109 648 60 33 we,ß
2190 652 51 21 wa«
2262 648 28 31 sie
2310 648 117 33 eigentlich
2448 649 123 28 erstreben.
2609 651 63 25 Ader
2692 649 56 31 frei»

1915 687 78 33 mutig
2013 685 51 33 sind
2084 684 121 31 dieselben,
2234 682 45 26 das
2299 681 61 33 weiß
2379 682 31 31 ich
2431 685 47 24 und
2497 683 100 32 deshalb
2618 685 78 25 wende
2716 685 32 29 ich

1916 723 55 29 mich
1998 728 30 19 an
2058 720 49 27 Sie
2133 718 105 34 „Armer
2256 716 103 30 Teufel"
2389 718 75 25 damit
2485 717 48 26 Sie
2563 725 48 18 im«
2640 719 108 31 schwache

1914 755 198 35 Frauenzimmer
2130 753 143 33 verteidigen
2301 753 76 28 helfen
2405 758 68 21 wenn
2493 755 25 23 es
2546 756 41 23 not
2616 756 43 23 tut.
2698 753 50 33 Im

1914 792 140 26 Vertrauen
2081 790 43 29 auf
2151 789 62 34 Ihre
2242 787 222 33 Verschwiegenheit
2496 788 78 26 werde
2603 788 30 31 ich
2663 787 84 35 Ihnen

1916 826 119 28 teruerhin
2064 825 129 30 bestimmte
2212 823 133 32 Vorgänge
2373 823 115 33 erzählin,
2518 825 76 24 damit
2622 824 70 33 durch
2714 825 34 27 die

1914 860 221 34 Veröffentlichung
2165 858 117 27 derselben
2314 859 98 30 unseren
2437 858 133 33 Peinigern
2601 859 67 33 angst
2701 863 47 23 und

1915 898 75 32 bange
2005 897 74 27 werde
2100 895 48 28 und
2168 895 46 27 wir
2233 893 87 32 endlich
2340 893 89 26 einmrl
2445 893 120 34 behandelt
2582 897 99 30 werden,
2702 897 46 25 wie

1915 932 25 26 in
1960 933 75 25 einein
2054 931 149 33 zivilisierten
2223 930 77 27 Lande
2318 930 99 33 ehrbare
2437 929 208 34 Fraucnzimmer,
2676 934 72 24 denen

1914 968 37 26 die
1963 967 138 34 Erziehung
2120 968 39 26 der
2171 965 100 36 Jugend
2289 969 143 24 anvertraut
2453 965 35 34 ist,
2509 967 122 29 behandelt
2651 966 94 27 werden

1915 1003 80 34 sollen.

1950 1038 120 28 Dankend
2090 1038 39 33 für
2149 1038 35 26 die
2205 1036 183 34 wohlwollende
2407 1035 136 34 Aufnahme
2562 1037 73 32 grüßt

2344 1072 59 26 Eine
2422 1071 110 33 Lehrerin
2554 1078 54 20 vom
2627 1070 86 29 Lande.

2057 1126 114 31 Lieber
2192 1135 109 21 armer
2322 1124 132 35 Teufel.

1914 1161 77 66 B
2017 1165 79 27 deiner
2125 1167 76 30 letzten
2230 1162 123 28 Nummer
2383 1166 37 23 las
2449 1162 32 34 ich
2510 1161 44 35 daß
2583 1162 36 27 die
2639 1161 107 34 Eisfuhr

1987 1208 6 22 j
2013 1203 70 30 gutes
2103 1206 31 19 an
2154 1200 40 32 sich
2214 1199 64 33 habe,
2303 1200 52 23 weil
2377 1198 29 33 sie
2427 1198 169 32 verschiedenen
2618 1198 129 26 Arbeitern

1915 1234 82 26 mitten
2025 1235 33 24 im
2079 1233 96 27 Winter
2203 1240 65 18 einen
2288 1233 124 33 Verdienst
2438 1233 71 25 biete!
2547 1233 46 33 Ich
2615 1234 65 32 frage
2699 1233 48 31 dich

1915 1276 49 18 nun
1985 1268 72 26 lieber
2071 1267 108 31 Bru'er,
2198 1266 51 34 hast
2268 1270 31 23 du
2319 1268 53 29 noch
2393 1268 57 30 nicht
2471 1267 13 26 b
2499 1269 77 30 meilt.
2597 1269 45 28 daß
2661 1272 26 22 es
2703 1267 43 34 fast

1915 1304 86 25 immer
2030 1304 45 25 alte
2096 1301 112 27 Männer
2234 1301 60 32 find,
2323 1303 36 24 die
2380 1302 40 31 sich
2441 1302 70 30 dieser
2532 1302 148 32 mühevollen
2700 1304 48 24 Be«

1915 1338 143 32 schäftigung
2079 1338 109 26 widmen.
2225 1335 125 27 Warum?
2389 1335 64 26 Weil
2482 1335 56 31 diese
2558 1337 68 25 Leute
2658 1337 23 26 in
2708 1338 40 26 der

1915 1371 129 35 Industrie
2064 1372 60 26 leine
2143 1371 143 31 Unterkunft
2307 1371 77 33 finden
2403 1370 19 36 !
2441 1370 150 31 Bekanntlich
2615 1371 55 31 darf
2690 1379 55 19 man

1915 1410 43 24 das
1978 1408 42 26 49.
2040 1406 142 34 Lebensjahr
2202 1407 60 31 nicht
2282 1406 162 32 ilberfch.itten
2465 1407 73 29 haben
2559 1413 68 19 wenn
2647 1414 55 19 man
2723 1409 25 24 in

1915 1446 43 24 den
1978 1443 139 33 Schmelzen
2137 1447 54 22 oder
2211 1442 95 34 Bergen
2328 1442 46 33 sein
2394 1441 93 27 Da'ein
2508 1442 80 30 fristen
2609 1443 57 28 will.
2696 1442 51 35 Hat

1915 1487 56 19 man
1992 1482 55 23 aler
2067 1479 35 26 die
2122 1479 71 32 Ehre,
2213 1479 63 25 einer
2297 1477 230 34 stimmberechligten
2547 1477 106 35 Familie
2673 1487 74 26 anzn»

1915 1516 108 32 gehören,
2053 1515 23 31 fo
2106 1516 61 25 wird
2192 1515 59 31 nicht
2271 1515 54 31 nach
2345 1515 51 25 dem
2416 1513 68 27 Alter
2505 1515 101 33 gefragt,
2636 1515 63 25 dann
2721 1515 27 27 ist

1915 1554 25 23 es
1959 1553 52 24 dem
2024 1550 84 36 Herrn
2129 1550 120 35 fchnuppe,
2269 1551 28 25 ob
2320 1557 54 19 hon
2394 1551 55 29 auch
2470 1556 48 20 nur
2532 1549 67 26 einen
2615 1551 61 25 Arm
2692 1550 56 26 oder

1915 1589 36 25 ein
1971 1586 64 27 Bein
2056 1588 48 31 hat.
2142 1586 81 27 Wenn
2251 1587 40 25 der
2311 1584 129 33 Kapitalist
2460 1585 39 32 sich
2520 1585 59 30 nicht
2599 1592 39 19 am
2659 1585 88 26 Marke

1915 1623 65 25 eines
2000 1622 86 31 solchen
2101 1622 167 32 Proletariers
2289 1620 89 29 mästen
2399 1620 69 31 kann,
2488 1620 23 29 so
2531 1620 62 25 dient
2611 1619 73 31 dieser
2699 1620 49 32 ihm

1915 1659 39 26 als
1974 1657 130 34 Lockspeise,
2133 1657 75 26 damit
2237 1655 46 27 alle
2302 1654 146 27 Verwandte
2476 1654 49 27 und
2554 1654 120 27 Bekannte
2703 1654 40 32 sich

1915 1692 148 33 lobpreisend
2091 1692 25 27 in
2145 1693 45 25 das
2211 1692 143 33 Herrennetz
2382 1691 88 30 werfen
2497 1697 41 18 um
2559 1691 110 33 geduldig
2689 1693 59 24 aus»

1915 1728 94 34 gesogen
2037 1736 28 25 zu
2094 1728 100 25 werd-n.
2233 1726 45 26 Da
2305 1734 50 17 nun
2384 1726 59 31 nicht
2472 1726 44 26 alle
2537 1725 211 33 Menschenkinder

1915 1767 43 22 da»
1979 1763 145 33 Erdenglück
2145 1762 100 31 besitzen,
2265 1762 49 29 ihre
2333 1760 163 26 Verwandten
2516 1764 67 22 unler
2604 1763 40 23 den
2660 1761 87 26 oberen

1915 1797 168 34 Zehntausend
2111 1804 28 25 zu
2168 1797 87 29 suchen,
2284 1795 22 29 so
2334 1794 51 31 sind
2413 1795 29 29 sie
2461 1796 40 23 der
2523 1796 119 24 leibenden

1916 1831 103 33 tätigkeit
2038 1831 173 32 preisgegeben.
2248 1829 84 32 Habe»
2352 1829 36 24 die
2408 1829 110 25 Arbeiter
2537 1829 50 32 ihre
2605 1830 143 33 jugendliche

1916 1867 74 31 Kraft
2018 1866 31 24 im
2070 1864 98 33 Dienste
2189 1864 41 26 des
2250 1863 81 33 Herrn
2351 1863 113 32 geopfert,
2492 1863 24 32 fo
2545 1866 91 24 werden
2663 1865 29 31 sie
2711 1874 37 18 er»

1917 1901 91 32 fahren,
2028 1899 46 31 daß
2094 1906 68 18 wenn
2182 1899 36 25 die
2233 1897 84 33 Kräfte
2337 1900 135 29 abnehmen,
2493 1898 35 26 die
2543 1907 29 18 au
2587 1899 29 33 sie
2632 1900 116 33 gestellten

1916 1935 174 34 Forderungen
2117 1934 135 34 zunehmen.
2290 1934 58 26 Will
2378 1938 38 22 der
2436 1933 99 28 Dulder
2559 1940 70 22 unler
2648 1936 41 27 der
2708 1938 39 31 ihn

1917 1971 164 26 erdrückenden
2102 1969 52 32 Last
2174 1971 88 31 klagen,
2291 1968 23 33 so
2335 1970 61 26 wird
2416 1970 40 25 der
2475 1970 123 33 Kommis,
2628 1973 39 26 der
2693 1979 54 27 zum

1916 2006 94 32 öftesten
2039 2006 70 28 durch
2129 2005 142 31 Protektion
2300 2005 40 32 sich
2360 2006 244 32 emporgeschwungen
2625 2008 122 33 (trotzdem

1916 2051 21 17 er
1958 2044 54 29 noch
2034 2044 34 23 die
2087 2040 128 31 Eierschale
2234 2047 39 20 am
2289 2040 115 33 Hinteren
2425 2041 91 32 hangen
2537 2044 60 30 bat),
2619 2044 68 30 gleich
2703 2047 44 23 mit

1917 2078 74 31 seinen
2020 2078 85 24 noblen
2134 2067 101 35 Worten
2264 2079 48 21 und
2343 2075 123 26 Geberdeu
2499 2075 58 26 über
2588 2077 43 25 dm
2664 2084 83 20 armen

1916 2113 85 31 Teufel
2021 2112 122 32 herfallen.
2181 2111 83 33 Ruhig
2284 2110 57 31 muß
2361 2111 39 31 sich
2414 2111 74 29 dieser
2500 2111 60 25 alle«
2574 2111 74 26 bieten
2662 2111 84 33 lassen,

1916 2157 24 19 er
1958 2149 56 32 darf
2034 2149 60 32 nicht
2113 2147 110 31 mucksen,
2243 2146 60 31 weiß
2322 2153 26 19 er
2367 2146 53 31 doch
2440 2145 30 27 da
2490 2153 24 19 er
2533 2148 44 24 das
2593 2146 71 27 Älter
2678 2147 70 27 über»

1916 2186 104 31 schritten
2040 2184 49 34 hat,
2109 2184 46 29 daß
2174 2190 24 20 er
2213 2183 35 26 bei
2262 2183 72 26 keiner
2350 2181 148 33 Gesellschaft
2512 2182 37 27 ein
2562 2182 185 29 Unterkommen

1916 2222 81 33 finden
2025 2221 70 26 wird.
2132 2218 76 35 Trifft
2237 2219 44 26 den
2301 2218 235 28 Bedauernswerten
2561 2220 56 24 aber
2637 2221 44 25 das
2701 2221 47 26 Los

1916 2257 113 32 entlassen
2049 2264 28 24 zu
2097 2255 102 32 werden,
2229 2257 54 23 was
2304 2254 57 28 nicht
2382 2253 67 32 selten
2470 2254 140 33 vorkommt,
2640 2257 29 24 da
2692 2256 56 32 nach

1915 2293 44 25 den
1981 2292 115 25 liberalen
2111 2289 163 33 Grundsätzen
2295 2289 40 25 ber
2348 2288 96 30 Palron
2464 2288 112 33 entlassen
2597 2290 57 25 kann
2676 2297 72 19 wann

1915 2327 49 26 und
1983 2330 52 23 wen
2055 2332 24 19 er
2100 2325 58 29 will,
2178 2326 23 27 fo
2222 2324 56 30 muß
2297 2325 39 24 der
2350 2322 83 27 Mann
2455 2326 188 30 notgedrungen,
2664 2325 30 25 da
2714 2326 34 27 im

1916 2363 96 26 Winter
2024 2360 61 26 keine
2099 2359 166 34 Feldarbeiten
2278 2365 28 25 zu
2321 2359 128 28 verrichten
2464 2357 59 31 sind,
2539 2356 208 32 Schneeschaufeln

1915 2397 63 35 Holz
1997 2396 76 34 hauen
2095 2397 56 24 oder
2170 2394 47 27 Eis
2239 2394 91 28 machen
2350 2392 79 33 gehen,
2449 2393 50 24 will
2520 2399 24 18 er
2562 2392 53 30 doch
2635 2393 74 28 leben.

1951 2432 46 34 Ja,
2024 2431 33 34 ja,
2082 2431 36 26 dte
2146 2428 105 36 göttliche
2272 2427 179 33 Wellordnung
2470 2426 29 34 sie
2520 2426 26 33 ist
2568 2427 72 32 schön,
2669 2429 30 32 sie
2718 2429 30 33 ist

1916 2468 91 34 sauber,
2033 2467 78 32 dürfte
2138 2465 41 27 der
2207 2464 161 32 nimmerfalte
2388 2462 102 36 Tyeann
2519 2463 36 26 die
2575 2464 68 34 Haut
2673 2464 74 32 seine«

1916 2505 62 26 alten
1998 2503 126 27 Arbeiter«
2153 2501 53 31 noch
2234 2500 137 31 verkaufen,
2400 2501 44 24 wie
2472 2499 36 26 die
2535 2500 64 26 eines
2619 2498 112 34 Kutschen-

1915 2540 101 31 pferdcs,
2036 2539 66 25 dann
2121 2537 65 27 wäre
2206 2536 28 34 sie
2254 2536 168 28 vollkommen!

2496 2570 49 27 Ein
2565 2571 144 34 Schmelzer

2070 2625 68 31 Die
2156 2624 131 30 kleinen
2309 2625 276 33 Geschäftsleute

1951 2662 55 26 Wie
2034 2662 33 29 oft
2096 2662 90 25 werden
2205 2662 94 30 Klagen
2318 2662 53 24 laut
2391 2663 24 22 in
2436 2661 79 25 Stadt
2534 2666 48 21 und
2602 2662 70 32 Land,
2700 2664 46 31 daß

1916 2697 35 26 die
1980 2695 314 33 Gemeindeverwaltungen
2322 2695 37 25 die
2388 2695 25 25 in
2444 2695 64 26 einer
2537 2695 128 28 Gemeinde
2693 2704 53 19 not»

1917 2732 121 33 wendigen
2059 2732 95 29 Sachen
2183 2729 150 33 meistenteils
2360 2734 47 22 von
2437 2729 75 27 einem
2540 2733 47 23 und
2618 2732 128 27 demselben

1917 2768 108 34 Händler
2045 2767 110 34 beziehen.
2194 2766 49 32 Oft
2263 2767 63 31 fragt
2348 2773 56 18 man
2424 2765 48 32 sich,
2492 2768 52 24 was
2565 2773 54 28 mag
2634 2767 61 33 wohl
2710 2769 36 25 die

1917 2805 95 31 Urfache
2041 2803 68 33 fein?
2147 2803 66 28 Bald
2242 2801 51 32 ist's
2321 2801 81 34 dieser,
2431 2801 56 26 bald
2516 2800 51 34 ist's
2591 2811 34 18 ein
2647 2805 98 26 anderer

1916 2841 92 32 welcher
2028 2840 36 27 die
2083 2839 116 36 geicheidle
2220 2838 113 27 Antwort
2354 2839 61 32 gibt:
2448 2838 50 28 Die
2518 2839 86 27 kleinen
2625 2839 121 33 Geschäfte

1916 2878 74 30 haben
2017 2877 59 30 diefe
2095 2875 92 27 Waren
2216 2876 59 29 nicht
2296 2875 40 28 auf
2355 2873 82 34 Lager.
2475 2874 43 32 Ist
2548 2877 26 23 es
2602 2875 60 32 nicht
2691 2883 54 25 zum

1914 2912 84 30 Lachen
2019 2912 58 26 über
2095 2912 38 25 die
2151 2910 116 33 Weisheit
2287 2910 84 30 solcher
2389 2910 114 25 dummen
2523 2909 134 27 Ausreden.
2695 2910 50 27 Di«

1915 2949 86 26 kleinen
2014 2947 120 31 Geschäfte
2154 2947 74 30 haben
2249 2946 54 27 auch
2323 2949 53 27 zute
2391 2946 90 25 Waren
2500 2946 48 25 und
2564 2952 67 19 wenn
2647 2945 28 31 sie
2690 2946 55 32 auch

1917 2984 58 26 keine
2005 2983 23 28 fo
2056 2982 88 33 großen
2164 2980 107 27 Vorräte
2297 2980 156 33 aufzuweisen
2473 2981 75 30 haben
2569 2982 22 28 fo
2612 2981 69 33 rührt
2700 2982 45 26 das

1916 3018 79 33 daher,
2023 3017 47 31 daß
2098 3018 40 25 der
2167 3015 69 27 kleine
2255 3015 187 33 Handelsmann
2467 3015 39 33 sich
2533 3016 53 32 nach
2614 3016 40 26 der
2674 3015 71 28 Decke

1916 3054 93 30 strecken
2039 3052 56 30 muß
2140 3050 76 27 Denn
2244 3050 57 31 falls
2330 3057 24 18 er
2377 3050 98 31 etwaige
2496 3049 101 32 Wechsel
2617 3052 59 29 nicht
2696 3053 49 24 ein»

1916 3087 63 33 lösen
1998 3087 69 30 kann,
2087 3086 114 25 wandern
2221 3084 29 31 sie
2270 3090 53 26 zum
2343 3082 236 34 Gerichtsvollzieher
2598 3087 49 23 und
2662 3093 24 18 er
2706 3087 39 32 hat

1915 3125 65 24 dann
2010 3120 127 28 obendrein
2166 3119 35 26 die
2221 3119 88 28 Kosten
2337 3126 27 24 zu
2386 3118 115 33 bezahlen.
2538 3119 46 25 Bei
2602 3119 133 28 Gemeinde
2741 3134 5 3 -

1916 3159 143 31 lieferungen
2088 3155 96 26 verliert
2212 3153 40 28 der
2272 3152 201 33 Geschäftsmann
2501 3152 82 32 nichts.
2622 3153 37 28 Er
2684 3155 61 33 weiß

1916 3192 116 35 ungefähr
2059 3192 35 26 die
2116 3190 106 32 Stunde,
2251 3189 25 25 in
2293 3189 40 25 der
2354 3194 23 19 er
2398 3187 58 26 beim
2476 3186 269 36 Gemeindeeinnehmer

1915 3228 44 34 fein
1975 3227 64 27 Geld
2058 3225 99 32 abholen
2172 3225 66 26 kann.
2277 3223 55 28 Wir
2352 3222 87 27 kleinen
2454 3222 187 34 Geschäftsleute
2654 3226 91 35 muffen

1914 3269 111 27 pumpen,
2045 3263 29 25 da
2093 3261 46 27 wir
2160 3261 54 29 auch
2234 3258 41 32 für
2294 3258 78 33 später
2392 3259 41 28 auf
2453 3259 36 26 ein
2504 3259 114 35 größeres
2633 3260 111 37 Geschäft

1914 3300 149 33 spekulieren.
2100 3296 55 27 Wir
2183 3295 82 26 wären
2293 3294 116 33 nngesähr
2429 3294 36 26 bie
2485 3295 170 35 Allerfrohsten
2675 3304 68 21 wenn

1913 3335 94 26 überall
2028 3333 44 26 alle
2091 3332 15 26 8
2127 3330 66 33 Tage
2212 3330 61 30 Paie
2293 3330 107 33 gehalien
2429 3330 90 28 würbe.
2556 3332 80 27 Dann
2665 3335 80 30 müßle

1913 3373 41 24 der
1973 3366 192 33 niederträchtige
2186 3364 93 34 „Puff"
2301 3365 55 27 bolb
2376 3365 180 34 verschwinden.

1950 3404 42 28 S»
2012 3404 36 25 ein
2068 3402 94 34 „Puff"
2184 3402 38 31 für
2535 3404 26 30 ist
2581 3404 63 27 einer
2659 3404 85 33 Spar«

1914 3440 57 34 lasse
2000 3439 90 34 ähnlich
2118 3437 50 27 und
2197 3437 61 32 jeder
2284 3436 173 36 Steuerzahler
2488 3438 66 32 sollte
2583 3440 35 25 bei
2646 3440 98 33 gleichen

1914 3476 173 32 Bedingungen
2120 3480 28 27 zu
2177 3473 74 29 dieser
2279 3473 135 34 Sparkasse
2445 3474 171 33 herangezogen
2649 3476 95 25 werben

1914 3511 88 31 anstatt
2031 3512 34 24 die
2085 3508 82 31 Gunst
2191 3508 49 27 eine
2262 3509 143 34 Hauptrolle
2425 3508 85 34 spielen
2530 3517 28 25 zu
2578 3511 79 31 lassn«.
2696 3510 49 26 Ein

1914 3547 61 26 altes
1995 3545 153 34 Sprichwort
2168 3544 87 27 lautet:
2278 3545 62 34 „Ein
2360 3544 85 34 Pfund
2459 3545 79 29 Gunst
2559 3545 28 30 ist
2605 3545 139 30 Mehrwert

1913 3584 40 24 a<s
1982 3582 37 25 ein
2048 3580 86 33 Pfund
2160 3579 92 28 Golb."
2293 3580 62 26 Soll
2382 3579 73 33 diese«
2484 3579 164 33 Sprüchwort
2677 3580 69 31 wahr

1914 3617 99 32 bleiben,
2032 3617 65 26 dann
2117 3617 104 27 kommen
2240 3616 37 26 die
2290 3616 87 26 kleinen
2391 3614 188 31 Geschäftsleute
2593 3614 81 31 sobald
2687 3615 58 31 nicht

1914 3661 29 18 an
1975 3653 34 26 die
2030 3652 86 34 Reihe;
2141 3653 60 25 denn
2231 3652 35 26 die
2286 3650 159 33 Goldbesitzer
2466 3664 33 4 —
2519 3649 90 33 besitzen
2632 3650 56 33 auch
2709 3650 37 28 die

1914 3689 91 33 Gunst.

2328 3720 46 27 Ein
2395 3720 121 33 geplagter
2535 3719 173 31 Kleinkram«.

2085 3785 81 30 Aus
2187 3783 60 29 den
2269 3780 295 36 Minettsbergen.

1949 3822 39 35 In
2015 3821 79 35 Ihrer
2122 3818 238 35 Neujahrsnummer
2389 3818 126 30 erwähnen
2547 3819 55 34 g-ie,
2633 3820 46 31 daß
2709 3821 35 26 di«

1913 3858 89 27 kleinen
2031 3856 186 32 Geschäftsleute
2245 3855 53 26 dem
2318 3852 82 33 Escher
2420 3853 115 36 Schöffen
2557 3854 94 35 Stoffel
2671 3855 74 27 Dank

1913 3893 80 33 wissen
2014 3899 79 27 wegen
2379 3889 31 26 im
2426 3889 182 27 Gemelnberate
2628 3891 58 26 über
2699 3891 44 24 den

1913 3927 106 33 Verkauf
2048 3933 46 22 van
2114 3926 157 32 Schulsachen
2299 3924 85 33 seitens
2410 3925 42 26 der
2472 3924 159 31 Schwestern.
2674 3925 69 34 Nicht

1913 3965 71 27 allein
2004 3964 36 29 dt«
2057 3963 188 37 Geschäftsleute
2264 3961 25 26 in
2310 3959 55 35 Esch
2386 3960 101 33 fondern
2506 3961 54 33 auch
2580 3959 163 37 anderwärts,
