4721 7502
490 142 222 68 Voettv.

280 302 93 27 Much
384 301 24 27 is
420 301 50 28 the
480 302 79 28 force
569 302 31 28 of
611 302 197 30 heaven-bred
822 310 99 28 poesy.

710 337 217 27 Sumisrßtxu.

276 450 146 33 LIGHT
450 454 99 31 AND
578 454 96 31 THE
706 450 217 33 SEASONS.

254 510 102 35 (Pram
373 513 87 36 Lyric
474 515 112 31 Leaves,
603 513 35 36 by
657 512 143 30 Cornelius
822 510 124 30 Webl7e.)

175 584 77 33 Hail,
269 586 72 36 holy
354 587 101 33 Light!
474 587 63 28 that
548 587 112 25 comest
669 584 72 27 with
751 584 90 27 silver
852 583 79 27 flood

172 617 44 30 TO
227 620 65 35 glad
302 622 50 30 the
364 622 82 27 earth
460 622 60 25 and.
528 619 107 35 gratify
646 617 50 28 the
709 617 74 33 good
784 630 33 16 —r

172 654 44 30 To
227 655 80 31 drive
318 655 52 28 the
380 657 106 27 ruffian
496 654 76 27 from
583 654 47 25 his
641 650 134 35 darkling
786 649 91 33 trade,

172 690 66 35 And
249 690 83 31 wake
345 690 49 35 the
402 688 118 35 .honest,
539 687 66 33 whq
619 683 71 38 e-ith
699 685 80 39 login
789 683 60 38 And
857 679 90 38 spade

170 721 109 28 Weave
291 721 50 28 the
353 729 91 19 warm
455 717 65 30 web
529 720 63 27 and
598 717 83 28 delve
693 718 50 25 the
753 715 143 35 pregnant
904 709 121 38 ground.

167 754 250 41 Already,—hark
430 754 93 27 !—the
534 753 123 31 miller's
668 750 94 27 wheel
772 748 101 28 whifle
883 743 104 30 round,

170 791 69 27 And
249 789 47 27 his
306 786 74 30 loud
386 795 74 25 song
471 787 31 25 in
512 786 102 27 louder
624 784 85 28 noise
720 783 25 25 is
756 780 148 30 droWned.

169 822 65 27 The
246 820 148 35 shepherd
402 817 274 43 boy,,who-stivred
687 816 74 27 with
770 813 161 33 morning's
942 813 69 25 star.

167 857 123 27 Unfolds
299 855 49 25 his
357 861 139 25 ravening
507 852 90 31 flock,
614 850 58 28 and
685 849 94 27 drives
791 847 61 25 afar
901 865 19 19 ~

169 890 110 35 Where
288 887 209 35 vezdurelives
507 880 457 41 tligughiscanty-NXter;rign.s
964 880 35 41 --

170 920 43 30 TO
225 917 146 31 sheltereil
381 917 68 30 hills
474 909 435 49 ,licipa:sture'-FulftiredlSTains.

167 954 63 28 The
243 954 164 30 woodman,
424 954 61 28 too,
504 953 71 25 with
586 950 104 27 sturdy
701 950 63 30 step
776 945 58 25 and
843 945 83 28 slow.

162 987 112 27 -Winds
285 991 31 24 to
326 987 50 25 the
387 986 94 31 wood,
496 987 35 25 io
542 984 50 35 lay
597 984 47 25 its
655 980 77 35 lofty
739 980 72 25 low.

170 1020 65 27 The
246 1020 77 27 rural
334 1020 52 27 life
397 1020 25 25 is
433 1019 117 33 stirring
561 1024 91 24 every
660 1013 99 33 where
769 1013 6 39 ;

169 1055 72 27 And
247 1054 109 27 sounds
369 1052 33 27 of
406 1054 276 25 summermurmur
691 1043 128 30 through
828 1039 50 28 the
890 1041 43 27 air
942 1039 8 27 !

167 1088 65 25 One
243 1087 83 27 voice
337 1087 244 27 alone—sweeter
591 1080 76 31 than,
676 1079 85 25 oaten
778 1072 80 33 flute,

167 1121 41 25 Or
219 1120 107 28 lover's
337 1118 120 35 passion
468 1117 121 31 melting
600 1113 63 25 o'er
672 1110 47 25 his
735 1109 94 25 lute—

167 1154 66 27 One
243 1153 79 27 rural
331 1151 94 28 sound
435 1150 58 27 and
504 1156 74 25 song
586 1146 85 25 alone
683 1143 25 25 is
720 1143 80 25 mute
809 1150 43 17 :

164 1186 66 27 The
241 1186 88 30 Lark,
342 1184 55 28 .the
409 1181 129 30 wakeful
548 1178 90 28 usher
649 1176 33 27 of
690 1175 50 27 the
753 1175 94 30 dawn,

167 1219 93 28 Pours
271 1227 38 19 no
321 1217 71 35 high
405 1217 107 28 orison,
531 1213 55 27 nor
597 1208 154 28 welcomes
759 1205 99 33 l'dorn.

167 1250 63 28 The
244 1250 94 28 Robin
351 1250 82 35 only,
446 1247 35 28 of
487 1247 50 25 the
550 1249 129 20 summer
690 1238 115 38 throng,

191 1287 61 25 rills
263 1285 74 25 with
348 1283 82 25 short
441 1277 139 28 intervals
591 1276 47 27 his
650 1274 139 35 plaintive
800 1282 69 27 song
879 1283 43 22 ;

167 1318 121 27 Pleased
299 1317 76 27 with
383 1313 39 27 all
433 1310 282 28 seasons—autumn,
734 1306 115 33 Winter;
865 1309 129 33 spring—

167 1351 47 27 He
225 1353 79 30 sings
315 1345 129 31 through
455 1343 47 30 all,
520 1342 58 27 and
589 1342 79 33 gives
679 1342 80 25 them
770 1342 222 35 welcoming!—

167 1384 41 25 So
219 1381 106 27 should
334 1380 52 27 the
397 1376 99 28 Poet's
507 1375 112 31 serious
630 1373 118 28 anthem
759 1375 57 28 rise

165 1416 83 25 With
260 1414 72 33 holy
345 1413 57 25 airs
413 1409 58 27 and
482 1408 112 27 solemn
605 1408 198 39 symphonies,

165 1446 146 28 Whether
321 1444 50 27 the
384 1443 172 36 gladdening
567 1441 104 38 Spring
682 1443 57 27 and
750 1439 134 30 Summer
893 1443 93 35 reign,

167 1480 43 25 Or
219 1477 101 33 raging
331 1476 115 27 Winter
457 1472 131 30 desolate
595 1476 49 27 the
660 1476 79 35 plain
750 1485 8 24 ;

167 1513 35 25 In
216 1512 90 27 forest
315 1510 69 25 bare
397 1517 30 19 as
439 1509 31 27 in
482 1509 49 27 the
543 1509 143 27 clustered
696 1510 109 30 bower,

167 1543 55 28 His
235 1543 115 27 various
361 1542 83 28 voice
454 1542 106 27 should
567 1542 93 35 hymn
674 1543 49 27 the
734 1542 123 35 -Varking
865 1542 85 27 hour.

164 1578 126 27 Seasons
299 1584 72 27 may
381 1575 120 35 change,
518 1576 57 27 and
586 1576 71 27 with
669 1576 80 27 them
761 1576 110 33 change
883 1573 54 35 the
945 1576 80 30 song,

164 1611 60 27 But
235 1609 54 27 full
301 1609 49 27 the
362 1609 60 27 tide
433 1608 33 28 of
474 1609 94 36 praise
580 1609 106 28 should
696 1609 145 36 pauseless
854 1613 74 31 pour
939 1606 87 33 along.

320 1754 106 38 THE,
446 1754 244 33 WEAVER'S
718 1753 135 36 WIFE.

446 1822 104 35 (From
567 1822 43 27 the
624 1820 107 31 same.)

255 1898 63 30 Our
329 1898 156 27 danghters
498 1904 47 19 are
556 1906 17 17 a
583 1896 161 27 handsome
756 1902 110 22 rare,—

290 1931 65 28 You
365 1931 113 27 wished
490 1931 80 25 them
581 1931 61 25 like
655 1934 30 22 to
696 1939 49 17 me
754 1931 6 30 ;

257 1965 63 27 Our
329 1972 71 22 sons
409 1964 72 31 they
493 1964 74 25 have
578 1964 77 27 their
665 1962 121 28 father's
798 1964 107 30 face,--

288 1998 28 25 A
328 1998 96 25 better
435 1998 106 25 cannot
551 1995 38 28 be
598 2005 47 24 ;—,

257 2031 47 31 Oh
318 2039 68 25 may
397 2030 77 27 their
485 2030 50 30 lot,
554 2038 31 19 as
597 2030 79 27 our's
687 2027 43 30 has
729 2027 16 30 .
751 2028 88 31 been,

290 2065 41 25 Be
342 2063 117 27 neither
468 2061 28 30 hi
496 2061 14 30 ,
510 2061 28 30 th
551 2071 54 19 nor
616 2065 69 30 low,
729 2061 5 33 •

255 2096 83 28 Then
351 2096 101 35 happy
463 2096 30 25 to
506 2096 77 25 their
592 2094 104 33 gravel
704 2094 35 27 of
745 2102 88 30 green

293 2131 74 25 Like
378 2137 44 24 us,
441 2131 30 25 at
480 2129 65 31 last,
564 2129 109 35 they'll
679 2135 36 28 go
724 2131 8 24 I

252 2206 85 28 Then
350 2206 43 28 let
402 2214 47 19 me
460 2206 63 25 kiss
534 2206 63 28 that
608 2206 117 33 comely
735 2206 106 33 cheek,

288 2239 225 28 Where.lineers
524 2239 58 28 still
595 2241 50 27 the
657 2239 85 28 smile
759 2239 5 28 .

252 2268 80 31 That
342 2274 117 28 eheer'd
469 2274 161 30 me„when
643 2272 52 30 the
704 2272 93 30 world
808 2280 60 19 was
879 2272 98 30 bleak,

285 2306 82 31 With
381 2313 88 19 many
482 2313 16 19 a
509 2306 132 33 pleasant
650 2306 76 27 wile.

250 2335 72 30 Thi4
334 2337 87 33 hand,
439 2339 61 27 that
515 2339 137 27 trembles
661 2339 68 28 now
742 2339 30 27 in
786 2340 88 31 mine,

283 2372 63 27 The
357 2369 61 30 tear
431 2369 61 30 that
506 2372 55 27 tills
573 2381 74 20 vn'ir
658 2380 65 30 eye,

252 2405 123 27 Cfmfesit
386 2413 58 19 rynr
449 2405 99 27 hearts
559 2406 90 27 knew
660 2416 38 16 no
712 2406 124 30 decline.

283 2438 61 27 Nor
356 2439 74 25 shall
441 2438 71 33 they
524 2439 44 25 till
581 2447 43 19 we
636 2439 47 25 die
693 2439 8 25 !

249 2510 66 28 God
323 2513 101 24 meant
436 2520 33 16 us
482 2510 44 25 for
534 2513 71 25 eaeh
619 2512 93 31 other,
731 2512 80 31 Will,

348 2543 139 30 hoth,our
498 2543 71 31 lives
581 2546 74 25 have
668 2553 55 19 run

249 2580 44 25 To
315 2573 91 36 ether,
427 2576 55 25 and
493 2584 49 25 are
553 2586 102 17 woven
669 2578 60 30 still

282 2609 74 31 LilTe
367 2611 90 24 many
468 2609 115 31 thiTarlA
597 2613 28 24 in
639 2617 57 22 (me
704 2611 44 25 !

246 2643 36 27 lin
296 2641 137 28 infancy.'
446 2641 14 24 I
472 2641 80 25 mind
564 2643 22 25 it
598 2643 77 30 well,

260 2672 3 33 •
285 2674 63 27 Our
357 2672 139 28 mothers.,
515 2672 28 27 in
556 2674 77 27 their
644 2676 14 30 ~
658 2676 60 30 lee;

246 2702 102 31 Paired
359 2706 91 28 Willy
463 2706 79 33 Gray
553 2709 71 24 with
638 2709 82 33 Lucy
731 2707 77 31 Ben,

280 2739 68 27 And
359 2746 31 19 so
400 2739 25 25 it
435 2746 83 17 came
529 2740 30 24 to
570 2740 47 25 he.

246 2813 69 27 And
328 2813 13 24 T
356 2811 76 25 recall
431 2811 13 25 -
454 2811 22 25 it
487 2809 79 27 fresh
578 2814 30 22 to
622 2811 93 30 mind,

309 2854 13 14 s
335 2846 101 24 'twerß
447 2843 52 33 hut

244 2876 98 27 Wi.en
356 2876 71 27 with
439 2871 139 30 011rlitfle
589 2871 93 31 Ewa,
694 2868 151 35 entwined'

276 2909 55 24 We
342 2907 145 30 SfraizTed
496 2907 83 25 miles
592 2909 93 33 array,

252 2942 65 27 Aril
331 2943 28 22 in
373 2942 49 25 the
435 2948 52 19 sun
502 2940 57 25 and
572 2942 28 24 in
614 2940 50 25 the
676 2942 101 30 shade,

282 2973 63 28 tnd
356 2975 41 27 br
408 2973 50 28 the
469 2973 102 27 river's
583 2973 72 31 side,

241 3009 55 27 We
307 3009 135 30 prattled,
460 3008 162 27 slont,.and
633 3005 117 31 walked
761 3006 58 28 and
830 3002 106 41 played

279 3044 87 27 From
380 3050 83 20 morn
474 3039 44 30 till
531 3043 145 27 eventide.

249 3191 99 38 THE
370 3194 164 33 HOMES
556 3192 58 35 OP
636 3189 243 36 ENGLAND.

430 3258 46 33 By
491 3258 68 27 Mrs.
573 3258 154 30 Horsasts.)

165 3331 65 28 The
238 3332 110 35 stittlir
359 3331 104 25 homes
474 3332 35 27 of
521 3331 145 33 England,

202 3376 74 27 How
288 3373 143 28 beautiful
443 3373 72 36 they
526 3373 101 28 stand!

167 3419 117 28 Amidst
296 3417 76 25 their
381 3417 52 28 tall
444 3417 142 27 ancestral
598 3416 88 35 trees,

198 3461 71 28 O'er
280 3460 38 30 all
329 3460 52 27 the
392 3458 134 36 pleasant
537 3460 85 27 land!

167 3506 66 30 The
244 3506 69 27 deer
324 3510 98 20 across
435 3502 76 28 their
521 3504 294 35 greensward'bound

197 3550 140 33 Through
348 3546 90 36 shade
449 3548 58 38 and
518 3543 96 36 sunny
625 3546 102 38 gleam,

165 3584 68 36 Aad
246 3586 49 33 the
307 3581 82 38 swan
400 3587 90 36 glides
502 3592 65 31 past
578 3589 83 28 them
671 3584 74 33 with
756 3591 49 27 the
816 3591 94 28 sound

194 3635 43 27 Of
249 3643 82 19 some
342 3635 140 33 rejoicing
493 3636 115 25 stream.

169 3699 76 35 Thii
244 3699 19 35 .
263 3699 192 35 merryNomes
466 3701 38 25 of
506 3699 17 33 -
523 3699 123 33 England
655 3701 8 24 !

198 3742 120 27 Around
331 3742 77 27 their
419 3742 118 31 hearths
548 3743 41 33 by
594 3743 76 33 nigh
674 3745 19 28 t,

161 3784 90 28 What
263 3784 145 35 Oadsome
419 3784 85 25 looks
515 3784 33 28 of
561 3784 164 28 household
735 3786 66 27 love

192 3828 82 27 Meet
287 3827 31 27 hi
329 3827 52 27 the
391 3827 99 35 ruddy
501 3827 74 35 light
584 3828 8 25 t

167 3871 96 27 There
276 3869 143 36 woman's
428 3869 83 33 yoiee
523 3869 82 28 flows
616 3871 80 28 forth
706 3872 31 27 in
746 3879 82 30 song,

197 3917 41 25 Or
249 3913 184 28 childhood's
446 3913 55 27 tate
512 3913 27 28 is
551 3913 80 33 told;
685 3913 5 33 -

161 3959 41 27 Or
282 3965 85 19 move
383 3957 146 36 tunefully
540 3957 87 36 along

183 3995 13 35 .
195 3995 82 35 14Onte
290 3998 126 36 gloribuS
427 3998 71 36 pake
509 3997 104 31 Orold.

161 4074 63 28 The
235 4072 118 28 blessed
362 4072 102 27 homes
476 4071 35 28 of
524 4071 146 35 England!

189 4113 46 39 110
249 4113 16 39 w
279 4113 90 39 softly
381 4113 38 31 on
430 4117 77 27 theit
518 4115 115 28 bcnirers

159 4164 30 27 Is
200 4164 60 25 laid
272 4164 49 27 the
334 4157 72 44 11(14;
417 4161 150 33 quietness

186 4202 77 31 That
272 4206 137 27 breathes
420 4205 76 25 from
509 4202 233 27 Sabbath-hours
753 4202 14 27 I.

154 4250 131 30 Solemn,
302 4250 52 35 yet
364 4247 101 31 sweet,
485 4244 49 28 the
545 4244 213 30 church-bell's
770 4239 94 35 chime

189 4293 98 28 Floats
298 4290 126 35 through
436 4287 79 28 their
526 4290 98 25 woods
635 4291 31 24 at
676 4294 98 24 morn,

156 4339 49 27 All
219 4339 85 27 other
312 4335 112 28 sounds
435 4334 30 27 in
477 4332 63 27 that
553 4334 58 27 still
622 4334 74 27 time

187 4383 41 24 Of
241 4383 107 24 breeze
356 4380 58 25 and
425 4376 63 28 leaf
501 4384 47 20 are
564 4380 85 25 born.

153 4452 66 28 The
230 4454 115 33 cottage
356 4449 104 27 homes
471 4447 33 27 of
517 4447 148 36 England!

187 4498 46 33 By
244 4493 161 28 thousands
416 4493 39 27 on
465 4491 55 28 her
529 4494 104 33 plains,

150 4542 88 30 They
249 4543 49 22 are
309 4534 118 35 smiling
438 4537 61 27 o'er
509 4537 50 28 the
570 4539 109 33 silvery
690 4532 107 30 brook,

186 4581 68 25 And
265 4576 96 28 round
370 4578 50 27 the
431 4580 98 33 hamlet
529 4580 16 33 7
545 4580 101 33 fanes.

151 4622 140 36 Through
302 4620 126 36 glowing
438 4622 137 28 Ofehards
587 4624 77 27 forth
679 4620 69 33 they
764 4627 82 27 peep,

186 4668 80 25 Each
279 4665 76 35 from
367 4661 38 30 its
416 4665 80 28 nook
512 4666 35 27 of
557 4658 113 36 leaves:

156 4710 68 28 And
235 4709 118 33 fearless
365 4710 82 25 there
460 4710 49 25 the
526 4709 87 35 lowly
624 4710 94 31 sleep.

189 4754 43 27 As
244 4753 52 27 the
307 4750 65 30 bird
383 4751 128 30 beneath
523 4751 74 28 their
608 4759 96 20 eaves.

148 4820 63 27 The
224 4819 61 27 free
298 4817 55 27 fair
364 4813 102 33 homes
477 4813 33 30 of
521 4816 135 35 England
665 4817 8 25 !

184 4858 90 39 Lonk,
296 4861 68 33 long
375 4861 30 25 in
416 4854 107 33 huland
523 4854 19 33 .
550 4861 60 25 hall

150 4907 74 36 May
235 4907 99 30 hearts
348 4904 33 28 of
394 4902 98 28 native
504 4902 87 36 proof
603 4902 38 28 be
654 4904 102 28 reared

183 4953 44 27 To
238 4950 90 36 guard
339 4943 72 33 each
422 4946 145 27 hallowed
578 4946 74 28 wall.

150 4997 68 27 And
227 5002 88 30 green
326 4994 46 27 for
383 5000 69 20 ever
463 4992 36 27 be
512 4991 49 27 the
575 4998 113 28 groves.

181 5039 68 28 And
260 5038 99 38 bright
370 5036 49 30 the
431 5036 121 36 flowery
564 5036 63 35 sod,

148 5085 107 38 '(here
268 5083 69 28 first
340 5083 52 28 the
402 5083 107 27 child's
518 5083 66 36 glad
595 5083 87 36 spirit
691 5083 80 30 loves

181 5124 30 41 It
227 5124 14 41 4
257 5124 104 41 country
373 5128 58 30 tmd
446 5131 39 27 its
498 5129 77 28 GOD.

323 5287 69 30 MY
413 5287 178 35 NATIVE
608 5287 88 35 'LAND.
742 5287 14 35 •

6 5335 115 39 (Frain
132 5326 52 38 the
198 5328 85 35 New
294 5324 107 47 Operii
416 5335 33 28 of
509 5335 60 30 The
583 5334 150 43 Nunnery
746 5339 39 39 of
802 5340 44 30 St.
861 5340 117 39 Mary's
994 5342 83 39 Isle.)

345 5417 208 24 RECITATIVE
578 5419 68 20 AND
671 5420 66 20 AIR.

118 5485 124 38 Edwin,
255 5485 61 31 thi
326 5485 150 31 Minstrel
490 5485 88 38 Page
594 5487 33 30 of
646 5487 74 30 Mac
735 5485 225 38 daillenmgre.

436 5572 217 24 RECITATIVE.

14 5606 135 44 Beyond
165 5606 52 33 the
231 5603 123 38 Ocean,
369 5613 43 22 on
425 5613 19 22 a
458 5603 120 33 distant
592 5603 123 43 foreign
731 5603 101 41 shore,

14 5650 121 35 Whose
153 5647 83 31 skies
250 5655 54 22 are
320 5654 72 20 ever
405 5643 118 47 bright,
537 5644 63 31 and
616 5644 164 43 blooming
794 5646 43 31 all
850 5646 54 31 the
921 5646 132 41 Strand,

14 5690 38 31 In
68 5701 54 28 my
135 5688 126 31 dreams
277 5683 17 33 I
309 5683 82 31 shall
406 5685 107 33 revisit
526 5687 66 30 o'er
605 5685 52 31 the
676 5687 112 31 wave's
805 5698 71 24 roar

11 5729 69 31 The
98 5728 74 33 land
180 5729 36 30 of
225 5724 195 38 Mountains,
436 5724 109 33 clouds
553 5724 65 33 and
631 5728 211 33 storms—Mv
861 5729 117 31 Native
991 5728 102 33 Land.

167 5805 93 43 Deep
276 5797 118 39 Glens!
417 5814 76 31 pure
509 5808 148 30 streamS!
683 5806 71 33 with
770 5817 63 33 you

169 5847 55 30 All
236 5857 57 31 my
307 5844 165 33 affections
483 5846 85 31 shall
580 5844 145 33 dwell.—

175 5887 120 36 Scenes
310 5887 36 33 of
362 5894 54 31 my
427 5887 112 41 youth,
553 5885 123 31 Adieu!

164 5923 128 33 Scotia!
315 5921 153 43 Beloved,
483 5924 173 33 Farewell!

150 6060 80 33 THE
230 6060 27 33 E
268 6061 309 33 ANATOMICAL
600 6061 306 35 ENTHUSIAST.

5 6173 71 30 The
88 6173 157 30 structure
271 6172 36 30 of
321 6172 55 30 the
395 6170 104 36 brain,
517 6170 65 31 and
595 6170 52 30 the
663 6172 224 39 investigation
902 6173 35 30 of
948 6173 54 30 the
1016 6173 57 41 phe-

2 6209 104 46 nnena
120 6209 178 33 connected
310 6209 77 31 with
406 6216 109 25 matter
535 6209 71 35 and,
620 6209 102 38 mind,-
731 6209 80 31 have
831 6213 77 39 long
921 6213 169 43 employed

3 6265 16 19 e
43 6250 181 33 researches
247 6250 36 30 of
306 6250 52 30 the
384 6254 85 27 most
494 6249 180 31 celebrated
694 6249 227 39 philosophers.
972 6255 30 28 A
1024 6254 63 33 Mr:

5 6302 110 20 erman
131 6288 93 33 Golti
243 6288 115 41 passed
369 6294 99 35 many
480 6294 93 35 years
587 6287 31 31 in
635 6287 194 31 anatomical
846 6288 241 49 investigations

5 6331 60 35 The
74 6326 109 41 'brairi,
200 6329 65 30 and
279 6329 33 30 in
328 6328 238 41 endeavouring
586 6329 33 28 to
638 6329 87 36 trace
750 6328 52 30 the
824 6328 189 35 connection
1033 6332 52 33 be-

2 6362 63 52 teen
82 6372 43 33 its
137 6369 194 33 marvellous
342 6367 65 31 and
427 6367 39 31 its
488 6365 173 43 important
682 6362 80 36 uses.
772 6362 2 52 •
805 6367 44 31 At
858 6369 71 41 last,
939 6370 14 44 -
953 6370 137 44 despair.:

2 6406 68 49 g-of
79 6409 161 39 attaining
252 6409 54 30 the
320 6409 54 30 end
373 6409 19 30 ,
402 6408 35 30 of
454 6406 145 41 hisleng
622 6406 65 31 and
709 6406 181 33 wearisome
912 6409 156 46 investiga-

2 6447 55 47 ins,
74 6449 39 31 he
129 6449 88 39 hung
238 6447 129 31 himself
383 6447 33 31 in
438 6447 49 30 his
509 6447 172 39 dissecting
702 6458 98 28 room,
817 6447 63 33 and
896 6460 61 24 was
972 6455 110 39 nearly

2 6485 120 44 tvoured
135 6488 41 41 by
192 6488 52 30 the
258 6491 65 33 rats
339 6488 107 30 before
461 6485 123 38 hiiloss
598 6498 63 20 was
679 6487 197 35 discovered.
918 6491 61 31 His
994 6494 87 31 work

2 6521 3 50 t
22 6524 50 30 the
87 6524 213 47 topography
301 6524 63 33 :MA
389 6523 239 36 nomenclature
654 6524 36 33 of
704 6521 54 38 the
781 6529 142 33 cerebral
946 6542 82 22 mass
1054 6535 25 30 is

41 6561 134 35 e'itant.•
202 6567 120 28 'Before
335 6567 39 30 he
389 6564 184 35 committed
584 6565 129 38 suicide,
732 6567 39 31 he
791 6573 106 35 wrote,
913 6581 41 20 on
978 6581 19 20 a
1017 6573 60 43 slip

150 6603 52 31 the
222 6603 162 43 following
406 6606 198 31 remarkable
628 6606 123 36 words:
893 6620 87 22 more
1000 6611 76 33 than

2 6643 79 52 'enty
94 6650 91 27 years
208 6643 14 30 I
244 6643 80 31 have
348 6646 135 41 pursued
506 6657 19 19 a
548 6647 162 39 phantom,
726 6657 43 20 an
783 6650 82 44 iris
868 6649 123 39 fatuus,
1008 6652 71 31 that

2 6674 20 52 is
36 6674 139 44 decoyed
189 6685 50 24 the
254 6682 66 31 into
334 6685 195 39 misery-and
543 6687 80 30 ruin.
657 6687 68 39 'My
745 6688 102 28 vision
861 6688 63 30 •has
945 6690 131 31 become

13 6710 74 38 dint,
101 6715 71 28 that
187 6717 13 28 I
216 6728 60 22 eau
298 6721 386 43 nolonger-diStinguish
706 6724 54 33 the
781 6726 121 38 objects
918 6729 38 28 of
962 6732 54 36 my
1028 6739 47 22 re-
1088 6710 2 58 ,

2 6746 93 60 arch;
120 6762 30 19 m
187 6754 85 31 hand
287 6757 25 30 is
332 6762 52 28 too
405 6762 175 30 tremulous
598 6769 31 25 to
650 6764 77 35 bold
745 6765 52 33 the
820 6767 126 39 scalpel.
991 6772 69 30 Uun

2 6784 55 60 ted,
69 6789 43 27 in'
124 6792 28 41 th
153 6792 14 41 r
167 6792 175 41 fe,eigikruel
361 6798 106 38 house,
487 6802 8 28 1
494 6802 8 28 .
502 6802 8 28 .
523 6802 79 31 have
624 6803 79 30 been
728 6806 167 38 estranged
915 6806 82 36 from
1019 6819 38 25 pa-

2 6824 60 28 re's
79 6825 132 55 fair:o4
211 6825 19 55 ,
230 6825 153 55 iiivAill
395 6841 16 36 .
411 6841 206 36 prospects---1
631 6843 79 30 have
724 6844 241 35 etiltiiratgd.rio
965 6844 14 35 .
980 6844 93 35 inan's

3 6861 156 44 enchihip.;
159 6861 14 44 ;
173 6861 126 44 not-Seai
299 6861 16 44 g
315 6861 31 44 ht
359 6876 47 27 for
420 6877 52 28 the
493 6879 146 33 affection
660 6880 35 30 of
713 6891 134 30 wotnn.n,

876 6885 27 35 ,1
920 6887 88 39 have,
1024 6887 33 35 in-

68 6894 79 41 iefia
164 6898 22 31 .n
200 6902 54 30 the
261 6906 128 33 -charms
405 6913 31 28 of
457 6913 128 41 society,
600 6917 52 31 the
924 6926 36 30 of
980 6928 88 36 wine,

2 6937 164 61 e,delights
178 6939 35 28 of
224 6950 19 19 a
257 6940 148 36 deruestic
424 6957 139 33 partner,
578 6956 61 28 and
660 6957 54 30 the
735 6959 194 35 blessechieSs
942 6965 36 30 of
994 6965 63 33 chil-

2 6975 38 72 en
54 6978 106 39 ;—Lot
176 6975 14 31 C
206 6975 77 35 have
301 6980 79 33 been
394 6995 17 20 a
425 6991 126 41 sOlitaty
559 6995 132 30 -student
702 6975 6 72 :
734 7003 93 25 water
841 7002 54 30 has
917 7003 80 33 been
1017 7014 52 33 my

2 7019 35 63 .1y
54 7020 175 39 beverage:
254 7025 41 20 no
309 7019 109 35 female
438 7035 61 20 can
512 7035 169 33 'approach
706 7046 47 19 Inc
772 7038 71 28 with
861 7043 206 39 attachisient,

2 7054 22 68 ,b
35 7069 68 25 can
110 7069 19 19 a
143 7054 85 35 child
250 7065 90 20 curse
361 7065 55 24 inn
431 7065 47 30 fox
480 7054 3 68 :
502 7065 38 30 iti
561 7069 170 31 existence.
772 7072 49 31 TO
835 7079 60 33 live
918 7080 110 41 ledger
1043 7083 27 30 is

2 7093 170 58 eless--the
194 7098 69 38 past
288 7093 55 30 has
364 7094 79 33 been
468 7106 238 39 inisemployed;
720 7110 52 30 the
781 7115 170 36 pi'egelit'is
964 7123 91 28 We:Ari-

2 7132 55 50 l:4;w;
72 7139 63 33 Arid
153 7139 16 31 I
186 7134 63 35 will
261 7132 239 41 ailtiapate'the
513 7139 102 33 future
767 7146 14 36 -
781 7146 123 36 Deklay..
1088 7132 2 50 1

1540 132 304 46 THOITNtLY'S
1865 132 227 49 AtilikESS.

1271 216 58 28 To'
1339 216 83 36 THE
1438 220 156 28 EDITOR
1611 224 54 31 OF
1680 225 83 27 THE
1780 224 233 33 LIVERPOOL
2028 227 227 30 ST.4IND4RD.

1247 258 183 43 Stn,—The
1446 276 200 33 amarance
1666 269 36 31 of
1720 269 55 31 the
1791 269 131 39 journal
1935 274 31 30 to
1986 272 39 33 be
2044 271 169 44 published
2225 271 99 31 under

1208 317 77 31 your
1296 312 157 31 direttion
1479 313 120 44 having
1619 309 258 52 heen'regurded'
1894 315 72 38 with
1983 328 33 27 so
2041 324 96 31 much
2159 321 162 43 rierimony,

1208 364 54 27 not
1271 365 31 28 to
1317 369 57 36 say
1376 364 88 41 fear,
1482 365 41 41 by
1534 365 52 31 the
1598 365 87 35 Live.
1687 367 72 43 pool
1762 367 139 39 .Totirnat,
1915 370 129 46 induces
2057 384 50 20 me
2120 380 16 25 t
2135 380 16 25 o
2167 370 58 31 feel
2236 373 74 33 satin-

1192 405 2 50 ;
1205 408 61 35 fled
1279 405 71 41 that,
1361 424 80 30 your
1455 417 142 30 columns
1609 417 65 33 will
1685 419 38 31 be
1739 416 135 39 devoted
1885 420 31 30 to
1928 422 52 31 the
1991 424 227 31 maintenance
2230 420 35 31 of
2272 422 50 31 the

1192 450 2 65 I
1205 458 139 43 Throne;
1361 463 54 31 the
1427 466 142 38 Church,
1589 468 57 30 the
1657 469 217 39 Aristocracy,
1890 468 69 35 acid
1970 472 54 31 the
2035 474 123 41 People
2180 468 33 35 at
2224 469 98 44 large,

1206 507 31 31 in
1252 510 82 33 their
1345 510 131 35 relative
1485 517 68 39 just
1565 520 217 39 prerogatives
1797 517 66 31 and
1874 520 109 41 righti,
1997 523 66 31 and
2076 529 57 25 not
2145 528 30 28 to
2189 521 52 43 the
2254 520 54 46 shy-

1205 564 71 33 port
1287 564 35 30 of
1328 557 217 47 Ehat'fizetio'n:
1557 562 94 36 warm
1668 564 39 43 in,
1715 565 82 35 their
1806 564 153 43 applause
1972 573 35 31 of
2014 584 19 20 a
2047 565 277 50 penny-wise-and

1202 613 236 33 pound-foolish
1449 616 269 35 Administration
1729 630 8 27 ;
1764 617 65 31 and
1844 617 60 33 this
1928 616 181 41 cohvikion
2121 622 87 35 leads
2222 631 50 19 me
2293 625 31 27 to

1205 657 123 35 cherish
1348 672 19 22 a
1386 665 82 41 hope
1490 666 71 31 that
1581 668 52 31 the
1658 668 164 41 following
1844 679 153 33 exposure
2019 674 36 30 of
2074 683 85 30 some
2183 674 88 39 parts
2283 672 41 30 .of

1205 706 60 43 Mr.
1282 707 192 50 ThOinely'S
1487 709 139 41 Address
1638 720 38 31 to
1682 718 55 31 the
1750 713 146 36 EleCtOi-s
1910 718 35 35 of
1964 717 60 38 this
2041 729 83 25 town
2137 717 66 38 will
2225 717 68 36 find
2307 731 17 20 a

1512 754 3 9 ,
1529 754 3 9 .

1202 756 88 39 place
1304 762 33 38 in
1353 764 77 39 your
1444 773 106 31 paper.

1241 809 90 33 With
1345 813 52 33 the
1411 816 87 31 three
1520 817 69 31 first
1597 817 195 41 paragraphs
1809 820 36 28 of
1865 820 66 33 that
1948 824 58 31 Add
2006 824 80 31 ress
2104 820 17 46 (
2121 820 54 46 con
2175 820 145 46 taining;

1202 863 35 24 as
1246 858 77 33 ther
1334 860 11 43 d
1345 860 13 43 c
1357 860 25 43 i;
1397 857 13 54 i
1409 857 291 54 irwitely'kitipl'y'itf
1709 865 61 35 'the
1786 869 184 33 affirinative
1989 879 30 27 to
2035 885 19 20 a
2068 869 191 46 requi'sition

1200 909 104 44 viting
1318 910 65 35 him
1394 920 31 30 to
1438 928 88 20 come
1540 917 135 44 forward
1685 928 35 33 as
1732 929 20 33 a
1764 920 169 39 candidate
1943 923 49 31 for
2005 924 52 31 the
2068 924 252 43 representation

1200 961 36 30 of
1246 961 61 33 this
1320 969 115 36 town,)
1463 956 47 41 we
1520 967 82 31 have
1611 969 85 30 little
1709 961 91 38 other
1811 973 230 31 concern'than
2057 980 31 27 to
2102 975 87 31 draw
2200 973 63 31 this
2276 975 30 30 in-

1200 1009 135 41 ference,
1362 1016 69 30 that
1452 1016 87 33 since
1553 1017 39 31 he
1617 1017 25 31 is
1789 1019 74 31 field
1885 1020 24 31 it
1921 1022 60 31 bell
1983 1025 14 30 -
1997 1025 60 30 eves
2079 1020 96 44 every
2189 1025 131 33 lover•of

1198 1061 66 31 real
1285 1065 63 30 and
1362 1066 239 39 constitutional
1617 1063 161 50 libeity,to
1792 1068 90 33 leave
1898 1082 41 20 no
1953 1074 173 39 eipedient
2139 1074 128 31 untried
2290 1080 30 28 to

1197 1121 118 31 secure,
1331 1120 55 25 not
1400 1115 47 31 his
1461 1115 146 38 electioti,
1622 1118 60 31 but.
1693 1120 47 30 his
1756 1120 112 33 defeat.

1238 1162 61 31 Mr:
1312 1164 164 43 Thornely
1490 1167 71 30 tells
1573 1176 38 22 us
1625 1169 69 30 that
1707 1169 52 31 the
1783 1170 113 31 Reform
1896 1170 19 31 ,
1915 1170 77 31 Bill
2006 1172 27 31 is
2046 1184 19 20 a
2230 1172 61 36 Mea-

1346 1213 90 41 No*,
1465 1216 31 38 if,
1520 1220 35 27 as
1578 1217 13 30 I
1616 1220 145 36 pfestiln!
1786 1220 38 30 he
1841 1220 82 38 (loos,
1948 1222 41 41 by
2202 1225 63 33 Mr.
2279 1228 33 33 T,

1195 1272 110 20 means
1515 1266 13 31 I
1542 1265 52 33 'ain
1609 1272 31 25 at
1654 1279 17 20 a
1685 1268 61 33 loss
1770 1274 30 27 to
1816 1272 156 30 reconcile
1995 1274 61 31 this
2069 1276 77 33 with
2156 1276 85 30 what
2260 1277 39 33 fol-

1197 1312 82 38 lows,
1307 1315 137 39 namely,
1506 1317 13 30 I
1534 1317 82 30 shall
1630 1317 36 30 be
1682 1318 96 31 much
1792 1320 157 39 mistaken
1967 1323 27 30 if
2013 1323 52 31 the
2087 1324 137 41 ensuing
2235 1328 63 33 elec-

1194 1362 85 31 tions
1290 1362 39 31 do
1342 1367 57 28 not
1411 1364 216 35 demonstrate
1649 1367 52 31 the
1715 1369 159 43 necessity
1893 1372 44 30 Of
1937 1372 170 44 'resorting
2124 1375 31 31 to
2170 1375 82 33 Vote
2271 1378 41 43 by

1195 1413 50 30 BA
1252 1413 17 30 L
1276 1414 39 30 IA)
1387 1409 13 49 '
1400 1409 143 49 l3utsliivts
1543 1409 13 49 .
1556 1409 13 49 7
1569 1409 13 49 '
1581 1409 25 49 ll
1606 1409 13 49 ,
1619 1409 27 49 ll
1646 1409 14 49 .
1660 1409 14 49 .
1690 1416 36 33 T.
1735 1411 121 39 'tin''be
1871 1413 219 43 thC'adVOCate
2104 1425 35 31 of
2151 1436 19 20 a
2183 1422 128 46 system,

1194 1472 35 20 so
1241 1463 176 43 degrading
1430 1469 30 27 to
1474 1465 50 33 the
1539 1468 58 41 fee'
1597 1468 14 41 t
1611 1468 60 41 ings
1685 1469 36 30 of
1734 1469 140 39 Britons,
1901 1483 33 19 so
1948 1472 189 44 derogatory
2150 1480 31 27 to
2194 1476 52 33 the
2260 1490 35 19 ex-

1194 1510 85 33 alted
1293 1513 165 38 character
1471 1517 36 30 of
1515 1515 52 31 the
1581 1517 137 41 English
1734 1520 121 38 nation,
1871 1528 41 25 do
1926 1532 41 20 no
1981 1524 241 41 othergrounds
2235 1528 76 31 than

1194 1562 54 31 the
1260 1567 82 27 most
1353 1564 69 41 dire
1436 1565 165 44 necessity,
1620 1569 154 44 resulting
1787 1570 80 31 from
1880 1572 54 31 the
1945 1565 90 39 abuse
2046 1576 36 30 of
2090 1573 52 33 the
2153 1572 156 38 iiiilnCifee

1194 1602 36 41 of
1247 1611 161 35 latullOrds
1422 1608 219 46 atlmastei•S,
1726 1628 9 25 ;
1759 1614 65 36 and
1844 1613 74 39 here
1932 1633 43 19 we
1991 1620 79 33 have
2085 1617 61 39 Mr.
2257 1631 36 30 ad-

1194 1663 129 31 mission
1339 1663 68 30 that
1428 1665 52 30 the
1502 1676 76 30 very
1600 1668 150 41 working.
1764 1669 36 31 of
1814 1669 71 33 that
1904 1671 79 43 bill,:
1994 1672 102 31 which
2118 1676 38 30 its
2176 1677 132 33 framers

1192 1712 129 30 assured
1334 1721 36 20 us
1383 1720 63 24 was
1457 1713 91 39 final;
1570 1717 63 30 and
1646 1717 178 33 calculated
1836 1723 31 28 to
1887 1728 126 25 remove
2024 1724 44 30 all
2079 1724 110 31 abuses
2203 1728 33 30 in
2241 1739 16 22 -
2257 1739 52 22 our

1194 1757 246 44 representative
1454 1761 128 44 systent;
1602 1759 206 46 and'furthei,
1833 1764 142 38 the'Sure
1989 1765 63 38 and
2065 1775 74 41 only
2151 1776 112 33 means
2277 1775 35 47 of

1192 1813 150 41 avoiding
1356 1806 71 36 Vote
1439 1809 41 44 14
1493 1813 109 39 ballot,
1620 1814 61 39 will
1696 1809 191 39 render'this
1899 1825 82 28 most
1995 1822 176 35 obnoxious
2186 1828 63 30 and
2261 1835 31 25 re-

1194 1857 121 46 volting
1326 1872 143 22 measure

1230 1912 68 30 The
1320 1917 79 27 next
1420 1913 150 30 'sentence
1591 1912 101 33 which
1713 1917 151 33 demands
1887 1929 57 20 our
1964 1923 157 31 attention
2145 1924 35 39 is,
2238 1920 44 39 Th
2282 1920 22 39 e

1877 1961 16 6 ~
2065 1961 3 13 •
1578 1961 3 13 •
1701 1961 3 13 •
1772 1961 6 13 ,
1792 1961 3 13 .
1890 1961 3 13 •
1957 1961 3 13 •

1192 1959 216 44 preservation
1419 1959 151 44 of'iieace
1583 1964 74 46 with
1669 1964 124 44 foreign
1808 1972 161 30 countries
1983 1978 85 25 must
2079 1965 39 39 he
2132 1975 52 38 the
2200 1976 104 39 object

1191 2013 35 30 of
1233 2020 94 33 every
1339 2011 82 43 good
1847 2017 83 41 then,
1946 2020 28 30 it
1983 2020 25 31 is
2020 2027 57 27 not
2090 2025 60 31 Mr.
2164 2027 121 33 Thorne-

1191 2063 58 39 ly's
1265 2061 157 31 intention
1436 2066 31 27 to
1477 2068 135 35 support
1625 2072 19 22 a
1657 2065 58 30 bad
1728 2066 227 43 Government,
1978 2071 112 39 which;
2170 2076 46 33 his
2235 2085 69 25 own

1189 2110 157 43 showing;
1367 2121 57 22 our
1435 2110 151 44 Mini4ry
1602 2124 52 20 are
1665 2126 9 27 ;
1698 2115 50 31 for
1757 2117 43 30 he
1819 2113 118 36 cannot
1961 2117 49 36 be'
2022 2123 148 41 ignorant
2194 2123 69 38 that
2280 2121 24 39 it

1189 2161 55 33 has
1257 2159 167 44 appeared,
1441 2162 25 30 it
1483 2165 31 38 to
1528 2164 54 31 the
1594 2170 195 39 uijcisumifig
1805 2156 87 54 Lo'rd
1904 2167 101 46 Grey,,
2022 2173 52 38 the
2090 2176 115 39 pacific
2219 2176 85 33 Lord

1191 2209 154 39 Durham,
1359 2211 65 31 and
1436 2211 52 31 the
1501 2217 154 39 sagacious
1669 2216 87 31 Lord
1769 2217 209 38 Palmerston,
1995 2225 31 27 to
2036 2228 186 28 commence

1646 2265 54 30 old`
1709 2257 180 41 PiiitAtiiiit
1901 2269 99 39 allies,
2024 2272 50 30 the
2091 2272 121 41 Diitch;
2233 2279 71 39 thus

1186 2310 120 47 making
1306 2310 20 47 .
1326 2310 41 47 us
1378 2310 52 46 the
1444 2312 66 46 tool
1523 2313 36 31 of
1567 2309 222 55 revolutiin'!a4
1800 2309 183 55 40Alidel
2000 2317 120 38 France
2132 2309 6 55 ;
2153 2309 2 55 •
2164 2326 63 31 and
2243 2321 61 38 this

1187 2365 58 30 too.
1254 2361 39 35 wi
1294 2361 90 33 'Wont
1395 2364 80 30 even
1488 2359 183 47 consulting
1679 2365 52 36 the
1746 2362 202 41 Parliament
1962 2383 36 19 or
2013 2373 52 31 the
2077 2375 123 41 people.
2233 2378 71 31 The

1186 2413 126 33 former,
1328 2413 33 27 to
1372 2409 38 41 be
1425 2422 79 27 sure,
1520 2413 27 30 is
1562 2417 55 27 not
1628 2411 120 47 sitting,
1767 2416 131 38 (thanks
1913 2417 391 54 tolheteltiiiistworkind

1186 2461 38 30 of
1233 2458 54 31 the
1298 2457 87 41 bill,)
1531 2460 87 35 i=liice
1630 2461 41 35 Of'
1676 2461 55 35 the
1739 2463 107 35 latter'
1847 2465 31 33 Is`
1890 2466 268 44 noiir'ialSed';and
2157 2466 16 44 .
2173 2466 65 44 will
2250 2490 50 20 ere

1189 2501 74 49 :Ong
1274 2507 41 39 13,e
1329 2502 106 46 heard,
1452 2513 153 39 speaking
1619 2513 35 30 in
1668 2520 126 28 accents
1850 2513 135 46 thunder
1997 2513 22 47 to
2019 2513 13 47 .
2043 2520 85 35 Loid
2142 2518 85 47 Grey
2238 2531 63 30 and

1186 2557 49 30 his
1244 2557 77 36 tribe
1321 2557 16 36 ;
1350 2559 187 44 amitelling
1550 2564 85 31 those
1644 2564 117 31 who-so
1770 2565 96 41 lately
1877 2567 146 35 declared
2033 2573 266 38 allinterferen6e

1186 2608 33 28 in
1235 2605 52 31 the
1299 2606 106 33 affairs
1416 2595 39 46 laf
1461 2605 233 41 thecoittiiicht
1704 2614 33 33 tb
1748 2609 38 36 be
1808 2606 192 54 contratTi'o
2013 2617 287 58 thn'sdanttpolicy

1186 2657 35 30 of
1241 2647 161 49 England,
1414 2647 82 50 !that
1699 2654 80 44 liavt
1794 2676 41 22 no
1846 2654 102 46 (Leslie
1961 2661 31 39 to
2008 2657 200 63 bie'invYlved
2280 2690 20 19 a

1186 2702 156 43 flagitious
1354 2699 61 43 wall
1427 2707 76 36 with
1510 2698 208 58 il4:cOinitri
2025 2706 57 55 !tie
2209 2735 88 22 Caine

1183 2761 31 24 to
1227 2753 150 38 establish
1392 2753 139 41 olar'oviil
1545 2751 139 44 lTheittes
1694 2765 24 38 ;)
1728 2761 69 36 that
1809 2759 76 49 thgy
1898 2764 83 38 Wavg
1998 2783 43 22 no
2052 2764 200 43 .'inaintition
2266 2783 31 27 to

1183 2794 61 41 add
1258 2809 50 36 yet
1320 2802 96 39 more'
1422 2813 126 41 heavily
1559 2819 35 27 to
1608 2811 54 35 thd
1674 2816 153 31 btifthens
1841 2817 35 30 of
1887 2817 50 31 the
1950 2820 143 44 auntitit,
2109 2824 33 33 fed
2154 2824 71 44 ji1t:1
2225 2824 11 44 .
2236 2824 24 44 04
2260 2824 11 44 4
2271 2824 25 44 5e

1183 2846 50 39 the
1246 2850 96 47 taXes,
1359 2866 30 25 to
1402 2858 173 44 imPdverisli
1575 2858 16 44 .
1591 2858 80 44 still
1677 2866 126 39 farther
1813 2876 22 20 a
1844 2876 137 33 revenue
1994 2872 260 38 which—thanks
2265 2880 31 28 to

1181 2904 50 33 the
1244 2906 148 38 blunders
1405 2907 36 36 of
1452 2912 52 33 the
1520 2913 117 41 Whigs
1649 2915 63 31 and
1724 2913 54 33 the
1791 2913 172 43 principles
1975 2921 35 30 of
2020 2921 61 33 Mr.
2098 2924 198 46 Fructiti&g

1181 2954 126 36 Poulett
1318 2961 249 44 Thompson—is
1583 2964 137 41 unequal
1732 2969 31 27 to
1778 2967 85 28 meet
1874 2965 52 30 the
1939 2964 357 50 eXpenditurel'flait

1180 3006 24 30 is
1216 3002 148 49 contrary
1380 3016 31 27 to
1422 3011 83 31 their
1520 3013 74 30 wish
1606 3017 33 27 to
1652 3014 126 33 involve
1792 3016 44 30 all
1852 3014 126 44 Europe
1992 3020 35 41 in
2044 3033 20 19 a
2079 3024 129 39 general
2219 3028 79 38 *4r,

1178 3057 35 30 of
1222 3057 101 35 which
1335 3069 46 22 we
1394 3071 76 31 may
1482 3072 49 19 see
1546 3061 52 31 the
1611 3068 282 39 commencement,
1915 3066 57 35 but
1983 3076 58 38 not
2052 3072 52 31 the
2118 3074 72 33 end.
2233 3076 61 35 Let

1181 3106 63 33 Mr:
1255 3109 162 44 Thornely
1431 3110 94 33 listen
1550 3113 31 30 Co
1597 3113 61 31 this
1680 3109 50 36 ere
1748 3115 39 30 he
1795 3104 83 55 'laud
1890 3117 50 31 the
1961 3121 208 44 proceedings
2183 3124 38 31 of
2241 3128 52 30 the

1176 3157 183 44 incapablei;
1372 3164 31 27 to
1416 3156 20 35 a
1449 3159 110 43 people
1570 3172 71 33 now
1655 3159 169 46 disgusted'
1830 3162 170 43 withtheir
2011 3165 165 41 misdeeds.

1213 3206 35 33 If
1254 3208 85 31 these
1353 3198 140 44 remarks
1504 3222 54 20 are
1569 3213 131 33 deemed
1710 3216 121 41 worthy
1844 3216 35 30 of
1885 3227 19 20 a
1913 3217 90 43 place
2017 3220 31 31 in
2063 3233 82 30 your
2148 3227 140 39 journal,

1175 3258 14 30 I
1205 3258 71 36 will,
1294 3269 41 20 on
1350 3269 20 20 a
1381 3260 106 31 future
1499 3263 157 38 occasion,
1682 3268 112 27 return
1808 3263 102 50 tn'tli
1910 3263 17 50 .
1928 3263 225 50 eonsideration
2175 3276 36 30 of
2228 3276 61 33 this

1172 3309 143 41 preciouS
1329 3299 342 50 ge&Otltadicalisin
1682 3313 63 31 and
1757 3306 351 55 Wliigglsiii:otirs,
2124 3318 57 39 &e.

1211 3359 74 31 Nor.
1304 3359 44 39 19,
1365 3361 76 33 1833
1443 3384 8 8 .

1724 3357 3 46 .
1898 3357 351 46 CONSERVATOR.

1271 3428 271 39 TilE‘EbrIUR
1644 3431 353 44 TRE'L/PIEIiP6O:L
2019 3436 249 46 STANDARD.

1209 3510 35 33 Si
1250 3509 17 44 n
1268 3509 17 44 i
1285 3509 87 44 l-Ai
1383 3524 20 22 a
1416 3513 88 39 lover
1509 3501 36 46 of
1556 3526 54 31 my
1624 3520 162 38 country's
1792 3518 143 39 liberties
1945 3523 63 31 and
2016 3523 170 43 happiness
2197 3528 14 31 I
2220 3528 65 33 hail

1257 3553 173 43 unfeigned
1444 3553 208 39 satiSfaCtion,
1668 3551 52 36 the
1737 3565 145 33 prospect
1898 3570 69 25 now
1981 3564 140 35 afforded
2134 3565 57 31 the
2202 3569 83 44 truly

1170 3591 137 44 English
1329 3595 94 38 party
1444 3594 35 33 of
1496 3594 63 33 this
1581 3598 93 35 town,
1699 3598 35 30 of
1759 3598 180 44 possessing
1962 3613 41 20 an
2028 3613 99 33 organ
2151 3606 36 30 of
2203 3606 82 36 their

1167 3628 195 39 sentiments,
1381 3631 63 30 and
1493 3630 250 35 hulwarklifthe
1761 3638 197 35 institutions
1969 3643 68 39 ihq
2046 3641 162 41 venerate;
2220 3646 65 30 and

1170 3666 68 31 that
1254 3668 43 31 all
1309 3668 80 39 have
1405 3669 134 41 profited
1553 3671 41 41 by
1609 3672 102 41 living
1724 3674 112 31 under.
1924 3694 17 6 ..

1206 3706 57 43 You
1263 3706 19 43 ;
1293 3706 79 38 have
1389 3709 107 41 befoTe
1512 3720 61 28 you
1586 3720 27 19 tr
1622 3710 93 28 twine
1726 3712 66 28 and
1802 3713 191 44 animating-
2002 3717 80 41 task,
2099 3720 35 30 in
2150 3715 134 49 guiding

1164 3743 65 31 and
1243 3746 219 41 encouraging
1476 3745 69 33 that
1559 3746 91 38 srjt
1660 3750 35 36 of
1701 3750 153 47 Ye74ciPU
1854 3750 19 47 t
1872 3750 135 47 against
2019 3757 265 41 Witigdefirsions

1164 3783 65 30 and
1249 3786 30 30 of
1400 3783 140 41 atefoim,
1557 3786 102 31 which
1676 3787 25 31 is
1717 3798 69 22 now
1802 3787 178 49 beginning
1989 3798 33 35 to,
2030 3795 151 44 develope
2197 3798 88 33 itself

1164 3822 33 28 in
1213 3819 63 35 this
1290 3828 71 36 part
1376 3825 43 33 of,
1427 3822 54 35 the
1496 3824 164 49 kingdoM,
1679 3827 72 33 with
1772 3841 39 20 as
1830 3831 96 31 much
1940 3836 198 31 earnestness
2164 3839 63 30 and
2247 3850 35 19 as

1151 3852 134 46 :sincere
1301 3872 19 19 a
1334 3861 183 33 conviction
1531 3868 31 30 of
1575 3865 61 36 ,the
1652 3869 205 36 rectitude,of
1874 3871 38 35 its
1926 3872 118 41 object,
2060 3885 36 20 as
2110 3876 57 35 has
2181 3879 85 31 alrea-

1146 3899 58 43 ';dy
1227 3901 80 31 been
1318 3899 2 50 .
1329 3913 41 22 -so
1392 3902 235 44 triumphantly
1646 3918 76 28 man
1726 3909 112 38 lte,sted
1844 3899 5 50 ,
1857 3910 112 36 in,the
1997 3920 76 25 west
2091 3917 65 33 and
2178 3918 101 31 south.

1150 3940 113 36 ;What
1276 3940 121 41 though
1411 3954 65 30 you
1490 3954 54 22 are
1557 3945 139 33 assailed
1709 3946 76 38 with
1805 3948 238 39 characteristic
2068 3954 159 41 vulgarity
2239 3956 43 41 by

1159 3978 54 31 the
1230 3980 112 39 Papist
1354 3981 137 39 Journal,
1509 3994 36 20 or
1559 3978 186 39 denoutied
1761 3983 74 35 with
1855 3991 169 33 emulative
2038 3995 187 39 coarseness
2225 3995 19 39 ,
2244 3995 38 39 by

1159 4017 54 30 the
1228 4019 272 46 rabble-courting
1515 4024 154 41 Mercury,
1687 4035 36 27 or
1729 4036 96 27 Aortae
1843 4027 101 35 under
1953 4028 52 33 the
2013 4031 189 41 sophistical
2211 4035 69 33 lash

1148 4057 46 33 ,of
1211 4057 54 31 the
1288 4061 191 39 apparently
1498 4063 120 31 serious
1641 4063 65 31 and
1734 4065 186 33 reasonable
1943 4069 120 39 Albion,
2080 4071 165 31 this—and
2261 4083 19 20 a

1157 4094 157 33 thousand
1331 4102 91 28 times
1438 4110 87 24 more
1540 4098 77 41 such
1633 4113 94 30 puny,
1746 4104 165 39 pot-house
1934 4109 180 41 opposition
2128 4121 36 20 as
2178 4110 102 33 this—

1159 4134 63 30 will
1236 4139 57 25 not
1307 4132 88 33 deter
1409 4148 61 25 you
1487 4140 80 35 frond
1578 4140 197 43 :advocating
1786 4143 66 36 the,
1865 4145 121 36 honest.
1998 4143 135 44 straight
2134 4151 36 31 -f
2170 4151 90 31 orwar
2260 4151 19 31 d

1156 4183 102 27 cause,
1276 4172 139 33 founded
1427 4184 36 20 as
1479 4176 24 30 it
1517 4176 36 38 is,
1570 4183 55 27 not
1638 4180 35 30 in
1687 4180 120 41 theory,
1817 4183 57 30 but
1882 4194 43 20 on
1932 4184 31 33 hi
1964 4184 16 33 s
1980 4184 16 33 t
1995 4184 33 33 or
2028 4184 16 33 i
2044 4184 33 33 ca
2077 4184 17 33 l
2107 4191 16 30 f
2123 4191 65 30 acts
2198 4202 9 27 ;
2224 4194 57 27 not

1156 4220 41 20 on
1213 4211 173 39 principles
1411 4213 104 30 which
1534 4216 55 30 the
1613 4217 120 35 ftirions
1756 4217 118 41 fancy
1874 4224 35 28 of
1939 4231 19 20 a
1967 4227 153 36 _partisan
2134 4228 58 36 has
2206 4239 52 30 pre-

1143 4250 2 57 .
1156 4250 150 30 conceive
1345 4255 31 28 to
1392 4250 38 30 be
1446 4250 79 39 best,
1540 4254 58 31 but
1622 4265 50 25 on,
1685 4257 35 35 th
1720 4257 52 35 ose
1772 4257 17 35 _
1800 4258 99 33 which
1917 4260 68 35 have
1984 4260 17 35 ;
2011 4272 90 27 come
2109 4268 169 39 approved

1156 4294 30 27 to
1203 4301 35 20 us
1254 4290 43 43 by
1310 4290 52 31 the
1378 4290 101 38 sober,
1496 4291 65 30 and
1576 4291 87 30 often
1679 4293 244 44 dearly-bought
1937 4302 189 36 experience
2137 4309 35 33 of

2180 4317 79 24 .man-

1156 4329 87 35 kind.
1285 4329 41 33 In
1340 4331 157 43 opposing
1512 4331 143 41 yourself
1671 4335 33 28 to
1724 4334 151 41 anarchy,
1894 4337 180 41 b.oodshed,
2101 4343 65 30 and
2187 4357 71 19 revo-

1153 4370 112 39 lution,
1283 4370 14 31 I
1315 4383 52 19 am
1383 4383 72 20 sure
1476 4383 63 30 you
1554 4370 76 31 will,
1641 4381 93 31 carry
1756 4373 72 31 with
1860 4384 60 31 you
1943 4376 50 31 the
2019 4383 167 41 sympathy
2211 4384 65 31 and

1142 4406 3 55 '
1153 4409 104 31 active
1265 4409 175 33 assistance
1455 4411 33 33 of
1507 4413 57 33 the,
1572 4411 77 33 bulk
1660 4413 36 30 of
1699 4411 46 31 all
1759 4413 82 41 good
1852 4414 63 36 and
1924 4419 170 38 peaceable
2102 4431 91 30 men;
2211 4424 65 30 and

1154 4444 24 28 it
1194 4446 25 28 is
1233 4452 31 27 to
1279 4449 39 30 be
1331 4447 191 43 hoped.that
1535 4454 27 30 if
1580 4463 63 31 you
1663 4457 120 30 cannot
1797 4455 85 31 work
1898 4465 19 22 a
1932 4457 208 39 reformation
2156 4460 33 31 in
2205 4461 71 33 that

1142 4483 137 41 iportion
1290 4490 36 27 of
1337 4499 57 20 our
1408 4501 96 28 press,
1520 4491 102 33 which
1638 4493 90 35 lends
1742 4494 90 36 itself
1839 4499 31 27 to
1887 4496 52 31 the
1954 4498 159 41 spreadrcif
2123 4501 151 47 opinions

1156 4520 175 33 subversive
1348 4528 35 28 of
1392 4528 52 30 the
1466 4531 99 38 social
1580 4532 110 39 fabric,
1709 4543 61 31 you
1786 4535 63 36 will
1863 4540 33 27 at
1912 4535 77 36 least
2005 4539 39 33 be
2057 4539 71 33 able
2146 4542 80 39 tully
2241 4546 31 30 to

1156 4564 227 38 counteract.th
1383 4564 17 38 9
1400 4564 36 38 ir
1450 4570 180 39 pernicious
1644 4573 169 36 operation
1824 4584 41 20 on
1876 4576 52 31 the
1939 4576 104 33 minds
2055 4580 36 33 of
2101 4578 88 31 those
2205 4580 69 31 who

1154 4606 54 20 are
1222 4598 101 30 either
1339 4598 176 46 Unwilling
1515 4598 39 46 or
1569 4608 169 39 incapable
1751 4613 13 30 t
1764 4613 13 30 o
1776 4613 13 30 '
1800 4614 107 36 reilect
1923 4616 47 31 for
1983 4617 198 39 themselves,
2205 4620 66 30 and

1154 4635 68 33 who
1236 4636 39 31 do
1293 4639 55 30 not
1362 4639 191 41 distinguish
1564 4646 290 36 bctween.reckless
1865 4655 184 33 confidence
2057 4658 36 31 of
2102 4658 165 39 assertion,

1153 4676 63 33 and
1231 4676 54 38 the
1299 4677 61 41 less
1375 4676 145 44 specious
1534 4680 167 38 evidences
1717 4687 146 36 of.truth.

1192 4715 120 39 These;
1328 4720 165 41 certainly,
1510 4732 54 20 are
1576 4732 39 20 no
1641 4734 146 27 common
1800 4729 112 39 times;
1929 4742 44 22 we
1986 4743 61 30 see,
2065 4735 33 31 in
2113 4737 109 39 places
2241 4739 36 30 of

1151 4756 208 43 dignityand
1370 4769 205 31 power„men
1583 4762 102 38 whose
1701 4764 30 33 li
1731 4764 47 33 ves
1792 4765 79 35 have
1888 4770 79 35 been
1978 4775 112 38 passed
2104 4776 35 30 in
2154 4776 117 41 railing

1150 4797 66 31 and
1230 4795 132 41 scoffing
1376 4803 35 28 at
1424 4802 77 31 such

1509 4800 225 41 ~distinctions;
1759 4814 43 20 we
1817 4806 58 35 hav
1876 4806 20 35 e
1912 4809 99 33 heard
2025 4813 52 36 the
2093 4820 129 27 servant
2235 4817 38 30 of

1150 4847 58 22 our
1224 4836 135 35 HEAD
1372 4831 36 39 of
1422 4836 54 35 the
1491 4841 206 39 CHURCH,
1717 4844 128 35 address
1860 4849 38 31 its
1912 4850 88 31 chief
2016 4854 112 39 pillars
2142 4854 66 31 and
2222 4868 33 19 or-

1150 4883 148 27 naments
1312 4880 33 30 in
1361 4890 43 22 an
1419 4880 159 41 emphatic
1600 4891 153 33 warning,
1772 4888 30 28 to
1825 4893 134 38 prepare
1981 4891 49 31 for
2044 4893 71 33 ruin
2129 4894 65 38 and
2208 4894 47 31 dis-

1142 4917 2 41 '
1150 4929 91 28 may;
1265 4917 54 33 the

1326 4920 143 41 ,promise
1485 4921 36 36 of.
1537 4932 106 30 peace,
1649 4921 41 31 is
1690 4923 112 46 hardly
1824 4932 72 31 cool
1920 4939 41 22 on
1983 4931 52 35 the
2060 4932 209 39 hypocritical

1150 4956 60 39 lips
1224 4954 102 38 which
1342 4957 98 35 swore
1455 4961 33 36 it,
1507 4961 65 31 and
1586 4965 52 38 yet
1654 4972 44 22 we
1713 4972 54 24 are
1783 4967 148 31 involved
1945 4969 33 31 in
1987 4980 80 30 war;
2087 4972 52 31 the
2153 4973 115 44 pledge

1148 4995 36 31 of
1202 4994 239 39 retrenchment
1455 4998 25 33 is
1496 5000 132 35 fulfilled
1636 5002 43 41 by
1694 5002 50 31 the
1761 5006 189 33 conversion
1964 5009 36 30 of
2016 5016 169 27 uncertain
2200 5013 68 31 into

1148 5035 87 46 large
1250 5036 71 39 and,
1329 5038 123 39 certaiu
1466 5039 213 41 emolument;
1688 5041 50 41 .by
1753 5043 52 36 the
1820 5046 101 41 costly
1935 5050 250 38 transportation
2202 5054 38 33 of
2247 5065 19 19 a

1148 5072 224 43 bilious-faced
1383 5082 120 36 puppet
1524 5079 66 38 into
1613 5091 159 31 company
1791 5083 101 33 which
1917 5087 128 38 cajoled
2065 5090 106 36 before
2192 5102 57 19 con-

1148 5117 220 41 temptuously,
1383 5113 183 44 dignifying
1594 5120 85 46 himr
1701 5121 41 41 by
1767 5121 55 33 the
1849 5124 186 44 quartering
2061 5129 36 31 of
2117 5135 19 25 a
2150 5131 113 41 needy,

1146 5159 161 36 arrogant,
1324 5154 65 33 and
1411 5165 167 30 rapacious
1597 5159 109 46 family
1721 5172 43 20 on
1786 5162 35 31 th
1820 5162 19 31 e
1863 5164 145 38 national
2027 5176 110 30 purse;
2161 5170 104 31 and—

1146 5194 43 41 by
1202 5191 173 49 curtailing
1387 5195 107 33 minor
1509 5195 236 41 functionaries,
1762 5202 69 31 who
1841 5202 79 35 have
1932 5206 162 44 struggled
2106 5208 76 31 with
2189 5209 76 31 bare

1146 5243 123 30 success
1285 5239 128 33 against
1427 5239 93 35 want.
1564 5236 76 36 And
1652 5236 54 31 the
1720 5239 72 30 dust
1811 5243 38 30 of
1865 5243 132 36 Reform
2019 5257 27 19 is
2068 5247 123 33 thrown
2211 5249 36 31 be-

1145 5269 66 35 fore
1225 5283 46 27 us,
1288 5272 77 33 'that
1387 5287 46 19 we
1452 5287 76 30 may
1551 5276 90 31 blind
1665 5280 61 27 our
1745 5290 74 27 eyes
1844 5280 164 43 therewith
2008 5280 19 43 ;
2049 5287 44 31 an
2093 5287 22 31 d
2139 5299 44 19 we
2206 5299 54 22 are

1145 5310 150 39 desired
1294 5317 31 27 to
1348 5313 88 41 gloat
1455 5324 41 22 on
1517 5326 87 27 more
1630 5317 145 39 splendid
1783 5320 113 41 Things
1907 5324 43 33 ,to
1978 5328 106 28 come!
2142 5328 19 39 N
2161 5328 76 39 ever
2236 5328 20 39 ,

1328 5364 13 27 j
1145 5353 93 38 truly,
1254 5362 63 20 was
1346 5354 134 41 uggling
1494 5365 87 20 more
1597 5356 131 41 happily
1742 5357 173 41 contrived,
1928 5372 36 22 or
1972 5362 200 47 dexterously
2187 5376 57 22 con-

1143 5391 186 38 summated.

1364 5391 74 41 ,j3ut
1465 5394 54 35 the
1543 5395 61 36 end
1628 5395 25 31 is
1674 5402 123 41 not_yet
1816 5409 106 27 .come.
1970 5402 69 35 The
2055 5405 154 41 burnings
2228 5413 35 27 at

1145 5428 115 31 BriStol
1277 5431 65 30 still
1357 5433 121 30 remain
1496 5428 132 36 without
1639 5446 43 20 an
1696 5439 150 39 assigned
1860 5450 112 30 cause;
1989 5443 55 31 the
2052 5443 208 43 degradation

1143 5468 35 27 of
1195 5476 43 35 an
1252 5472 99 36 estate
1367 5476 35 27 of
1419 5472 268 44 theyeal4nmust
1701 5476 38 35 be
1753 5479 118 31 atoned
1893 5480 66 39 for;
1983 5482 52 31 the
2055 5487 161 30 tolerance
2230 5488 35 28 of

1145 5502 142 39 physical
1301 5509 118 31 threats
1435 5513 186 38 explained!

1214 5542 79 33 have
1304 5548 186 36 wandered-,
1501 5553 82 30 from
1609 5564 54 28 my
1690 5554 197 43 gratulatory
1902 5557 113 38 theme,
2041 5561 55 33 but
2124 5561 25 33 it
2164 5564 96 30 needs

1143 5583 57 30 not
1213 5583 33 27 to
1260 5578 38 33 be
1313 5583 93 36 dwelt
1419 5595 96 31 upon,
1532 5591 54 35 for,
1597 5591 156 33 hundreds
1775 5594 24 36 of
1798 5594 13 36 ;
1819 5595 76 39 gia.d
1910 5597 106 31 hearts
2031 5600 63 31 will
2109 5602 150 33 welcome

1142 5616 52 31 the
1222 5617 69 31 first
1304 5630 200 28 appearance
1524 5630 35 27 of
1572 5635 77 31 your
1663 5630 265 43 STANDARD,
1945 5639 148 30 unfurled
2107 5650 74 22 over
2206 5643 52 30 the

1143 5657 154 33 ALTAR
1313 5658 65 31 and
1394 5658 52 31 the
1460 5661 265 36 THRONE.—I
1750 5679 63 27 am,
1830 5672 71 33 &c._

1759 5707 27 27 A
1805 5706 375 44 'CONSERVATIVE.

1161 5789 52 33 TO
1238 5787 88 35 THE
1345 5787 169 35 EDITOR
1534 5797 35 27 ut
1569 5797 17 27 ,
1723 5795 246 35 LirAiti)ool;
1989 5787 255 47 STANDARD:

1178 5869 148 31 SIR—As
1350 5869 54 31 the
1428 5874 80 28 term
1561 5872 94 33 Ultra
1806 5876 25 30 is
1857 5876 181 41 frequently
2055 5880 139 41 applied,
2220 5894 35 19 or

1137 5909 107 33 rather
1255 5909 198 43 misapplied,
1479 5915 31 28 to
1526 5912 87 31 those
1630 5913 72 31 with
1718 5913 102 33 whom
1838 5915 14 31 I
1868 5915 80 33 have
1962 5913 76 36 both
2054 5920 52 30 the
2132 5921 123 33 honour

1134 5946 66 33 and
1219 5948 52 31 the
1293 5950 170 39 happiness
1485 5951 35 31 of
1537 5953 151 41 agreeing
1717 5953 33 31 in
1778 5954 140 44 political
1946 5957 157 41 opinions,
2134 5961 16 30 I
2178 5962 74 36 will,

1134 5987 74 30 with
1224 5998 79 30 your
1317 5987 198 41 permission,
1537 5991 124 35 trouble
1676 6003 63 31 you
1753 5994 76 31 with
1854 6005 20 22 a
1896 5995 60 31 few
1976 5997 216 35 observations
2213 6013 41 20 on

1134 6027 69 31 that
1213 6027 132 38 subject.
1386 6028 77 30 And
1491 6030 76 38 first,
1600 6031 44 38 Sir
1644 6031 16 38 )
1687 6031 46 33 let
1745 6044 50 20 me
1813 6036 134 36 remark,
1970 6036 68 30 that
2052 6043 36 25 at
2098 6036 54 33 the
2167 6050 85 22 same

1134 6066 79 35 time,
1224 6066 69 31 that
1309 6066 14 31 I
1339 6068 148 31 consider
1501 6069 52 31 the
1569 6072 80 30 term
1665 6076 31 27 to
1712 6072 47 35 be,
1773 6072 197 41 improperly
1984 6076 137 38 applied,
2151 6083 54 36 yet
2219 6091 33 19 as

1132 6106 249 41 distinguishing
1392 6117 36 20 us
1443 6109 82 30 from
1539 6109 88 30 those
1644 6110 69 31 who
1726 6120 55 22 are
1797 6113 83 28 what
1893 6123 55 20 are
1962 6113 101 30 called
2128 6117 126 33 Liberal

1298 6143 17 30 I
1331 6150 55 27 not
1400 6146 76 41 only
1490 6146 41 33 do
1553 6153 55 27 not
1622 6143 107 46 object
1743 6154 31 30 to
1797 6150 33 41 it,
1846 6151 58 31 but
1918 6151 16 31 I
1956 6161 52 22 am
2024 6154 99 36 proud
2137 6157 36 31 of
2197 6157 52 33 the

1131 6183 211 38 designation.

1205 6220 94 41 Uhl*
1483 6227 181 43 commonly
1679 6239 33 22 so
1726 6228 113 41 called,
1863 6241 54 20 are
1943 6238 74 20 men
2041 6228 68 33 who
2123 6243 54 25 are
2191 6247 39 22 un-

1129 6261 121 41 willing
1257 6261 76 44 ,thit
1345 6265 142 41 thanges
1499 6265 112 33 should
1627 6268 36 30 be
1679 6269 93 30 made
1792 6269 33 31 in
1849 6280 63 30 any
1928 6268 36 31 of
1980 6266 52 31 the
2054 6268 194 41 institutions

1128 6302 36 30 of
1186 6301 52 31 the
1252 6306 134 38 eousry
1400 6306 120 39 merely
1534 6306 49 30 for
1597 6306 54 31 the
1676 6309 77 30 sake
1778 6309 35 30 of
1835 6310 135 36 change,
1994 6306 57 30 but
2066 6309 101 36 where
2183 6326 63 31 any

1126 6342 120 31 abuses
1255 6342 98 41 really
1367 6342 83 31 exist
1638 6346 134 31 anxious
1794 6348 69 31 that
1887 6346 77 38 they
1984 6343 112 35 should
2118 6350 47 43 be,
2189 6361 57 27 not

1126 6380 104 43 wildly
1252 6380 66 33 and
1342 6380 241 46 thoughtlessly,
1613 6384 58 31 but
1694 6386 154 41 carefully
1874 6384 20 33 a
1894 6384 43 33 nd
1964 6383 208 52 deliberately
2197 6405 47 22 re-

1123 6420 126 33 Moved.
1288 6420 91 41 They
1394 6431 63 30 are,
1482 6422 76 39 also,
1578 6435 74 20 men
1668 6425 33 30 in
1717 6427 102 30 whom
1830 6427 74 30 love
1928 6422 36 30 of
1983 6428 132 41 country
2139 6443 88 31 super-

1123 6461 90 30 sedes
1236 6469 96 36 every
1356 6461 91 30 other
1469 6463 244 39 consideration,
1743 6465 65 30 and
1828 6466 104 28 whose
1948 6461 208 52 consistency,
2178 6472 65 31 and

1123 6501 162 30 inflexible
1309 6501 159 41 integrity,
1498 6501 79 31 have
1597 6507 118 28 earned
1740 6504 54 31 the
1817 6502 124 39 respect
1964 6501 74 31 and_
2052 6504 94 39 admir
2146 6504 19 39 a
2165 6504 38 39 ti
2203 6504 38 39 on

1120 6550 80 20 even
1216 6539 35 31 of
1265 6539 83 30 their
1361 6545 145 27 warmest
1518 6542 142 39 political
1674 6546 19 36 o
1693 6546 170 36 pponents.
1907 6535 90 38 Now,
2016 6539 60 41 Sir,
2091 6557 17 20 a
2109 6557 17 20 s
2139 6554 16 27 t
2154 6554 16 27 o
2187 6551 17 31 t
2205 6551 17 31 h
2222 6551 17 31 e

1120 6576 151 33 intended
1285 6576 65 31 and
1364 6580 205 39 opprobrious
1583 6583 151 36 meaning
1750 6580 36 30 of
1802 6578 54 28 the
1871 6580 80 27 term
2009 6580 91 36 Ultra

1121 6617 14 30 I
1150 6616 195 31 understand
1359 6619 30 27 to
1406 6622 54 31 be;
1476 6619 69 31 that
1559 6620 52 31 the
1628 6627 113 35 person
1759 6620 33 25 so
1813 6616 113 39 called,
1950 6616 25 31 is
1989 6628 63 22 one
2063 6625 71 33 whd
2148 6628 88 33 holds

1120 6661 140 25 extreme
1276 6654 148 41 opinions
1438 6658 63 30 and
1517 6660 63 30 will
1594 6665 58 25 not
1665 6658 77 28 hear
1754 6655 36 31 of
1814 6668 65 33 any
1896 6657 91 43 thing
2002 6657 61 35 like
2087 6676 41 22 an
2142 6669 66 31 alter
2208 6669 13 31 -
2220 6669 14 31 -

1118 6696 96 36 ation,
1238 6694 145 30 however
1411 6694 156 35 desirable
1592 6709 36 19 or
1652 6696 145 31 however
1820 6702 91 36 great
1935 6709 43 19 an
2006 6698 230 43 improvement

1117 6734 77 30 such
1209 6743 39 20 an
1265 6731 170 33 alteration
1447 6743 72 33 may
1534 6737 49 31 be.
1627 6734 39 36 If,
1690 6732 83 39 then,
1798 6735 14 33 I
1836 6748 52 20 am
1915 6735 85 44 right
2022 6737 33 33 in
2080 6743 65 33 this
2167 6757 52 31 pre-

1118 6773 167 41 sumption,
1309 6772 54 31 the
1376 6773 80 28 term
1472 6773 25 31 is
1512 6772 183 39 manifestly
1709 6772 247 47 inappropriate.
1998 6776 16 30 I
2030 6778 71 38 hold
2117 6786 25 30 it
2150 6791 31 27 to
2194 6787 39 30 be

1117 6813 52 33 the
1183 6814 77 39 duty
1274 6814 35 28 of
1328 6820 35 20 us
1376 6809 54 38 all,
1452 6811 35 31 of
1509 6813 156 30 whatever
1679 6809 249 47 denomination,
1953 6820 31 27 to
1998 6820 180 36 endeavour
2198 6836 35 20 as

1115 6854 94 30 much
1222 6861 35 20 as
1274 6850 33 30 in
1320 6858 36 20 us
1370 6847 66 38 lies,
1461 6855 36 24 to'
1507 6854 123 27 correct
1644 6850 43 30 all
1707 6858 191 30 remediable
1918 6857 98 38 evils;
2041 6858 63 41 hut,
2121 6869 33 25 at
2178 6865 54 31 the

1113 6898 87 27 same
1214 6891 87 33 time,
1324 6891 31 27 to
1372 6887 157 35 recollect,
1553 6887 69 30 that
1641 6899 33 20 as
1688 6893 43 33 all
1745 6894 120 33 human
1880 6894 194 36 institutions
2098 6913 52 22 are
2175 6902 38 33 im-

1113 6931 129 39 perfect,
1268 6939 44 20 we
1326 6935 54 22 are
1397 6929 55 25 not
1461 6929 31 27 to
1509 6926 74 30 look
1597 6928 47 31 for
1657 6935 172 36 perfection
1841 6946 8 28 ;
1872 6935 65 33 and
1961 6945 46 20 we
2030 6939 112 35 should
2156 6943 74 30 take

1113 6967 137 43 espeidul
1265 6978 72 22 care
1353 6965 69 33 that
1435 6964 41 30 in•
1485 6965 167 47 repairing,
1668 6983 41 24 we
1726 6975 39 33 do
1781 6980 57 30 not
1849 6975 68 43 pull
1931 6973 96 35 down
2027 6980 68 33 -4n
2109 6992 102 24 remov-

1112 7009 66 41 ing,
1194 7009 71 31 that
1279 7019 44 22 we
1337 7006 41 31 do
1392 7006 57 30 not
1461 7003 224 46 destroy—lest
1701 7016 30 30 in
1746 7016 54 31 the
1811 7019 134 38 attempt
1961 7017 31 28 to
2006 7017 47 41 git
2066 7020 49 31 rid
2126 7022 38 31 of

1630 7052 52 31 the
1696 7055 50 30 ills
1762 7061 46 25 we
1822 7057 79 30 have

1342 7087 63 38 Fly
1419 7088 31 27 to
1466 7083 104 33 others
1584 7090 68 35 that
1665 7104 46 19 we
1726 7094 91 30 know
1833 7098 57 27 not

1594 7131 88 35 Your
1694 7132 151 33 obedient
1858 7137 137 35 servant,

1702 7173 217 35 PROREGE
1943 7173 57 36 ET
2024 7176 181 33 PATRIA.

1151 7164 180 43 Liverpool,
1350 7165 83 39 Nov.
1447 7162 47 36 •l(1.

2712 157 195 35 CHURCH
2932 153 189 43 REFORM

2403 250 69 31 The
2490 254 170 33 Reverend
2676 257 131 44 Sydney
2820 260 115 39 Smith,
2953 268 31 27 to
2998 263 102 31 whom
3117 265 206 36 rumourhad
3334 269 146 41 assigned

2364 299 52 31 the
2430 302 71 30 task
2515 304 35 30 of
2567 307 172 39 preparing
2751 309 54 30 the
2820 310 192 33 Ministerial
3028 313 66 31 Bill
3107 313 50 31 for
3170 313 52 33 the
3238 318 132 33 Reform
3383 321 36 30 of
3430 320 50 33 the

2364 348 139 39 Church,
2520 353 57 31 has
2591 357 217 33 contradicted
2820 359 55 33 the
2896 364 164 38 asBcrtion,
3079 364 33 31 in
3126 373 19 20 a
3159 364 93 35 letter
3265 369 170 31 addressed
3449 373 31 28 to

2364 394 54 35 the
2439 398 99 33 Globe.

3028 461 169 39 'Taunton,
3214 466 186 35 Nber
3413 469 28 33 4.

2583 498 19 43 p
2602 498 121 43 aragra
2723 498 41 43 ph
2783 498 57 31 has
2863 502 159 38 appeared
3035 502 35 33 in
3083 504 123 31 several
3219 479 28 58 of
3247 479 60 58 ovem
3309 507 33 31 the
3346 509 137 33 London

2365 524 220 49 Newspapers,
2614 534 104 31 which
2743 535 17 31 I
2787 537 83 31 shall
2890 540 36 30 be
2954 542 128 41 obliged
3096 546 31 27 to
3150 553 63 30 you
3235 550 31 27 to
3282 546 93 31 allow
3386 559 52 20 me
3449 553 33 27 to

2365 565 178 39 contradict
2562 570 135 44 through
2713 573 54 33 the
2778 576 140 33 medium
2931 580 38 30 of
2983 591 216 31 yourpaper..

2436 603 39 31 In
2490 606 63 31 this
2567 614 181 39 paragraph
2762 614 25 31 it
2802 616 25 31 is
2841 617 101 31 stated
2956 619 71 33 that
3038 620 55 31 the
3109 620 87 30 Lord
3209 622 195 35 Chancellor
3419 625 65 33 and

2367 641 63 31 Mr.
2452 644 131 44 Sydney
2597 650 104 33 Smith
2728 665 54 19 are
2803 652 153 46 occupied
2970 658 35 31 in
3028 658 143 43 drawing
3192 671 41 31 up
3261 674 20 19 a
3307 665 58 30 bill
3392 665 49 31 for
3465 676 19 20 a

2367 679 129 35 Reform
2512 687 36 30 of
2554 688 46 31 the
2600 688 16 31 .
2622 690 145 35 Church:-

2436 721 14 31 I
2468 723 77 33 have
2559 732 55 28 not
2630 739 74 25 seen
2718 731 52 31 the
2787 732 85 31 Lord
2888 735 194 36 Chancellor
3093 739 49 30 for
3156 742 60 27 two
3230 740 137 33 minutes
3375 743 109 30 forthe

2364 757 63 33 last
2438 764 233 41 twelvemOnth;
2687 772 416 36 nor'ever'comniunicatecl
3115 776 74 31 with
3205 776 66 33 him
3287 787 41 24 on
2381 781 980 31 thd
3362 783 39 55 ec
3402 783 82 55 sub-

2361 798 9 102 '
2372 798 2 102 J
2419 800 60 35 tin
2491 803 54 31 the
2559 814 110 24 course
2685 809 35 30 of
2735 808 65 46 my.
2803 811 65 31 life.
2461 847 52 25 am
2528 847 153 39 occupied
2694 847 76 33 with
2783 849 41 31 no
2839 852 76 39 plan
2929 854 36 30 of
2983 854 146 38 Reform;
3139 857 60 30 nor
3211 857 41 31 do
3274 858 16 30 I
3298 858 184 43 'know•any

2364 879 60 28 one
2438 880 69 31 who
2521 882 27 33 is
2562 891 46 25 so:
2649 887 16 30 I
2679 887 65 33 dare
2743 887 17 33 -
2776 894 57 36 say
2852 891 88 30 there
2962 891 65 31 will
3047 891 39 33 be
3102 893 76 31 such
3203 906 19 20 a
3244 894 124 41 reform,
3386 899 63 30 and

2364 917 91 31 think
2471 920 88 33 there
2572 924 101 39 ought
2685 929 33 28 to
2800 931 13 30 -
2813 931 57 30 butt
2885 931 16 30 I
2915 931 79 31 have
3011 932 134 41 nothing
3154 939 33 27 at
3202 934 44 33 all
3257 939 35 28 to'
3304 937 39 31 do
3356 939 79 30 with
3446 939 33 31 it.

2364 954 33 33 If
2413 957 25 33 it
2450 956 39 33 he
2504 961 132 33 effected
2649 964 41 41 by
2706 964 52 35 the
2773 967 126 39 present
2913 972 265 38 adthinistration,
3203 973 25 31 it
3249 975 63 31 will
3326 976 156 41 probably

2364 994 36 35 be
2414 995 82 33 done
2510 1011 35 20 as
2559 1002 74 33 'lien
2647 1002 36 33 of
2699 1003 90 36 sense
2802 1006 66 30 'arid
2880 1013 172 28 statesmen
3066 1022 41 30 go
3121 1013 96 31 about
3230 1014 77 30 such
3323 1019 90 38 great
3425 1016 36 31 ob-

2357 1035 83 38 jects
2479 1038 25 30 if
2521 1039 25 31 it
2559 1041 77 35 falls.
2646 1044 72 33 into.
2728 1044 54 30 the
2797 1043 101 35 hands
2915 1047 36 31 of
2961 1049 162 31 'madmen
3131 1052 63 30 and
3216 1052 260 43 Revolutionists,

2362 1074 24 31 it
2400 1076 63 31 will
2476 1072 39 36 be
2529 1079 20 30 a
2562 1074 94 38 Beene
2671 1077 38 35 of
2885 1087 131 36 villainy
3030 1090 63 30 and
3109 1090 145 39 plunder.

2491 1121 5 46 •
2731 1132 63 28 am,
2811 1124 63 39 Sir,
2890 1135 79 30 your
2983 1121 148 39 obedient
3145 1131 135 36 servant,

3214 1170 184 33 SMITH.'

2397 1231 31 30 It
2439 1231 27 30 is
2480 1233 187 35 irresistibly
2680 1236 82 33 droll
2783 1243 31 28 to
2828 1252 148 30 compare
2991 1246 54 30 the
3057 1246 99 31 above
3170 1247 74 31 with
3257 1247 52 31 the
3321 1249 76 31 bold
3411 1250 61 30 and

2356 1269 254 36 circumstantial
2624 1271 137 38 Radical
2772 1290 186 31 newspaper
2969 1285 180 39 paragraph
3162 1290 31 27 to
3209 1287 102 31 which
3326 1290 27 30 it
3365 1290 106 38 refers,

2356 1309 63 31 and
2433 1310 102 31 which
2550 1323 77 22 runs
2638 1324 35 19 as
2685 1317 181 33 follows:

2430 1350 31 33 It
2476 1350 25 30 is
2515 1353 178 38 rumoured,
2709 1357 33 28 in.
2756 1357 47 30 the
2819 1359 187 31 Ministerial
3019 1364 102 28 circles
3123 1387 8 13 ,
3146 1364 71 31 that
3228 1364 52 31 the
3296 1365 63 33 Rev
3359 1365 22 33 :
3392 1367 61 41 Syd-

2356 1398 61 30 ney
2430 1389 106 31 Smith
2548 1391 27 30 is
2589 1394 76 43 prep
2665 1394 38 43 ar
2702 1394 19 43 i
2721 1394 39 43 ng
2775 1406 19 20 a
2814 1398 123 38 project
2950 1400 36 30 of
2994 1400 85 31 Chur
3079 1400 22 31 c
3101 1400 22 31 h
3137 1403 139 39 Iteform,
3291 1405 106 31 which
3408 1406 65 30 will

2354 1427 38 30 be
2406 1428 282 33 submitted.to.the
2701 1435 142 31 Cabinet
2855 1436 33 31 iu
2901 1438 52 31 the
2967 1449 109 20 course
3088 1443 36 28 of
3143 1443 52 30 the
3208 1449 129 35 present
3348 1446 121 31 month.

2353 1468 27 27 A
2394 1463 159 46 dignitary
2564 1469 41 39 of
2613 1471 47 30 the
2674 1471 131 41 Church,
2822 1477 63 28 who
2898 1480 25 27 is
2932 1490 17 17 a
2959 1485 91 35 great
3055 1479 157 41 favourite
3227 1483 69 30 with
3312 1483 49 30 the
3373 1485 94 41 King,

2353 1506 63 30 and
2427 1506 161 43 generally
2600 1510 98 30 knows
2718 1513 79 31 what
2816 1517 27 27 is
2863 1520 123 38 passing
2998 1521 35 25 in
3044 1520 49 30 the
3107 1520 139 38 Cabinet,
3269 1528 121 35 reports
3402 1523 69 31 that

2353 1545 49 28 the
2414 1556 135 20 measure
2564 1550 159 44 proposed
2731 1551 27 31 is
2767 1564 109 30 a.yery
2890 1557 110 39 strong
3011 1569 80 30 one,-
3115 1559 65 30 and
3191 1561 69 30 that
3269 1561 25 30 it
3307 1562 164 31 embraces

2353 1587 55 28 not
2419 1584 131 43 °Wynn
2564 1592 101 27 entire
2676 1591 217 33 modification
2907 1595 35 30 of
2953 1597 52 30 the
3019 1597 94 30 Tithe
3128 1602 128 38 system,
3271 1600 57 31 but
3348 1602 66 30 also
3427 1613 41 22 an

2350 1627 169 35 criormous
2534 1627 164 31 reduction
2712 1628 33 30 in
2759 1631 49 30 all
2816 1631 54 30 the
2879 1635 165 31 'cathedral
3058 1636 265 43 establishments,
3339 1639 54 30 the
3405 1652 47 20 ser-

2350 1661 68 30 vice
2431 1665 36 28 of
2476 1665 104 30 which
2594 1666 63 30 will
2669 1668 38 30 be
2720 1669 189 41 completely
2923 1669 118 36 altered
3052 1677 8 28 !
3076 1677 8 28 !

2384 1740 165 33 ADDRESS
2572 1751 93 22 FROM
2688 1754 57 22 HIS
2764 1746 157 33 CLERGY
2921 1761 41 22 TO
2986 1753 312 43 Trit-AnctiptStlOP
3320 1764 43 24 OF
3375 1757 90 31 CAN;

2350 1776 283 35 TgREU
2635 1783 30 38 We,

2687 1781 52 35 the
2753 1786 225 43 Undersigned,
2998 1789 54 31 the
3065 1791 139 36 archdea
3203 1791 61 36 con
3280 1795 43 31 an
3323 1795 22 31 d
3357 1795 17 43 c
3375 1795 17 43 l
3392 1795 72 43 ergy

2348 1816 35 31 of
2392 1817 52 30 the
2460 1817 124 33 diocese
2597 1822 36 30 of
2643 1820 241 44 Carifethnry—
2898 1816 5 49 .

2510 1858 25 38 it

2548 1871 63 24 ,our
2630 1861 76 41 duty
2718 1858 35 36 at
2762 1863 54 43 the
2816 1863 17 43 .
2833 1863 126 43 preSent
2972 1866 90 33 crisis
3082 1872 31 28 to
3134 1869 88 31 Come
3243 1871 135 39 forward
3391 1872 74 33 with

2389 1898 106 36 public
2515 1898 202 35 'declaration
2742 1904 36 30 of
2795 1915 58 28 our
2876 1906 71 31 firm
2967 1909 186 36 confidence
3176 1910 33 39 in
3233 1921 79 28 your
3334 1913 131 35 Gra)ce's

2346 1940 94 35 piety;
2468 1935 65 47 inte
2532 1935 16 47 g
2548 1935 82 47 rity,
2657 1937 17 41 a
2674 1937 57 41 nd,
2735 1942 191 44 judgment;
2959 1943 65 33 and
3046 1946 35 33 of
3098 1946 58 33 our
3176 1945 162 39 reddinesi
3359 1957 31 27 to
3413 1964 35 20 co-

2346 1978 128 35 operate
2496 1976 33 30 in
2545 1987 63 30 any
2619 1976 162 36 measures
2805 1983 110 38 which,
2926 1976 2 58 •
2939 1986 83 33 after
3035 1987 184 39 competent
3231 1989 137 46 inquiry,
3391 1987 72 39 map

2348 2011 36 30 be
2397 2013 99 33 found
2507 2014 178 36 calculated
2701 2016 33 35 to
2745 2019 142 38 increase
2902 2024 54 35 the
2970 2025 161 41 efficiency
3148 2027 36 33 of
3195 2027 52 31 the
3260 2027 205 35 Egfablished

2346 2050 137 41 Church,
2499 2050 65 35 and
2576 2054 35 33 to
2620 2063 85 27 meet
2718 2057 52 33 the
2783 2061 96 31 sober
2887 2061 68 33 and
2969 2057 113 38 honest
3094 2065 202 39 requisitioni
3309 2069 38 31 of
3356 2069 107 41 public

2346 2088 140 43 opinion.
2587 2088 3 43 .

2416 2129 30 28 If
2455 2131 43 33 we
2512 2142 69 22 now
2594 2126 167 49 deptecate
2773 2139 52 30 the
2835 2140 164 41 advdcac'y
3011 2139 36 31 of
3055 2140 128 39 speeific
3194 2143 93 38 plans
3298 2148 36 30 of
3343 2148 120 35 church

2346 2162 124 44 tetorm;
2485 2169 172 46 especially
2668 2175 41 41 by
2720 2176 54 30 the
2787 2178 118 44 clergy,
2920 2191 46 19 we
2980 2189 55 20 are
3046 2180 157 38 actuated,
3216 2183 61 36 not
3283 2184 41 43 by
3339 2184 124 44 a'spitit

2345 2206 36 28 of
2394 2198 137 47 Vigotect
2546 2213 180 41 Opposition
2734 2219 38 27 to
2786 2217 68 36 real
2874 2213 216 41 amendment,
3113 2217 57 38 but
3191 2219 43 46 by
3246 2220 19 31 a
3282 2227 181 31 conviction

2345 2243 69 33 that
2436 2243 87 36 truth
2542 2249 66 30 and
2617 2254 170 36 'practical'
2805 2252 238 41 improvement
3061 2257 65 31 will
3143 2258 46 31 be'
3197 2258 145 46 impeded
3356 2260 109 38 rather

2345 2277 79 36 than
2436 2283 172 41 advanced,
2638 2291 41 43 by
2702 2291 202 46 impatiently
2928 2294 200 44 forestalling
3148 2298 54 31 the
3224 2301 112 33 resulti
3356 2304 36 31 of
3405 2301 57 36 the

2343 2320 458 50 eCclesiasticalcoMmission.

2411 2359 71 36 'kis
2494 2365 52 28 too
2559 2364 94 33 much
2666 2372 31 25 to
2712 2370 126 33 assume
2849 2370 69 31 that
2934 2373 41 30 no
2987 2369 206 38 information
3208 2387 63 20 can
3283 2378 39 31 be
3334 2380 128 36 elicited

2342 2400 46 47 by
2398 2395 50 36 the
2468 2395 260 47 comprehensive
2750 2408 225 39 irivestig.ttion
3000 2424 71 28 now
3087 2416 39 30 in
3148 2427 154 31 progress.
3345 2417 99 36 There-

2342 2439 76 39 to)*
2438 2436 85 36 until
2543 2436 61 35 this
2616 2441 217 38 'infOrination
2846 2447 94 33 .Shall
2961 2450 79 31 have
3060 2454 82 36 been
3164 2454 170 35 subthitted
3354 2465 31 25 to
3409 2461 54 30 the

2342 2480 365 41 public,.,any...atteMpt
2728 2482 35 30 of
2781 2496 82 20 ours.
2874 2485 43 33 to.
2929 2490 54 38 lay
2998 2487 91 35 d:Owu
3110 2496 161 38 a:system
3293 2498 35 30 of
3346 2499 113 31 reform

2342 2520 102 30 would
2466 2521 38 28 be
2528 2526 82 33 open
2624 2523 39 27 to
2663 2520 17 30 -
2680 2520 54 30 the
2756 2521 162 44 objection
2942 2528 36 28 of
2995 2535 191 33 premature,
3209 2540 55 25 not
3279 2540 30 27 to
3323 2546 55 31 say
3394 2550 50 28 pre-

2342 2565 192 35 sumptuous,
2548 2557 143 33 decision
2715 2564 85 35 upon
2811 2557 49 33 an
2865 2562 257 38 imperfect-case
3132 2570 57 30 :it
3208 2575 94 30 could
3317 2584 87 22 serve
3419 2587 39 20 no

2342 2598 91 30 other
2449 2606 137 33 purpose
2609 2595 77 33 than
2701 2597 69 31 that
2781 2598 38 30 of
2827 2598 154 44 enlisting
3002 2605 181 35 prejudices
3197 2613 63 27 and
3274 2613 131 46 pledges
3417 2628 41 19 on

2340 2636 52 31 the
2414 2639 66 30 side
2501 2639 36 30 of
2548 2636 71 33 'the.
2636 2636 157 31 defective
2816 2639 156 38 projects;
2995 2639 65 31 and
3085 2641 24 31 it
3131 2646 104 38 might
3261 2650 39 28 be
3323 2661 118 24 miscon-

2339 2679 107 30 strued
2468 2679 66 31 into
2545 2687 44 22 an
2602 2676 151 33 evidence
2775 2677 36 31 of
2828 2683 61 25 our
2896 2679 110 41 :being
3027 2690 198 33 more•eager
3238 2690 33 27 to
3285 2690 36 30 be
3335 2691 68 31 first
3416 2704 41 20 on

2339 2715 52 31 the
2416 2718 63 30 tide
2501 2718 36 30 of
2545 2717 200 31 Innovation
2767 2717 77 33 than
2869 2721 28 27 to
2898 2721 14 27 ,
2921 2720 82 30 form
3028 2731 20 20 a
3071 2721 93 30 sober
3184 2724 143 33 estimate
3350 2732 36 28 of
3405 2732 52 28 the

2339 2754 178 33 difficulties
2542 2762 33 27 to
2606 2754 39 33 be
2663 2754 2 46 •
2674 2757 225 38 encountered,
2937 2761 65 30 and
3024 2761 38 31 of
3091 2761 54 33 the
3183 2764 153 31 remedies
3361 2772 33 27 to
3419 2769 38 31 be

2337 2795 139 39 applied.
2674 2795 5 39 '
2715 2795 3 39 •
2836 2811 14 6 '•

2409 2835 69 33 Nor
2498 2836 28 31 is
2550 2836 27 33 it
2597 2846 88 20 more
2706 2835 77 33 than
2806 2844 148 25 common
2972 2838 120 41 justice
3115 2843 31 30 to
3167 2846 79 35 your
3268 2841 112 39 Grace,
3403 2844 52 31 the

2337 2871 145 43 Bishops,
2507 2876 63 31 and
2592 2876 52 31 the
2658 2876 238 33 ecclesiastical,
2912 2879 263 38 commissioners,
3200 2880 69 30 that
3285 2891 43 22 we
3345 2883 110 33 should

2337 2913 74 31 wait
2428 2913 54 33 the
2496 2915 194 41 completion
2712 2917 36 30 of
2765 2921 83 36 your'
2866 2917 139 38 labours;
3025 2920 184 41 presuming
3230 2920 69 33 that
3318 2932 63 31 you
3402 2935 52 22 are

2334 2957 58 25 not
2413 2953 181 35 indifferent
2614 2961 33 27 to
2668 2956 71 31 safe
2759 2957 65 30 and
2847 2956 194 41 practicable
3065 2969 161 22 measures
3247 2964 38 28 of
3301 2962 134 43 improve-

2318 2992 3 54 .
2334 2995 104 39 menti•
2455 2992 90 36 when
2565 3005 46 22 we
2633 2995 132 31 observe
2783 3006 63 30 you
2868 2995 134 41 steadily
3016 2998 217 44 approaching
3255 3002 52 31 the
3328 3005 126 41 subject

2334 3028 43 41 by
2387 3031 187 41 those.steps
2589 3035 104 30 which
2710 3044 124 20 reason•
2849 3035 66 30 and
2937 3036 142 31 candour
3091 3039 162 44 evidently
3268 3046 186 33 sanction—

2334 3068 126 43 inquiry
2474 3069 77 39 first,
2567 3072 88 31 then.
2663 3072 183 41 judgment.

2499 3110 16 31 -
2515 3110 80 31 these
2611 3113 104 36 views;
2732 3123 46 20 we
2791 3113 126 31 abstain
2937 3115 83 31 from
3041 3120 187 44 expressing
3241 3132 65 33 any
3318 3124 132 41 opinion

2331 3157 43 20 on
2389 3148 52 31 the
2463 3150 93 31 mode
2576 3150 35 33 in
2625 3153 101 36 which
2742 3153 52 31 the
2817 3154 107 38 object
2939 3154 35 31 of
2994 3167 77 30 your
3091 3161 128 41 inquiry
3231 3173 74 31 may
3320 3164 39 31 be
3383 3165 69 30 best

2331 3187 162 39 attained;
2515 3189 293 46 and-respectfully
2827 3194 77 31 offer
2928 3198 33 28 to
2981 3205 80 31 your
3082 3198 101 31 Grace
3205 3202 52 31 the
3279 3209 170 25 assurance

2331 3227 36 30 of
2376 3236 58 20 our
2446 3227 98 43 lively
2556 3228 170 43 sympathy
2739 3231 33 30 in
2792 3244 79 28 your
2893 3235 173 46 important
3085 3239 293 41 undertaking;—of
3392 3254 57 19 our

2331 3268 104 39 strong
2435 3268 17 39 -
2452 3268 211 39 epultdeliceT
2674 3269 65 31 and
2750 3272 38 30 of
2797 3277 66 35 our
2868 3272 198 35 coitial'and
3079 3277 115 31 dutiful
3206 3280 209 33 attachnienf.

2362 3301 101 39 '"We
2479 3306 88 47 prqy
2589 3307 79 38 that,
2698 3312 94 41 snppo
2792 3312 19 41 r
2811 3312 19 41 t
2830 3312 19 41 e
2849 3312 19 41 d
2891 3313 43 30 an
2934 3313 22 30 d
2981 3313 35 33 di
3016 3313 52 33 rec
3068 3313 17 33 t
3085 3313 17 33 e
3102 3313 17 33 d
3145 3317 20 44 b
3165 3317 22 44 y
3213 3318 16 31 t
3228 3318 16 31 h
3244 3318 35 31 at
3304 3320 35 41 st
3339 3320 17 41 r
3356 3320 71 41 engt
3427 3320 19 41 h

2329 3343 65 30 and
2416 3343 129 36 WiAdom
2570 3346 101 31 which
2693 3350 126 31 cometh
2838 3353 82 30 from
2942 3353 110 41 above,
3074 3356 63 41 you
3157 3364 74 33 may
3252 3357 38 30 be
3312 3357 135 33 enabled

2329 3387 39 25 to'
2387 3383 113 31 render
2526 3384 52 31 the
2605 3386 203 33 Established
2830 3391 131 30 Church
2984 3403 87 20 more
3098 3395 65 30 and
3189 3405 88 22 more
3301 3397 145 31 effectual

2329 3420 39 31 in'
2386 3422 175 43 ettending
2584 3425 54 31 the
2652 3422 164 46 'kingdom
2841 3430 36 28 of
2894 3430 117 39 Christ,
3041 3431 61 31 and
3124 3433 170 47 enlarging
3318 3435 54 33 the
3398 3436 33 31 in-

2313 3458 2 50 '
2328 3458 123 33 fliience
2479 3463 36 28 of
2535 3465 49 30 his
2611 3466 109 39 gospel
2746 3476 79 22 over
2846 3468 54 31 the
2928 3469 107 33 hearts
3055 3472 63 30 and
3145 3472 164 31 affections
3334 3476 36 30 of
3389 3487 57 22 our

2328 3496 220 46 cbuntryinen.
2816 3496 3 46 •

2361 3535 167 36 '"And'we
2542 3542 66 41 beg
2627 3542 69 31 that
2709 3554 79 30 your
2802 3545 102 31 Grace
2918 3546 65 31 will
3005 3550 145 38 proceed,
3173 3551 76 31 with
3271 3553 52 31 the
3337 3554 109 39 fullest

2328 3578 148 31 reliance'
2487 3576 43 35 on
2554 3591 58 22 our
2631 3580 244 36 deterinination
2899 3586 124 31 neither
3044 3589 31 31 to
3099 3589 112 33 shrink
3230 3591 82 33 from
3329 3591 115 41 labour

2326 3628 36 19 or
2387 3617 142 31 sacrifice
2559 3620 33 30 in
2616 3620 192 43 forwarding
2843 3624 88 31 thole
2956 3627 110 30 sacred
3093 3628 137 39 objects:
3265 3641 58 22 nor
3348 3638 33 28 to
3403 3635 39 31 be

2324 3655 142 33 diverted
2491 3658 31 46 by
2523 3658 17 46 .
2559 3658 82 43 good
2657 3658 124 44 'report,
2813 3669 36 25 or
2876 3661 61 33 evil
2964 3669 115 44 report,
3107 3668 82 33 from
3216 3665 228 50 withstanding

2323 3698 112 35 Unjust
2449 3698 36 28 or
2498 3698 211 31 mischievcius
2720 3701 219 38 innovations;
2953 3704 140 31 whether
3107 3707 74 41 they
3195 3718 76 31 may
3285 3712 156 39 originate

2323 3734 82 36 from
2427 3734 52 31 the
2498 3735 148 36 delusion
2657 3739 39 31 of
2706 3739 99 35 Abuse.
2824 3740 74 33 who,
2912 3751 76 30 may
3009 3743 80 30 have
3110 3748 80 36 mist
3191 3748 19 36 a
3209 3748 20 36 k
3230 3748 41 36 en
3293 3750 52 35 the
3369 3751 57 33 cha-

2324 3773 106 31 racter
2447 3773 71 30 and
2534 3775 50 31 iiit
2584 3775 13 31 -
2597 3775 50 31 eies
2647 3775 13 31 -
2660 3775 27 31 fi
2701 3776 38 30 of
2753 3776 49 33 the
2802 3776 17 33 -
2824 3776 17 39 -
2841 3776 192 39 0441:dished
3058 3780 139 44 Church,
3219 3798 38 19 or
3279 3789 85 30 from
3387 3791 54 31 the

2323 3811 235 33 machinations
2572 3814 35 30 of
2622 3814 90 33 those
2726 3816 186 39 who,desire
2924 3817 39 33 its
3271 3839 11 25 •.
3318 3811 2 54 ,
3392 3811 3 54 •

2364 3852 148 31 SOCKTY
2534 3860 36 20 IN
2592 3847 68 36 THE
2683 3855 126 31 NORTH
2825 3865 39 22 of
2885 3857 148 33 ENGLAN
3041 3869 30 20 D.
3072 3858 19 38 —
3091 3858 225 38 Resolutions
3328 3868 113 36 passed

2324 3890 65 31 ati
2402 3890 151 41 meeting'
2561 3890 41 30 of
2611 3893 165 39 members,
2797 3894 131 36 clerical
2943 3898 66 35 and
3024 3898 126 38 laic,.of
3165 3902 52 31 the
3236 3902 203 35 Established

2323 3929 139 38 Church,
2476 3928 117 33 holden
2605 3931 94 31 atthe
2707 3934 126 41 George
2846 3934 72 38 Inn,
2934 3935 395 52 NeWeastle-Upon-Tyne,
3340 3945 80 31 Tues-

2321 3967 72 43 day,
2416 3969 189 39 September
2617 3969 46 38 11,
2685 3972 49 31 for
2743 3973 35 33 th
2778 3973 17 33 e
2814 3981 135 35 purpose
2964 3978 35 28 of
3013 3978 139 39 forming
3172 3991 17 27 a
3206 3987 120 36 society
3339 3984 16 31 i
3354 3984 17 31 n
3383 3984 35 39 th
3417 3984 19 39 e

2323 4006 93 33 north
2427 4008 44 31 of
2480 4006 153 44 England
2652 4009 49 30 for
2718 4009 57 33 the
2792 4013 178 41 protection
2989 4017 35 30 of
3033 4017 60 30 -the
3113 4017 128 31 Chuich
3260 4020 159 36 Establish-

2321 4050 98 33 ment,
2435 4047 63 31 and
2509 4049 49 30 for
2570 4047 54 33 the
2636 4050 183 39 promotion,
2830 4054 35 30 of
2876 4052 239 38 Ecclesiastical
3128 4057 191 33 Reform:—

2361 4085 211 35 Resolved-1.
2594 4088 85 31 That
2701 4098 41 22 an
2756 4090 189 35 association
2957 4093 39 31 be
3005 4094 79 31 'now
3096 4094 121 33 foimed
3228 4098 36 30 of
3279 4102 157 31 members

2321 4124 36 30 of
2373 4124 52 30 the
2447 4126 203 33 Established
2671 4128 137 41 Church,
2833 4132 43 28 in
2885 4131 52 31 the
2956 4134 93 30 north
3063 4135 35 30 of
3112 4134 162 39 England,
3294 4140 68 31 who
3381 4153 54 19 are

2320 4164 183 31 favourable
2518 4169 30 27 to
2561 4165 247 35 Ecclesiastical'
2822 4169 140 41 Reform,
2984 4172 176 41 consisting
3172 4173 36 30 of
3222 4184 19 19 a
3255 4173 176 44 President,

2320 4202 274 39 Vice-President,
2605 4202 5 55 ,
2616 4206 63 28 and
2701 4208 90 30 other
2808 4209 131 38 officers,
2964 4211 63 28 and
3046 4213 203 30 subscribers•
3257 4214 38 28 of
3309 4217 47 30 ss.
3378 4228 57 28 per

2320 4231 129 44 anrium,
2472 4235 31 36 fo
2504 4235 16 36 4
2520 4235 33 36 be
2567 4243 241 35 recommended
2822 4247 41 41 by
2874 4246 60 33 two
2948 4249 157 30 Members
3118 4249 35 31 of
3167 4249 60 31 this
3246 4254 131 41 society,
3400 4266 33 20 in

2320 4277 137 41 Writing.

2356 4317 31 33 2.
2406 4318 87 30 That
2504 4317 60 30 this
2581 4320 191 30 association
2787 4321 191 39 recognizes,
3002 4332 33 20 as
3055 4334 41 20 an
3115 4326 148 31 essential
3276 4329 157 41 principle

2318 4351 35 36 Of
2367 4356 39 30 its
2419 4356 216 36 constitution,
2652 4367 19 19 a
2690 4359 233 35 conscientious
2937 4361 198 31 attachment
3153 4369 33 33 to
3200 4365 52 28 the
3272 4367 162 41 episcopal

2318 4394 99 38 order,
2441 4398 33 27 to
2493 4394 52 31 the
2565 4395 128 31 articles
2712 4391 63 36 and
2792 4395 120 41 liturgy
2928 4398 36 30 of
2980 4398 50 30 the
3055 4400 183 35 Protestant
3257 4405 129 33 Church.
3400 4409 36 30 of

2318 4433 161 41 England,
2493 4433 63 38 and
2569 4436 31 28 to
2613 4435 52 33 the
2679 4435 143 41 national
2833 4436 252 44 establishment:

2403 4472 83 33 That
2498 4472 24 31 it
2529 4469 246 47 nneqriiVocalty
2786 4476 172 31 maintains
2964 4474 77 35 'that
3046 4479 52 31 the
3110 4479 150 46 property
3268 4482 165 41 dedicated

2315 4513 44 41 by
2370 4510 54 39 the
2436 4513 87 41 piety
2535 4513 35 30 of
2581 4517 57 27 Our
2654 4513 165 31 ancestors'
2830 4513 46 33 for
2890 4517 52 30 the
2956 4518 225 43 maintenance
3194 4523 36 31 of
3244 4521 52 33 the
3310 4521 121 38 church

2315 4546 99 47 ought
2425 4557 57 27 not
2494 4557 30 27 to
2537 4553 38 31 be
2589 4553 159 31 alienated
2761 4554 35 31 to
2808 4554 165 43 another
2983 4569 145 31 purpose.

2353 4594 30 30 4.
2403 4592 85 31 That
2507 4592 63 35 this
2592 4594 189 33 association
2805 4597 228 41 contemplates
3054 4600 72 31 With
3148 4600 87 43 deeP
3249 4606 109 39 regret
3376 4606 54 33 the

2315 4627 140 46 hostility
2465 4627 186 36 manifeSted
2663 4636 31 28 to
2707 4631 52 33 the
2770 4631 202 38 Established
2983 4636 142 43 Church;
3137 4641 63 35 and
3208 4643 139 36 laments
3361 4647 71 33 that

2312 4669 57 39 the
2378 4676 162 27 'existence
2556 4672 36 30 of
2723 4674 33 33 in
2770 4676 52 31 the
2835 4676 257 36 administration
3106 4682 35 31 of
3150 4680 39 33 its
3200 4682 228 44 temporalities

2313 4710 113 30 affords
2444 4721 19 20 a
2476 4710 154 39 plausible
2644 4713 124 47 pietext
2781 4720 31 27 to
2825 4717 39 30 its
2877 4720 150 38 enemies,
3050 4721 63 31 and
3126 4721 164 44 paralyzes
3309 4728 54 30 the
3375 4737 39 20 ex

2312 4750 118 30 ertions
2444 4751 35 30 of
2488 4750 44 33 its
2539 4750 76 33 best
2619 4753 129 31 friends.

2350 4797 28 33 5.
2400 4798 85 35 That
2498 4800 63 31 this
2573 4798 191 36 association
2772 4805 20 31 d
2792 4805 20 31 o
2827 4803 39 36 en
2866 4803 19 36 d
2885 4803 123 36 eavour
3016 4813 16 27 t
3031 4813 16 27 o
3060 4816 151 39 promote,
3225 4813 20 39 b
3246 4813 22 39 y
3279 4813 17 31 t
3296 4813 17 31 h
3313 4813 17 31 e
3345 4819 79 28 most

2310 4838 176 43 legitimate

2501 4850 120 28 means,
2646 4841 52 31 the
2715 4846 175 31 correction
2904 4847 36 30 of
2959 4847 52 31 the
3030 4850 137 41 existing
3180 4852 121 35 abuses,
3323 4861 38 20 as
3381 4865 28 20 re-

2310 4879 94 41 gards
2419 4879 151 43 plgrality
2589 4880 35 30 of
2643 4880 157 36 benefices
2820 4885 72 31 with
2907 4896 74 20 cure
2994 4888 35 31 of
3046 4890 93 38 souls,
3167 4891 52 28 the
3236 4890 187 41 inadequate

2312 4920 233 33 remuneration
2569 4920 36 30 of
2630 4932 106 35 many,
2748 4923 36 31 of
2811 4921 54 33 the
2890 4924 118 47 clergy,
3033 4928 63 30 and
3120 4931 52 27 the
3197 4926 175 44 deficiency
3395 4937 28 28 of

2309 4957 154 31 churches
2474 4953 63 38 and
2551 4957 191 36 ministerial
2759 4961 189 35 instruction
2964 4975 33 20 in
3011 4967 153 39 populous
3180 4965 157 41 districts;
3361 4973 63 33 and

2309 4995 77 38 that,
2400 4997 49 31 for
2460 4998 61 30 this
2534 4998 72 38 end,
2624 5000 25 31 it
2661 5000 102 31 would
2775 5006 129 36 suggest
2917 5003 54 31 the
2983 5005 236 41 appropriation
3233 5006 36 28 of
3279 5005 145 39 sinecure

2307 5036 230 33 ecclesiastical
2551 5047 161 24 revenues.

2345 5087 28 31 6.
2394 5087 87 31 That
2502 5088 61 31 this
2586 5090 192 31 association
2798 5091 25 30 is
2846 5091 68 33 also
2932 5094 135 31 anxious
3091 5094 49 30 for
3154 5094 54 30 the
3227 5093 151 43 adoption
3392 5102 28 31 of

2307 5135 85 22 some
2416 5137 159 22 measures
2589 5129 101 31 which
2704 5140 74 31 may
2800 5132 129 41 remedy
2942 5134 52 30 the
3014 5134 161 31 excessive
3189 5132 231 41 disproportion

2306 5165 36 30 of
2348 5165 54 30 the
2414 5165 161 41 episcopal
2589 5178 161 28 revenues,
2764 5170 74 38 and,
2855 5172 41 41 by
2907 5183 19 20 a
2945 5183 88 22 more
3046 5173 236 43 proportionate
3304 5173 117 43 adjust_

2304 5208 99 35 went,
2419 5206 151 39 preclude
2583 5206 54 31 the
2655 5208 142 43 existing
2811 5209 172 44 frequency
2997 5213 35 30 of
3039 5213 217 38 translations,
3272 5214 66 31 and
3350 5227 71 30 pro.

2306 5243 71 33 vide
2389 5246 49 30 for
2449 5246 52 31 the
2517 5246 235 41 maintenance,
2767 5247 25 31 it
2802 5250 154 39 required,
2972 5252 36 31 of
3016 5250 176 33 additional
3205 5250 139 44 bishops.

2343 5294 28 30 7.
2394 5294 85 31 That
2493 5294 33 31 in
2542 5296 52 31 the
2617 5298 203 31 furtherance
2835 5301 36 28 of
2887 5301 88 30 these
2998 5301 129 46 objects,
3146 5302 61 31 this
3230 5306 191 35 association

2304 5332 112 31 wishes
2431 5332 25 33 it
2469 5339 31 27 to
2515 5335 39 30 be
2569 5335 165 41 distinct'y
2746 5337 191 33 understood
2951 5340 71 31 that
3036 5339 156 39 itdesires,
3205 5342 33 30 in
3246 5351 41 22 no
3296 5343 121 43 degree,

2302 5376 33 27 to
2350 5373 139 41 infringe
2501 5383 87 31 upon
2602 5373 54 33 the
2671 5375 99 41 rights
2784 5376 36 30 of
2836 5376 52 31 the
2904 5384 129 35 present
3052 5391 175 31 possessors
3241 5383 35 30 of
3291 5386 113 31 ecclesi-

2304 5413 112 30 astical
2430 5424 162 20 revenues.

2340 5461 30 33 8.
2392 5461 85 33 That
2490 5461 140 33 whereas
2644 5463 88 31 there
2748 5465 96 31 exists
2863 5476 20 22 a
2898 5469 110 39 strong
3022 5468 164 41 prejudice
3202 5469 33 33 in
3249 5472 52 31 the
3315 5476 102 33 minds

2302 5502 36 30 of
2353 5512 99 31 many
2465 5502 192 30 individuals
2671 5502 126 41 against
2811 5504 52 31 the
2880 5512 128 35 present
3020 5509 91 30 mode
3126 5510 36 30 of
3178 5512 120 43 paying
3313 5515 102 39 tithes,

2301 5540 63 31 this
2378 5542 191 31 association
2581 5542 41 31 do
2636 5550 131 33 support
2781 5554 63 30 any
2858 5543 159 44 approved
3039 5553 126 35 system,
3189 5553 112 38 which,
3326 5556 91 31 while

2301 5580 27 30 it
2339 5591 126 20 secures
2479 5580 52 33 the
2545 5587 151 36 property
2709 5583 41 31 of
2761 5583 52 35 the
2827 5584 135 39 church,
2972 5587 65 30 and
3049 5587 165 46 distinctly
3236 5595 36 39 re
3272 5595 72 39 cogn
3345 5595 17 39 i
3362 5595 55 39 zes

2301 5617 52 33 the
2367 5619 238 41 independence
2622 5620 35 31 of
2671 5622 54 31 the
2739 5622 120 43 clergy,
2876 5627 61 30 wou
2937 5627 41 30 ld
2986 5627 49 38 be,
3052 5628 197 44 practically,
3258 5633 61 31 less
3335 5646 82 30 open

2301 5661 33 28 to
2346 5658 173 36 objection.

2337 5709 30 30 9.
2389 5709 85 35 That
2488 5709 61 31 this
2564 5710 192 31 association
2770 5710 39 33 do
2822 5724 55 19 use
2893 5713 39 31 its
2945 5715 71 31 best
3022 5717 208 41 endeavours,
3244 5721 43 39 hy
3294 5721 54 31 the
3356 5724 44 30 cir-

2299 5746 142 31 culation
2455 5748 35 31 of
2504 5748 161 38 judicious
2679 5754 98 27 tracts
2789 5753 65 30 and
2865 5753 176 38 otherwise,
3057 5759 33 25 to
3104 5764 142 33 promote
3260 5770 19 19 a
3294 5769 120 25 correct

2294 5784 173 39 judgment
2482 5797 33 20 as
2529 5792 31 25 to
2576 5787 54 31 the
2644 5794 121 33 nature,
2783 5791 115 38 object,
2915 5792 65 30 and
3000 5797 112 30 extent
3131 5795 36 31 of
3191 5795 54 31 the
3266 5806 148 36 property

2298 5825 36 30 of
2350 5824 52 33 the
2427 5825 129 39 church,
2586 5827 63 31 and
2666 5828 52 31 for
2737 5828 63 33 this

2813 5839 17 36 .
2830 5839 126 36 plrpose
2980 5831 39 33 do
3041 5835 159 43 zealously
3219 5836 123 35 further
3361 5841 54 33 the

2298 5865 94 31 views
2405 5865 36 31 of
2457 5866 49 30 his
2521 5868 169 41 Majesty's
2706 5879 202 22 commission
2923 5871 35 31 of
2975 5872 227 35 ecclesiastical
3216 5879 145 43 enquiry.

2337 5913 44 31 10.
2405 5913 88 33 That'
2504 5917 54 31 the
2572 5917 164 44 following
2750 5921 183 39 gentlemen
2948 5921 39 33 do
3002 5923 80 31 form
3098 5935 19 19 a
3126 5926 192 39 provisional
3328 5942 65 20 com-

2296 5954 117 38 mittee,
2430 5959 33 27 to
2477 5965 132 30 prepare
2622 5957 153 41 bye-laws
2789 5959 49 31 for
2850 5961 54 30 the
2918 5969 211 33 government
3142 5965 36 30 of
3194 5965 63 31 this
3276 5972 121 30 associa-

2294 5994 77 36 tion,
2391 5994 63 31 and
2476 5995 164 47 generally
2661 6000 31 28 to
2717 5997 134 35 forward
2865 5998 39 33 its
2926 6000 123 41 objects
3076 6009 208 38 preparatory
3306 6013 31 28 to
3359 6009 52 33 the

2296 6038 77 27 next
2383 6035 135 38 general
2531 6039 165 36 meeting..

2334 6082 54 33 W.
2411 6083 180 39 Chapman,
2608 6087 77 39 Esq.
2709 6088 313 33 Newcastle.—Rev.
3038 6090 20 33 R
3058 6090 20 33 o
3079 6090 20 33 b
3099 6090 41 33 er
3140 6090 20 33 t
3181 6093 19 39 G
3200 6093 77 39 reen
3277 6093 20 39 ,
3321 6098 17 33 v
3339 6098 17 33 i
3356 6098 54 33 car

2291 6121 36 31 of
2345 6121 96 41 Long
2463 6123 288 43 Horseley.—Rev.
2775 6128 88 30 Wm.
2887 6129 135 36 Hawks,
3041 6134 104 27 rector
3164 6131 36 31 of
3216 6132 192 36 Gateshead.

2293 6161 202 33 Fell.—Rev.
2512 6161 39 41 E.
2569 6162 88 41 Law,
2674 6172 107 27 curate
2797 6167 36 30 of
2850 6167 373 47 Whittingham—Rev.
3235 6172 33 31 S.
3283 6173 104 43 Meggi-

2290 6209 68 30 son,
2375 6202 88 31 vicar
2482 6202 36 31 of
2534 6202 247 35 Bolam.—Rev.
2806 6206 123 43 George
2956 6208 104 36 Price,
3077 6214 104 25 rector
3203 6209 36 30 of
3257 6209 151 36 Roma&

2290 6239 205 35 kirk.—Rev.
2524 6241 87 33 John
2644 6244 169 38 Sandford,
2844 6247 87 31 vicar
2953 6247 36 31 of
3019 6247 326 41 Chillingham.—W.
3369 6255 36 31 C.

2290 6279 150 39 Walters,
2471 6280 76 41 Esq.
2570 6280 310 38 Newcastle.—Rev.
2909 6287 39 33 T.
2978 6287 36 33 C.
3038 6287 176 39 Wiuscom,
3246 6294 102 30 rector
3375 6294 35 31 of

2290 6320 214 31 Warkworth.

2323 6425 194 38 FißE.—On
2550 6427 161 43 Saturday
2742 6430 94 39 night
2868 6431 69 39 last,
2972 6433 143 31 between
3148 6433 76 31 nine
3250 6438 65 31 and
3346 6444 54 28 ten

2285 6465 131 38 o'clock;
2444 6476 43 20 an
2512 6465 159 43 alarming
2698 6468 57 31 fire
2781 6469 98 33 broke
2907 6476 54 27 out
2994 6472 35 33 in
3061 6472 54 31 the
3145 6472 197 49 Laboratory
3369 6482 33 31 of

2283 6504 128 31 Messrs.
2444 6506 123 41 Horley
2592 6506 63 36 and
2683 6507 94 41 Eyre,
2806 6509 35 33 in
2868 6510 200 41 Seel-street;
3091 6512 54 31 the
3167 6512 107 35 flames
3301 6520 98 43 raged

2282 6543 74 31 with
2378 6548 90 36 great
2487 6543 80 41 fury,
2595 6545 65 31 arid
2679 6546 49 31 for
2751 6557 85 22 some
2860 6551 76 30 time
2962 6551 90 31 there
3077 6561 63 22 was
3167 6561 19 22 a
3213 6557 134 44 scarcity
3367 6562 35 30 of

2282 6587 104 27 water.
2430 6583 30 35 It
2485 6594 65 22 was
2575 6587 57 28 not
2657 6591 55 36 got
2735 6587 102 33 under
2861 6591 83 31 until
2972 6595 60 28 two
3052 6591 124 31 o'clock
3195 6602 43 22 on
3265 6595 112 36 Sunda
3378 6613 19 27 y
3372 6583 6 60 _

2279 6624 165 39 morning;
2466 6624 203 41 fortunately,
2688 6624 71 33 ther
2759 6624 19 33 e
2803 6638 61 22 was
2885 6630 66 31 littl
2951 6630 14 31 e
2986 6641 38 20 or
3046 6641 41 20 no
3107 6628 17 39 w
3124 6628 17 39 i
3142 6628 19 39 n
3161 6628 38 39 d,
3219 6643 38 22 or
3276 6636 52 33 the
3343 6643 36 27 ad-

2274 6661 131 41 joining
2417 6661 161 46 premises,
2605 6661 58 38 (an
2685 6666 161 31 extensive
2868 6671 142 38 cooper's
3030 6668 79 43 yard
3123 6668 63 33 and
3198 6669 85 44 shed,
3299 6679 63 31 and
3376 6691 17 19 a

2279 6710 98 30 range
2398 6702 44 33 of_
2450 6706 165 30 extensive
2638 6702 222 44 warehouses,)
2887 6713 85 25 must
2992 6709 79 30 have
3093 6709 115 30 shared
3231 6710 52 33 the
3307 6728 87 20 same

2276 6739 74 33 fate.
2394 6740 39 31 In
2446 6750 60 22 one
2521 6740 35 31 of
2575 6739 52 33 the
2649 6742 169 31 cauldrons
2841 6746 87 31 there
2945 6757 79 20 were
3038 6746 79 33 3000
3129 6746 35 33 lb
3178 6748 35 30 of
3224 6757 102 30 castor
3339 6757 54 39 oil,

2277 6780 98 30 which
2392 6791 61 19 was
2468 6780 113 39 totally
2594 6781 184 31 consumed.
2819 6784 68 33 The
2901 6786 153 41 premises
3068 6797 80 20 were
3161 6786 80 43 fully
3255 6792 137 36 insured.

2313 6828 191 31 MEASURES
2526 6836 72 24 AND
2619 6828 184 35 WEIGHTS.
2806 6835 91 33 —On
2926 6835 118 43 Friday
3071 6836 63 31 last
3156 6846 41 22 an
3227 6847 143 30 examina-

2274 6868 66 30 tion
2356 6869 36 30 of
2408 6877 159 22 measures
2581 6868 76 30 took
2671 6869 90 38 place
2776 6869 106 35 before
2898 6876 54 30 the
2961 6879 200 35 magistrates
3173 6887 8 27 ;
3205 6877 88 35 there
3309 6894 80 22 were

2274 6907 120 31 several
2413 6907 213 47 delinquents,
2643 6907 68 31 who
2732 6915 80 25 were
2835 6910 189 36 fined.--On
3041 6912 148 43 Tuesday
3202 6928 43 22 an
3271 6926 99 30 exami-

2271 6946 115 33 nation,
2409 6948 35 30 of
2461 6946 132 41 weights
2619 6946 63 30 and
2696 6948 98 30 scales
2809 6953 76 30 took
2901 6954 88 41 place
3003 6953 109 31 before
3126 6953 52 30 the
3197 6954 115 46 Mayor
3323 6965 66 31 and

2271 6986 175 31 Alderman
2474 6984 181 39 Sandbach,
2685 6986 33 30 in
2745 6987 55 30 the
2838 6989 266 39 Sessions-house,
3143 6994 123 43 Chapel
3266 7006 120 28 -street.

2271 7024 104 33 There
2389 7036 80 22 were
2490 7025 222 39 seventy-nine
2734 7036 96 27 cases,
2860 7031 110 33 eleven
2986 7031 36 30 of
3038 7031 87 30 them
3137 7043 80 22 were
3241 7038 79 33 from
3339 7044 46 30 St.

2271 7063 121 38 John's,
2420 7074 90 24 some
2531 7066 82 31 from
2639 7063 170 41 Islington,
2838 7071 60 30 and
2915 7074 46 28 St.
2986 7068 263 38 Martin's-in-the
3255 7079 129 33 -Field's

2271 7102 151 38 Markets,
2438 7104 65 31 and
2515 7106 85 33 front
2611 7102 96 41 shops
2721 7102 63 30 and
2809 7110 203 35 warehouses,
3038 7109 55 28 &c.
3137 7110 90 33 They
3244 7126 82 25 were
3342 7121 43 33 all

2268 7140 85 33 fined
2378 7142 172 44 according
2570 7146 35 28 to
2630 7142 83 31 their
2735 7142 145 43 trespass,
2932 7151 46 31 St.
3005 7146 134 35 James's
3169 7148 129 43 .11Zirket
3324 7170 60 24 was

2268 7187 126 36 eAempt
2405 7183 83 35 from
2501 7183 186 44 complaint.

3868 169 162 33 RURAL
4052 169 238 44 RCONOiir.

3561 268 192 36 COBBETT'S
3775 268 124 33 Method
3912 269 41 41 of
3967 269 140 47 Keeping
4121 285 20 20 a
4159 276 71 31 Cow
4243 288 80 31 upon
4335 294 20 19 a
4370 285 134 36 Quarter
4513 272 39 46 of
4556 272 28 28 a°

3942 320 77 31 Acre
4035 323 39 41 qf
4088 324 135 33 Ground.

4545 416 33 24 „,4

3564 414 38 31 In
3617 420 169 41 providing
3797 416 74 33 food
3882 417 50 31 for
3945 430 19 20 a
3978 431 22 22 c
4000 431 46 22 ow
4057 422 47 35 we
4115 430 85 28 must
4213 427 85 41 look,
4315 428 38 41 fir
4353 428 13 41 s
4365 428 27 41 t,
4408 436 16 28 a
4424 436 17 28 t
4463 428 50 33 the
4531 435 44 38 sv-
4575 435 14 38 p
4589 435 16 38 i

3523 465 82 28 cow;
3628 461 110 41 seeing
3753 461 69 28 that
3838 468 19 19 a
3871 468 66 22 cow
3953 461 35 30 of
4003 472 61 22 one
4082 471 65 27 sort
4161 468 65 31 will
4241 471 156 43 certainly
4417 468 120 43 require
4550 463 25 25 la

3523 494 80 31 than
3627 498 90 33 twice
3740 509 35 22 as
3798 496 94 31 much
3918 498 74 33 food
4016 512 35 20 as
4077 515 19 20 a
4123 517 66 20 cow
4213 509 36 30 of
4271 510 38 31 an
4309 510 19 31 o
4328 510 39 31 th
4367 510 41 31 er
4431 512 28 30 so
4460 512 44 30 rt.
4543 494 20 35 F
4565 494 16 58 °r
4581 494 16 58 oi
4597 494 8 58 l

3526 539 134 38 cottage,
3677 550 19 19 a
3712 548 69 22 cow
3794 535 36 31 of
3846 535 52 31 the
3915 539 88 35 small
4003 539 35 35 es
4038 539 19 35 t
4068 550 66 27 sort
4159 556 150 22 common
4331 550 33 30 in
4383 542 146 49 England
4543 543 24 47 ts
4567 543 13 47 ,
4580 543 13 47 n
4592 543 13 47 o

3524 584 96 31 every
3633 583 146 33 account,
3795 576 52 31 the
3863 575 88 41 best;
3975 580 63 31 and
4054 584 57 31 suc
4110 584 20 31 h
4146 595 19 20 a
4178 595 68 20 cow
4257 587 16 30 w
4272 587 50 30 ill
4337 595 55 24 not
4406 586 120 43 require
4540 572 65 68 ale

3524 617 135 39 seventy
3672 627 36 20 or
3720 616 113 41 eighty
3843 616 129 41 'pounds
3987 620 35 30 of
4030 622 43 39 go
4072 622 20 39 o
4093 622 22 39 d
4126 624 38 31 mo
4164 624 19 31 i
4183 624 20 31 s
4203 624 20 31 t
4238 625 17 31 f
4255 625 38 31 oo
4293 625 19 31 d
4326 627 17 31 i
4343 627 17 31 n
4375 627 14 31 t
4389 627 14 31 h
4403 627 14 31 e
4417 627 16 31 '
4441 627 72 31 twen
4513 627 36 31 tY

3523 652 107 31 hours.
3671 657 93 38 Now,
3781 657 71 28 how
3866 658 33 25 to
3920 657 80 30 raise
4016 661 63 30 this
4101 663 74 35 food
4191 674 41 20 on
4255 665 82 43 forty
4361 668 72 30 rods
4455 665 35 31 of
4506 660 68 43 gr°

3523 691 27 31 is
3572 691 91 33 'what
3677 706 46 20 we
3745 691 83 33 want
3849 698 33 25 to
3904 694 104 33 know.
4052 699 30 31 It
4102 701 181 44 frequently
4307 706 142 41 happens
4472 702 65 31 that
4556 701 16 19 a
4581 717 24 36 tif

3523 731 115 33 bourer
3650 732 57 33 has
3720 746 80 20 more
3813 732 77 31 than
3904 734 85 43 forty
4005 739 35 30 ro
4039 739 17 30 d
4057 739 19 30 s
4090 742 17 28 o
4107 742 19 28 f
4142 743 94 39 groun
4236 743 19 39 d
4255 743 20 39 .
4320 743 14 31 I
4334 743 16 31 t
4364 756 88 20 more
4461 735 143 54 freqUenitt,

3523 770 154 43 happens;
3690 773 71 31 that
3775 773 38 30 he
3830 772 55 30 has
3901 783 85 22 some
4013 789 117 28 common
4129 789 20 28 ,
4175 791 87 22 some
4277 783 16 38 l
4293 783 63 38 ane,
4375 794 85 22 some
4476 780 77 31 little

3523 809 44 31 let
3583 822 36 28 or
3633 813 99 39 other,
3756 813 57 33 for
3820 820 19 20 a
3863 817 72 36 part
3950 816 35 28 of
4002 816 54 30 the
4079 828 76 30 year
4170 824 33 27 at
4219 820 91 31 least.
4354 822 38 31 In
4408 820 76 33 such
4496 814 72 50 cases•
4569 814 11 50 t
4580 814 25 50 i,

3523 846 74 46 May
3611 847 98 35 make
3720 861 19 19 a
3753 850 148 31 different
3912 850 187 43 disposition
4115 858 35 30 of
4167 858 47 31 his
4230 861 132 39 ground,
4375 872 36 20 or
4425 869 72 31 may
4509 855 36 30 do
4556 847 16 55 b
4572 847 33 55 tu

3521 890 61 30 less
3598 890 77 30 than
3702 890 54 30 the
3781 890 85 41 forty
3885 891 82 30 rods.
4011 894 82 30 lam
4107 896 85 39 here,
4216 899 47 30 for
4287 901 200 41 simplicity's
4504 891 43 35 sak
4546 891 14 35 e
4561 891 16 35 '
4586 890 5 52 (
4591 909 13 33 1,

3521 937 143 33 suppose,
3698 928 69 33 that
3797 934 61 25 we.
3877 928 82 33 have
3983 931 83 43 forty
4091 935 72 30 rods
4197 937 35 30 of
4249 939 87 31 clear
4361 934 162 38 unshaded
4537 891 66 66 lamp

3520 967 123 30 besides
3657 965 85 33 what
3757 967 47 31 his
3820 967 98 31 house
3934 970 63 31 and
4013 972 91 31 sheds
4107 975 17 31 -
4124 975 88 31 stand
4224 986 102 31 upon;
4350 978 63 31 and
4427 978 66 31 that
4504 973 39 30 he
4551 964 16 30 b
4567 964 16 30 a

3520 1006 137 41 nothing
3663 1006 124 36 further
3794 1006 33 30 in
3841 1006 54 31 the
3909 1019 66 31 way
3987 1011 36 30 of
4033 1022 22 20 m
4055 1022 44 20 ea
4099 1022 22 20 n
4121 1022 22 20 s
4157 1017 16 27 t
4173 1017 16 27 o
4203 1016 19 41 k
4222 1016 60 41 eep
4296 1016 49 31 his
4359 1028 74 20 cow.
4472 1016 13 30 I
4501 992 63 66 suPP',
4564 992 11 66 e
4575 992 11 66 ,
4586 992 22 66 ,e

3520 1046 52 30 the
3592 1046 83 41 forty
3690 1046 71 30 rods
3781 1044 87 33 to-be
3883 1049 83 30 clear
3986 1050 65 30 and
4074 1054 156 30 unshaded
4239 1068 13 24 ;
4274 1057 49 30 for
4339 1055 82 31 lam
4441 1060 33 27 to
4488 1047 58 54 supl
4546 1047 30 54 3l
4576 1047 14 54 l
4591 1047 16 54 o

3521 1083 69 31 that
3603 1083 91 31 when
3723 1096 19 20 a
3765 1098 76 19 man
3868 1087 110 33 thinks
4005 1091 38 28 of
4061 1091 69 39 fire
4146 1101 102 31 quarts
4274 1094 41 46 of
4326 1098 72 28 milk
4420 1094 91 38 a-day
4534 1088 22 25 01
4556 1088 13 25 '
4581 1109 11 30 b
4592 1109 13 30 e

3518 1131 142 33 average•
3668 1124 52 30 all'
3726 1124 54 31 the
3795 1135 77 31 year
3885 1128 110 39 round,
4013 1129 39 31 he
4076 1131 65 30 will
4156 1135 55 27 not
4233 1134 94 30 suffer
4348 1132 46 33 his
4413 1124 120 50 ground
4545 1124 17 27 I'
4562 1124 9 27 3
4591 1150 8 24 t
4598 1150 9 24 ,

3518 1162 214 31 encumbered
3743 1164 44 43 by
3800 1165 200 41 apple-trees,
4017 1169 71 31 that
4112 1170 71 39 give
4197 1172 77 41 only
4287 1172 54 31 the
4354 1183 109 22 means
4487 1167 35 31 of
4537 1161 71 49 tread

3517 1200 55 43 ing
3586 1202 47 30 his
3647 1202 145 35 children
3813 1209 31 25 to
3860 1205 52 31 fits
3926 1206 36 30 of
3978 1206 54 31 the
4055 1208 189 43 belly-ache,
4268 1222 36 20 or
4326 1213 74 31 with
4419 1206 126 38 currant

4557 1197 28 57 ,an
4586 1197 19 57 to

3515 1241 194 43 gooseberry
3724 1243 126 38 bushes,
3874 1244 112 39 which,
4013 1247 123 39 though
4156 1247 85 31 their
4263 1250 77 30 fruit
4359 1252 38 31 do
4414 1258 76 31 very
4567 1236 13 58 f
4580 1236 25 58 t,

3515 1290 118 28 amuse,
3660 1282 99 39 really
3783 1282 71 39 give
3876 1283 137 41 nothing
4027 1287 19 30 w
4046 1287 41 30 or
4087 1287 41 30 th
4148 1288 19 30 o
4167 1288 19 30 f
4192 1288 19 39 f
4211 1288 39 39 oo
4250 1288 20 39 d
4285 1296 115 35 except
4411 1296 33 25 to
4460 1290 49 30 the

4583 1302 22 30 io

3515 1318 85 30 birds
3616 1318 63 39 and
3693 1320 161 31 thrushes.'
3890 1320 69 33 The
3972 1324 126 39 ground
4112 1326 27 30 is
4153 1331 33 27 to
4206 1326 39 31 be
4261 1328 80 31 clear
4359 1331 36 30 of
4411 1334 90 28 trees,
4518 1326 46 41 an,
4575 1346 14 33 o
4589 1346 14 33 p

3515 1357 52 30 the
3595 1359 112 41 spring
3735 1370 46 20 we
3808 1361 63 30 will
3898 1370 135 31 suppose
4055 1364 27 30 it
4101 1369 16 27 t
4117 1369 17 27 o
4162 1365 39 30 be
4230 1369 96 30 dean.
4367 1369 93 30 'Then
4482 1364 49 33 dig

3513 1395 113 43 deeply,
3643 1409 44 25 or,
3706 1398 102 31 which
3824 1398 27 30 is
3865 1398 110 41 better,
3992 1405 16 30 t
4008 1405 69 30 renc
4077 1405 17 30 h
4118 1405 33 36 it,
4175 1405 17 43 k
4192 1405 55 43 eep
4247 1405 17 43 i
4265 1405 57 43 ng,
4339 1406 19 36 h
4357 1406 113 36 owever
4471 1406 19 36 ,
4506 1402 98 49 th,`4

3512 1438 57 43 spit
3592 1436 35 30 of
3643 1436 52 31 the
3720 1438 61 31 soil
3792 1446 33 24 at
3847 1439 49 30 the
3920 1446 13 35 t
3932 1446 14 35 o
3946 1446 28 35 p.
4020 1441 24 41 L
4044 1441 24 41 a
4068 1441 24 41 y
4112 1443 27 31 it
4153 1443 35 31 in
4211 1446 101 41 ridges
4334 1446 33 31 in
4383 1446 91 41 April
4490 1449 33 24 or
4539 1441 25 54 lu
4564 1441 13 54 t
4576 1441 13 54 T
4589 1441 13 54 e

3513 1476 96 30 about
3630 1480 60 25 two
3712 1477 66 31 feet
3800 1483 101 36 apart,
3928 1479 66 31 and
4014 1480 93 30 made
4134 1482 77 41 high
4227 1483 63 31 and
4307 1485 16 43 s
4323 1485 17 43 h
4340 1485 35 43 ar
4375 1485 35 43 p.
4454 1480 99 33 When
4564 1501 13 33 t
4576 1501 25 33 se

3512 1513 101 41 weeds
3627 1526 121 30 appear
3759 1517 98 33 about
3876 1518 88 31 three
3980 1520 109 31 inches
4104 1521 87 41 high,
4211 1526 19 28 t
4230 1526 57 28 urn
4307 1524 35 30 th
4342 1524 17 30 e
4376 1524 102 30 ridges
4493 1520 88 54 int°,
4581 1520 19 54 4

3510 1553 131 31 furrows
3658 1556 118 35 (never'
3781 1557 47 30 m
3828 1561 69 38 any
3912 1559 49 28 the
3973 1561 121 41 ground
4109 1561 52 30 but
4175 1564 33 28 in
4224 1564 57 39 dry
4298 1565 159 36 weather,)
4471 1554 60 38 and
4542 1562 16 17 v
4562 1576 38 36 hei

3509 1592 44 31 all
3569 1592 52 36 the
3635 1595 110 30 weeds;
3789 1595 25 31 D
3814 1595 27 31 o
3865 1597 46 30 thi
3910 1597 16 30 s
3942 1608 35 19 as
3991 1598 17 30 o
4008 1598 35 30 ft
4043 1598 36 30 en
4093 1609 33 19 as
4150 1600 17 31 t
4167 1600 17 31 h
4184 1600 19 31 e
4227 1602 60 30 wee
4287 1602 20 30 d
4307 1602 20 30 s
4343 1608 54 35 get
4416 1602 16 31 t
4431 1602 17 31 h
4449 1602 52 31 ree
4515 1595 50 41 ine
4565 1595 17 41 i
4583 1595 17 41 t

3510 1630 87 41 high,
3611 1633 65 30 and
3690 1631 43 41 by
3745 1633 52 31 the
3811 1635 57 31 fall
3880 1646 41 35 yo
3921 1646 20 35 u
3957 1636 16 31 w
3973 1636 49 31 ill
4038 1636 19 31 h
4057 1636 58 31 ave
4129 1639 50 41 rea
4180 1639 33 41 ll
4213 1639 17 41 y
4243 1641 17 31 c
4260 1641 17 31 l
4277 1641 57 31 ean
4345 1641 93 43 groun
4438 1641 38 43 d,
4491 1630 22 38 a
4513 1630 47 38 nd

4545 1636 9 49 .
4554 1636 9 49 3
4564 1636 33 49 ;i,

3509 1679 77 31 poor
3598 1672 132 39 ground.
3764 1671 106 33 There
3885 1685 27 20 is
3926 1676 52 30 the
3992 1676 123 41 ground
4128 1677 77 31 then
4222 1680 52 47 rea
4274 1680 54 47 dy.
4364 1682 41 30 Ab
4405 1682 43 30 ou
4447 1682 22 30 t
4482 1676 49 33 the
4545 1676 52 43 P,,a

3509 1709 36 30 of
3559 1710 134 39 August,
3710 1710 55 31 but
3781 1720 17 22 n
3798 1720 17 22 o
3816 1720 17 22 t
3855 1713 43 36 ear
3898 1713 28 36 li
3926 1713 30 36 er
3956 1713 16 36 ,
4000 1724 17 30 p
4017 1724 38 30 re
4055 1724 19 30 p
4074 1724 57 30 are
4156 1728 19 19 a
4189 1717 36 31 ro
4225 1717 19 31 d
4266 1721 16 28 o
4282 1721 16 28 f
4320 1729 77 30 your
4409 1710 90 50 groun
4499 1710 38 50 d,
4551 1710 50 41 it,

3509 1746 63 39 put
3578 1757 87 22 some
3679 1761 126 19 manure
3822 1750 33 31 in
3876 1751 24 30 it
3918 1751 63 38 (for
3997 1762 85 20 some
4098 1764 63 30 you
4183 1761 83 25 must
4280 1757 107 41 have),
4406 1757 61 33 and
4483 1757 58 27 sow
4550 1751 49 36 n

3509 1784 69 33 half
3594 1787 36 30 of
3644 1787 27 30 it
3690 1784 77 33 with
3787 1791 88 39 early
3902 1789 93 31 York
4019 1791 238 41 cabbage-seed,
4285 1798 63 28 and
4372 1798 54 30 the
4446 1795 87 31 other
4548 1787 24 57 l
4572 1787 24 57 e

3509 1827 72 30 with
3611 1827 178 41 sugar-loaf
3805 1828 140 41 cabbage
3970 1830 82 38 seed,
4077 1831 19 31 b
4096 1831 19 31 o
4115 1831 39 31 th
4170 1833 17 30 o
4187 1833 17 30 f
4222 1835 35 30 th
4257 1835 19 30 e
4296 1843 66 24 true
4387 1843 72 31 sort,
4479 1835 16 30 i
4494 1835 16 30 n
4534 1824 31 30 ill
4578 1839 22 39 if

3507 1865 87 30 drills
3608 1869 33 27 at
3655 1866 87 44 eight
3757 1865 112 33 inches
3888 1872 101 36 apart,
4008 1869 63 31 and
4087 1871 52 31 the
4161 1872 90 33 seeds
4266 1872 69 33 thin
4353 1876 33 30 in
4400 1876 52 31 the
4468 1865 83 44 drill%
4570 1890 25 30 be

3507 1902 52 30 the
3589 1904 106 39 plants
3718 1917 88 20 come
3822 1917 43 31 up
3887 1913 33 25 at
3942 1913 60 25 two
4027 1909 109 31 inches
4157 1918 91 35 apart
4272 1913 82 41 (and
4375 1917 74 39 they
4471 1906 129 57 soula,ric

3507 1942 134 31 thinned
3655 1943 27 30 if
3698 1943 153 44 thicker),
3869 1957 61 22 you
3945 1948 16 31 w
3961 1948 47 31 ill
4024 1946 19 33 h
4043 1946 61 33 ave
4118 1961 19 19 a
4148 1950 33 44 pl
4181 1950 87 44 enty.
4312 1954 22 30 A
4334 1954 24 30 s
4378 1965 77 19 soon
4472 1961 31 22 as
4526 1943 68 63 Nl,,

3507 1976 54 35 out
3573 1983 35 27 of
3624 1983 54 28 the
3693 1984 132 43 ground,
3850 1983 58 33 lioe
3926 1986 52 31 the
4003 1987 124 39 ground
4153 1991 113 41 nicely,
4287 1994 65 30 and
4376 1998 17 36 p
4394 1998 35 36 re
4428 1998 54 36 tty
4496 1984 98 52 deeP„,,

3507 2019 63 31 and
3583 2020 94 39 again
3691 2031 33 19 in
3742 2031 17 19 a
3781 2024 57 30 few
3863 2025 87 43 dap.
3992 2027 109 31 When
4123 2027 54 33 the
4198 2028 106 39 plants
4329 2031 41 33 ha
4370 2031 20 33 v
4391 2031 20 33 e
4431 2031 47 30 six
4502 2025 30 55 lea
4532 2025 9 55 s
4542 2025 20 55 ur
4562 2025 20 55 ''
4583 2047 14 22 e

3506 2058 102 30 which
3635 2058 65 31 will
3723 2058 38 31 be
3797 2072 77 30 very
3899 2076 69 28 soon
3969 2076 17 28 ,
4022 2066 35 41 di
4057 2066 19 41 g
4099 2077 54 31 up,
4178 2068 46 31 ma
4224 2068 24 31 k
4247 2068 24 31 e
4298 2069 28 39 fi
4326 2069 46 39 ne,
4400 2069 63 33 and
4487 2068 68 30 man

3506 2096 135 31 another
3652 2096 57 31 rod
3723 2106 38 22 or
3772 2102 69 33 two,
3857 2101 65 31 and
3940 2106 91 38 prick
4052 2109 55 27 out
4123 2118 85 20 some
4224 2109 115 41 plants,
4356 2110 77 31 4000
4446 2109 33 31 of
4496 2107 66 54 eatl
4562 2107 35 54 be

3506 2137 77 30 rovYs
3600 2140 33 27 at
3646 2135 20 30 8
3679 2135 112 30 inches
3809 2143 101 33 apart,
3937 2143 63 28 and
4013 2143 88 30 three
4115 2146 112 30 inches
4241 2157 33 22 in
4288 2150 54 30 the
4359 2161 71 19 row.
4476 2143 60 46 licie
4535 2143 13 46 j
4569 2153 35 41 se'

3506 2175 124 41 ground
3650 2175 143 31 between
3814 2178 87 28 them
3924 2180 107 36 often,
4031 2180 36 36 an
4068 2180 19 36 d
4109 2184 77 41 they
4211 2187 63 30 will
4294 2198 85 30 grow
4400 2191 71 33 fast,
4493 2189 57 25 an.
4567 2203 30 30 ic.o

3507 2211 134 46 straight
3655 2213 63 33 and
3739 2219 120 38 strong.
3901 2216 16 30 I
3934 2227 132 31 suppose
4083 2220 35 31 th
4118 2220 17 31 a
4135 2220 17 31 t
4169 2224 17 30 t
4186 2224 17 30 h
4203 2224 52 30 ese
4268 2225 19 31 b
4287 2225 19 31 e
4306 2225 19 31 d
4324 2225 19 31 s
4364 2228 16 30 f
4380 2228 33 30 or
4427 2225 16 43 p
4443 2225 16 43 l
4458 2225 35 43 an
4493 2225 35 43 ts
4542 2217 36 58 ta
4578 2217 19 58 w

3506 2255 69 30 four
3600 2254 71 33 rods
3698 2254 35 31 of
3750 2265 79 30 your
3857 2257 135 38 ground.
4035 2257 99 41 Early
4161 2260 33 30 in
4222 2263 192 39 November,
4438 2266 55 36 or;'
4507 2265 31 25 as
4570 2282 25 27 re

3504 2293 137 31 weather
3663 2302 74 33 may
3759 2302 98 30 serve,
3882 2304 19 20 a
3924 2293 80 31 little
4022 2294 115 31 earlier
4153 2307 36 20 or
4202 2299 88 38 later,
4307 2302 54 41 lay
4380 2313 94 22 some.
4485 2293 91 50 mauu-
4576 2293 19 50 a

3507 2332 50 33 (of
3575 2332 101 31 which
3690 2334 16 31 I
3723 2332 82 31 shall
3817 2343 58 30 say
3894 2343 87 22 more
4005 2334 173 43 hereafter)
4202 2337 143 35 between
4367 2343 54 30 the
4447 2340 90 39 ridges
4537 2340 16 39 ,

3504 2370 52 31 the
3569 2373 91 31 other
3682 2373 99 43 thirty
3794 2373 80 39 rods,
3898 2373 65 33 and
3976 2378 74 28 turn
4071 2373 54 33 the
4140 2373 104 44 ridges
4258 2387 74 20 over
4346 2391 41 20 on
4400 2383 63 30 this
4476 2373 63 58 Enaul
4539 2373 13 58 l
4551 2373 13 58 '
4564 2373 13 58 e
4576 2373 25 58 s,

3504 2409 63 30 and
3583 2411 76 31 then
3671 2414 181 39 transplant
3860 2420 83 35 'your
3957 2416 106 41 plants
4076 2427 43 20 on
4134 2416 54 31 the
4202 2416 113 43 ridges,
4331 2422 33 27 at
4384 2420 110 31 fifteen
4504 2416 69 35 me
4573 2420 13 43 s
4586 2420 14 43 r

3504 2454 101 35 apart:
3649 2452 88 31 Here
3750 2455 76 39 they
3838 2454 63 31 will
3913 2454 93 33 stand
4019 2455 54 31 the
4085 2457 128 38 winter;
4235 2454 65 35 and
4309 2465 63 33 you
4386 2465 85 25 must
4485 2461 47 27 see
4545 2461 13 49 L
4557 2461 28 49 ou
4586 2461 14 49 r

3504 2488 50 30 the
3572 2490 83 41 slugs
3679 2491 39 30 do
3742 2498 57 25 not
3811 2498 35 27 ea
3846 2498 17 27 t
3874 2494 38 30 th
3912 2494 39 30 em
3951 2494 20 30 .
4016 2494 33 31 If
4060 2507 63 31 any
4139 2498 106 41 plants
4252 2498 65 38 fail,
4334 2507 63 31 you
4411 2498 79 33 have
4506 2490 28 58 Pl
4534 2490 14 58 e
4548 2490 14 58 o
4562 2490 31 58 do

3502 2528 33 30 in
3548 2528 52 30 the
3625 2531 60 30 bed
3699 2531 82 31 wher
3781 2531 22 31 e
3830 2543 20 30 y
3850 2543 43 30 ou
3907 2534 17 39 p
3924 2534 19 39 r
3943 2534 19 39 i
3962 2534 19 39 c
3981 2534 19 39 k
4013 2534 43 33 th
4055 2534 44 33 em
4120 2542 36 35 ou
4156 2542 19 35 t
4175 2542 19 35 ;
4219 2531 16 38 t
4235 2531 33 38 or
4276 2546 80 33 your
4364 2535 16 44 t
4380 2535 31 44 hi
4411 2535 47 44 rty
4458 2535 16 44 -
4474 2535 16 44 s
4490 2535 33 44 ix
4540 2532 13 50 r
4570 2553 13 30 r
4583 2553 13 30 y

3502 2567 63 30 will
3581 2573 55 25 not
3649 2569 126 43 require
3797 2578 87 24 more
3898 2573 79 28 than
3989 2573 79 31 4000
4088 2575 33 39 pl
4121 2575 33 39 an
4154 2575 16 39 t
4170 2575 17 39 s
4187 2575 17 39 .
4247 2576 31 31 If
4296 2576 35 31 th
4331 2576 19 31 e
4365 2576 17 31 w
4383 2576 17 31 i
4400 2576 19 31 n
4419 2576 19 31 t
4438 2576 38 31 er
4488 2575 35 28 be
4537 2573 14 50 s
4551 2573 28 50 ck
4580 2573 14 50 4

3501 2606 87 38 hard,
3605 2608 63 31 and
3683 2609 63 30 bad
3759 2609 49 30 for
3819 2620 82 28 your
3912 2609 117 41 plants,
4060 2622 63 31 you
4150 2616 113 30 should
4290 2620 58 27 not
4373 2624 85 24 carer
4479 2609 36 35 36
4532 2609 13 25 r
4545 2609 14 25 °

3501 2646 57 30 but
3583 2654 63 31 you
3665 2649 80 38 'may
3761 2647 52 28 the
3839 2647 55 28 bed
3920 2647 102 31 where
4047 2654 54 28 the
4124 2657 65 27 rest
4206 2655 38 30 of
4260 2663 79 33 your
4359 2657 104 39 plants
4483 2657 57 25 are.
4564 2646 9 52 e
4584 2646 9 52 0

3501 2683 77 30 little
3578 2683 14 30 -
3605 2683 87 30 litter
3704 2694 38 19 or
3761 2688 102 33 straw,
3882 2696 36 20 or
3928 2687 82 33 dead
4022 2699 87 30 grass
4131 2702 39 22 or
4181 2693 79 39 fern,
4283 2694 65 31 laid
4362 2696 77 31 alon
4439 2696 20 31 ,

3499 2720 54 30 the
3570 2731 77 19 rows
3660 2721 66 30 and
3745 2721 55 30 the
3814 2723 113 41 plants,
3948 2731 55 27 not
4025 2732 31 27 to
4072 2742 96 20 cover
4189 2732 54 31 the
4257 2734 115 38 leaves,
4395 2721 63 43 win
4471 2718 46 54 pre
4517 2718 46 54 sen
4562 2718 31 54 t;

3499 2757 87 30 them
3602 2759 200 39 completely.
3846 2761 54 33 Wh
3899 2761 54 33 en
3972 2767 76 41 peop
4047 2767 19 41 l
4066 2767 19 41 e
4109 2772 118 41 compla
4227 2772 20 41 i
4247 2772 20 41 n
4290 2773 36 31 of
4342 2775 43 30 all
4403 2772 82 33 their
4507 2761 88 60 piabut

3498 2795 96 39 being
3617 2798 85 28 "'eta
3717 2798 54 41 off;
3786 2800 8 13 '
3816 2798 77 43 they
3909 2802 80 33 have
4002 2805 33 31 in
4055 2808 66 31 fact
4134 2811 134 41 nothing
4287 2817 33 27 to
4335 2808 157 44 complain
4507 2798 30 35 of
4564 2825 28 31 ho

3498 2831 9 82 e
3507 2831 19 82 th
3526 2831 9 82 o
3535 2831 9 82 e
3545 2831 9 82 m
3554 2831 20 82 ir
3575 2831 30 82 pla
3605 2831 9 82 o
3614 2831 9 82 i
3624 2831 9 82 v
3633 2831 9 82 i
3643 2831 11 82 i
3654 2831 11 82 l
3665 2831 11 82 n
3676 2831 22 82 ed

3707 2836 20 72 of
3728 2836 74 72 extreme
3802 2836 65 72 aiihis
3874 2843 219 36 carelessness.
4143 2849 31 31 If

4128 2849 66 71 cutit
4194 2838 403 90 loffhOidshaougmardceuntehrie334.

3498 2918 104 41 pretty
3616 2915 140 44 quickly.
3797 2917 33 33 If
3847 2917 90 33 those
3959 2920 35 31 in
4006 2921 54 31 the
4076 2924 162 44 thirty-six
4263 2931 71 30 rods
4356 2929 57 31 fail
4427 2929 33 28 in
4474 2920 58 43 part
4532 2920 16 43 !
4559 2921 11 47 m
4570 2921 11 47 d
4581 2921 13 47 ,

3498 2964 41 39 up
3553 2954 90 33 those
3660 2957 115 41 pdaces,
3792 2957 82 33 later
3899 2959 35 30 in
3954 2959 54 30 the
4024 2962 121 43 winter,
4169 2965 43 47 by
4236 2969 106 41 plants
4365 2969 82 31 from
4468 2962 50 31 the
4539 2954 17 58 O
4556 2954 17 58 v
4573 2954 19 58 a

3498 2994 28 33 It
3546 3008 61 30 you
3622 2995 66 33 find
3712 2997 52 31 the
3780 2998 124 41 ground
3926 2998 57 39 dry
4008 3005 33 27 at
4055 3003 54 43 top
4132 3006 117 41 during
4268 3009 120 36 winter,
4413 3008 58 28 hoe
4483 3002 31 33 it,
4542 2997 17 54 a
4559 2997 17 54 o
4576 2997 17 54 ,

3494 3036 203 43 particularly
3717 3047 79 22 near
3809 3038 52 31 the
3885 3038 115 43 plants,
4016 3043 65 30 and
4094 3049 71 27 root
4178 3055 55 22 out
4244 3047 46 31 all
4304 3047 83 39 slugs
4405 3043 63 33 and

3496 3076 74 30 And
3589 3072 91 36 when
3696 3079 115 30 March
3824 3087 115 27 conies,
3956 3077 63 31 and
4033 3080 52 31 the
4107 3085 124 39 ground
4255 3087 27 30 is
4294 3087 71 41 dry;
4378 3087 60 30 hoe
4452 3080 74 35 deep
4540 3076 27 46 3
4567 3076 27 46 4

3493 3113 79 36 well,
3605 3115 63 30 and
3683 3118 90 28 earth
3798 3117 54 31 the
3877 3113 107 44 plants
4011 3128 43 33 up
4068 3121 85 31 close
4169 3128 16 27 t
4184 3128 16 27 o
4222 3124 35 30 th
4257 3124 17 30 e
4291 3124 19 33 l
4310 3124 76 33 ower
4408 3124 110 30 leaves.

4545 3117 55 50 ...`,4?

3493 3162 77 20 soon
3583 3164 36 24 as
3633 3153 54 31 the
3702 3156 54 41 pla
3756 3156 17 41 n
3773 3156 36 41 ts
3833 3157 96 38 beg;in
3945 3159 31 25 to
4000 3169 94 28 grow,
4112 3161 36 41 di
4148 3161 19 41 g
4181 3164 35 38 th
4216 3164 19 38 e
4247 3165 124 41 ground
4386 3161 74 33 with
4472 3164 19 24 a
4509 3156 20 49 5
4529 3156 20 49 1
4550 3156 22 49 )
4572 3156 22 49 0

3493 3191 96 30 Clean'
3603 3192 65 31 and
3690 3195 80 36 well,
3792 3195 65 31 and
3879 3195 44 28 let
3942 3192 52 31 the
4013 3197 76 39 spad
4088 3197 20 39 e
4131 3211 41 31 go
4194 3213 33 20 as
4244 3213 79 22 near
4345 3208 30 27 to
4389 3202 35 31 th
4424 3202 17 31 e
4457 3194 135 54 plantsera

3491 3239 72 30 you.
3576 3241 61 22 eau
3661 3235 131 31 without
3816 3231 140 41 actually
3976 3233 88 50 displ
4065 3233 35 50 ac
4099 3233 17 50 i
4117 3233 38 50 ng
4175 3241 17 31 t
4192 3241 17 31 h
4209 3241 17 31 e
4249 3244 16 41 p
4265 3244 17 41 l
4282 3244 69 41 ants
4351 3244 17 41 .
4419 3233 77 36 Give

3490 3268 134 33 another
3638 3272 134 43 digging
3787 3274 33 30 in
3835 3283 19 19 a
3868 3271 121 38 month,
4014 3276 63 30 and
4106 3276 24 31 it
4150 3280 102 31 weeds
4279 3291 91 22 come
4392 3276 33 35 in
4425 3276 16 35 .
4441 3276 50 35 the
4512 3271 13 50 0
4524 3271 13 50 1
4537 3271 13 50 ,
4550 3271 14 50 3
4564 3271 28 50 „d

3491 3302 101 44 While,
3611 3310 63 39 hoe,
3698 3315 65 28 and
3786 3313 14 30 l
3800 3313 14 30 e
3814 3313 16 30 t
3846 3313 55 28 not
3915 3321 61 20 one
4000 3310 60 33 live
4085 3326 19 20 a
4128 3321 99 28 week.
4269 3324 20 14 `°
4306 3321 69 31 Oh`!
4400 3318 82 31 what
4494 3315 9 58 a
4504 3315 9 58 s
4572 3315 20 58 ot

3490 3346 33 35 of
3542 3350 129 33 work!”
3715 3353 107 31 Well!
3846 3350 57 30 but
3926 3350 25 30 it
3965 3350 27 30 is
4014 3351 50 33 for
4077 3359 145 41 yourself,
4246 3361 63 31 and
4324 3356 121 35 besides
4468 3353 24 30 it
4506 3346 9 30 i

3488 3386 44 31 all
3548 3387 35 31 to'
3594 3389 39 30 be
3649 3391 82 31 done
3746 3392 33 31 in
3797 3403 19 20 a
3830 3391 61 38 day
3901 3400 8 6 •
3934 3389 61 31 and
4013 3402 44 20 we
4079 3395 31 31 sh
4110 3395 16 31 a
4126 3395 35 31 ll
4186 3400 176 39 by-and-by
4378 3408 52 20 see
4443 3389 79 35 what
4534 3383 22 27 it
4573 3416 16 19 s

3488 3427 200 41 altogether.,
3731 3431 52 41 By
3811 3428 54 44 the
3901 3428 49 30 Ist
3975 3428 36 31 of
4027 3431 87 35 June
4151 3446 61 30 you
4243 3439 63 30 will
4340 3441 79 27 have
4449 3431 68 58 turn
4517 3431 17 58 e
4534 3431 35 58 An
4569 3431 17 58 d

3487 3468 153 43 cabbages,
3657 3469 63 30 and
3735 3479 77 22 soon
3836 3477 63 31 you
3912 3468 65 30 will
4000 3469 79 33 have
4104 3472 54 31 the
4172 3477 52 41 ear
4224 3477 36 41 ly
4279 3477 20 28 Y
4299 3477 41 28 or
4340 3477 20 28 k
4361 3477 22 28 s
4397 3469 14 36 s
4411 3469 72 36 olid.
4561 3491 28 25 to

3487 3502 43 43 by
3543 3506 112 33 theist
3672 3509 35 30 of
3724 3509 87 31 June
3822 3510 68 38 you
3909 3517 74 33 may
4003 3513 55 36 get
4071 3520 19 35 y
4090 3520 19 35 o
4109 3520 20 35 u
4129 3520 20 35 r
4164 3526 55 27 cow
4219 3526 19 27 ,
4265 3521 41 25 on
4306 3521 20 25 e
4339 3513 35 31 th
4373 3513 17 31 a
4391 3513 19 31 t
4422 3513 27 30 is
4463 3506 87 33 about
4570 3531 17 22 u

3487 3543 98 39 calve,
3613 3557 36 19 or
3660 3548 57 28 has
3737 3550 71 35 just
3831 3546 120 36 calved,
3978 3550 65 31 and
4058 3557 16 25 a
4074 3557 16 25 t
4107 3553 47 31 thi
4154 3553 16 31 s
4191 3556 36 28 ti
4227 3556 38 28 me
4282 3553 57 28 suc
4339 3553 20 28 h
4375 3564 19 19 a
4411 3557 41 25 co
4452 3557 22 25 w
4491 3548 31 24 as
4534 3531 54 66 yd

3487 3583 63 31 will
3573 3591 87 27 want
3682 3586 65 31 will
3767 3587 63 33 not,
3857 3583 102 35 thank
3981 3589 165 43 goodness,
4173 3595 68 28 cost
4260 3589 99 31 above
4384 3592 60 31 five
4468 3586 57 41 Po
4528 3583 20 55 a
4548 3583 20 55 r
4569 3583 20 55 e

3490 3620 13 30 I
3520 3622 82 31 shall
3616 3627 99 41 speak
3737 3624 35 30 of
3789 3622 52 31 the
3857 3624 91 39 place
3972 3631 33 27 to
4019 3628 80 41 keep
4113 3631 57 30 her
4192 3631 43 33 in,
4257 3628 65 30 and
4343 3631 35 30 of
4394 3631 52 30 the
4468 3624 118 55 masher

3485 3661 63 30 and
3561 3661 85 33 litter
3660 3660 186 44 by-and-by.
3888 3661 187 49 Atpresent
4093 3669 16 31 I
4121 3668 82 33 shall
4222 3668 126 33 confine
4364 3661 115 49 myself
4493 3661 30 36 to.

4545 3674 43 41 till

3483 3710 87 22 mere
3586 3702 88 33 .food.
3715 3701 69 36 The
3802 3701 162 43 thirty-six
3986 3706 80 36 rods,
4090 3707 27 30 if
4134 3709 52 27 the
4206 3707 157 43 cabbages
4383 3709 44 30 all
4443 3706 63 27 stop

3485 3735 38 43 they
3524 3739 35 39 they
3581 3743 54 35 got
3663 3739 87 36 solid,
3775 3740 102 31 would
3907 3743 71 41 giVe
4000 3745 55 31 her
4076 3745 74 31 food
4170 3746 49 30 for
4238 3746 58 33 200
4324 3750 87 35 days,
4438 3743 31 30 at
4488 3739 41 55 e!,
4529 3739 13 55 e
4542 3739 14 55 3
4556 3739 28 55 .t

3483 3778 123 39 pounds
3635 3778 117 41 weight
3776 3789 57 30 per
3857 3780 71 44 day,
3959 3783 101 31 which
4087 3784 25 30 is
4139 3794 88 22 more
4246 3787 77 30 than
4345 3783 54 36 slie
4420 3775 94 38 would

4523 3776 8 58 o
4531 3776 36 58 _t*,
4567 3776 9 58 e
4576 3776 9 58 .

3483 3817 65 30 But
3561 3827 63 30 you
3636 3820 85 30 must
3734 3827 57 20 use
3803 3828 85 22 some
3902 3824 35 27 at
3948 3822 68 31 first
4025 3820 69 33 that
4109 3827 57 27 are'
4175 3828 58 28 not
4244 3827 90 38 solid,
4346 3824 61 35 and
4422 3820 71 39 theu
4509 3806 58 30 coin

3483 3857 35 28 of
3531 3855 93 30 them
3635 3858 63 30 will
3712 3857 77 41 split
3806 3857 109 31 before
3928 3869 65 30 you
4005 3869 60 20 can
4079 3871 55 20 use
4148 3863 96 33 them.
4287 3866 66 33 But
4367 3868 58 41 you
4452 3860 39 57 Ilt
4491 3860 28 57 uf
4537 3876 11 33 t
4548 3876 35 33 i's

3482 3894 71 41 pigs
3578 3898 33 27 to
3636 3896 74 43 help
3734 3894 46 33 off
3802 3894 74 35 with
3901 3898 96 41 them,
4024 3899 69 33 and'
4115 3906 33 28 to
4173 3913 94 31 gnaw
4291 3906 52 33 the
4369 3891 19 69 h
4387 3891 38 69 ea
4425 3891 20 69 t
4447 3891 91 72 anted

4554 3913 28 30 is

3480 3935 131 38 stumps.
3655 3935 94 33 Some
3772 3935 36 33 of
3824 3935 52 33 the
3898 3948 38 31 su
3935 3948 57 31 gar
3992 3939 35 33 -l
4027 3939 88 33 oaves
4134 3953 74 31 may
4227 3945 19 31 h
4246 3945 61 31 ave
4323 3946 19 30 b
4342 3946 58 30 een
4417 3946 31 30 P-
4471 3937 24 61 n
4494 3937 47 61 ug
4556 3954 27 25 to

3482 3970 52 33 the
3550 3973 126 43 spring;
3699 3975 65 31 and
3778 3975 71 31 thus
3861 3976 52 33 the
3913 3976 35 33 se
3956 3976 162 44 thirty-six
4131 3983 71 31 rods
4219 3984 61 31 will
4299 3989 54 35 get
4372 3986 61 38 you
4455 3969 47 33 al°

4517 3991 16 35 ,
4532 3991 16 35 s
4548 3991 33 35 ia

3466 4008 99 36 !some
3586 4013 74 33 time
3683 4016 35 31 in
3740 4016 197 41 September.
3983 4019 90 39 Now,
4098 4020 99 39 mind,
4224 4024 33 31 in
4279 4024 123 33 March,
4422 4009 39 36 an
4461 4009 20 36 d
4496 4016 14 52 a
4510 4016 76 52 live.

3465 4043 47 49 lin
3548 4052 102 41 April,
3680 4065 65 20 sow
3772 4065 87 22 more
3879 4058 85 44 early
4000 4058 98 39 Yorks,
4132 4061 65 30 and
4228 4068 54 36 get
4309 4065 87 30 them
4408 4060 31 27 to
4465 4050 36 30 be

4531 4058 28 39 .1
4559 4058 16 39 4

3479 4083 214 50 stont'plants,
3710 4104 35 20 as
3759 4106 63 30 you
3843 4094 54 33 did
3915 4098 88 33 those
4024 4098 35 33 in
4074 4087 52 46 the
4145 4101 66 33 fall.
4255 4102 65 43 Dig
4340 4110 41 31 up
4403 4096 52 31 the
4469 4087 74 58 grete
4548 4102 14 30 b-

3479 4131 63 30 and
3556 4142 132 22 manure
3704 4132 33 39 it,
3756 4134 72 44 and,
3846 4146 33 20 as
3901 4139 63 30 fast
3989 4150 35 19 as
4050 4150 61 30 you
4137 4146 55 25 cut
4217 4140 165 43 cabbages,
4411 4146 19 30 p

3477 4167 115 41 bages,'
3600 4170 65 31 and
3679 4172 33 30 in
3726 4172 54 31 the
3792 4184 87 20 same
3899 4173 135 33 manner
4047 4178 65 30 and
4134 4180 74 31 with
4230 4180 52 31 the
4301 4189 85 24 same
4408 4167 90 46 cultir,
4498 4167 13 46 3
4510 4167 14 46 „
4545 4173 16 39 o
4561 4173 16 39 f

3477 4216 35 20 as
3523 4208 118 31 before.
3685 4209 91 33 Your
3802 4211 61 31 last
3888 4216 146 38 planting
4061 4217 65 30 will
4150 4217 39 30 be
4216 4220 96 35 about
4337 4217 52 31 the
4416 4200 109 43 middle

3477 4246 134 39 August,
3627 4247 74 31 with
3728 4247 85 33 stout
3825 4250 113 39 plants,
3970 4254 63 31 and
4060 4255 88 31 these
4172 4258 65 30 will
4257 4269 88 20 serve
4367 4263 60 35 you
4454 4246 60 31 into
4528 4243 16 49 r
4543 4243 31 49 er

3476 4285 110 28 month
3600 4285 35 28 of
3646 4287 191 31 November.
3879 4290 82 31 Now
3975 4302 44 19 we
4035 4291 80 33 have
4128 4299 33 25 to
4175 4298 129 38 provide
4318 4296 82 33 from
4416 4280 165 61 Deceurof

3482 4324 30 25 to
3539 4321 79 44 May
3633 4323 162 39 inclusive,
3819 4328 63 30 and
3902 4329 79 39 that,
4011 4334 61 35 too,
4096 4335 55 28 out
4175 4335 36 30 of
4244 4337 61 31 this
4334 4343 83 24 same
4446 4323 22 61 Pp
4468 4323 24 61 ie
4491 4323 11 61 a
4502 4323 11 61 c
4513 4323 11 61 r
4524 4323 13 61 i
4537 4323 13 61 o
4550 4323 25 61 n,

3476 4361 132 36 ground.
3652 4361 39 30 In
3720 4364 184 31 November
3924 4369 88 30 there
4035 4375 85 27 must
4145 4372 41 31 be
4211 4375 124 31 arrived
4356 4376 33 28 at
4408 4370 80 41 perle
4498 4394 28 33 13,
4539 4383 36 27 as

3474 4397 79 31 woo
3565 4398 115 43 turnip,
3687 4398 117 41 plants.
3844 4403 113 41 These,
3975 4406 131 33 without
4120 4411 52 31 the
4186 4424 123 28 greens,
4326 4414 83 30 must
4424 4398 74 54 tv,eig

3474 4446 41 19 an
3529 4446 146 31 average,
3691 4439 61 30 five
3767 4443 134 38 pounds,
3926 4446 65 30 and
4003 4446 72 41 this,
4098 4454 33 27 at
4145 4450 107 44 eighty
4269 4450 123 44 pounds
4405 4446 49 33 a-u
4454 4446 16 33 3
4469 4446 35 33 Y'
4523 4474 11 17 g
4546 4447 30 39 id

3474 4474 80 43 keep
3570 4476 52 33 the
3635 4487 66 22 cow
3720 4479 220 44 eighty-seven
3961 4483 88 44 days;
4072 4490 65 30 and
4156 4491 88 33 there
4260 4493 60 36 are,
4328 4493 55 28 but
4397 4483 52 35 182
4463 4480 19 60 l
4482 4480 19 60 u
4501 4480 19 60 i
4520 4480 38 60 es
4557 4480 19 60 t

3474 4513 87 33 these
3572 4517 61 30 'six
3655 4520 135 33 months.
3833 4521 68 33 The
3923 4535 112 28 greens
4057 4528 63 33 will
4140 4531 82 33 have
4235 4531 113 41 helped
4364 4531 54 28 out
4431 4520 49 33 the
4548 4539 28 27 to

3474 4556 164 43 cabbages,
3661 4562 31 27 to
3721 4557 91 44 carry
3827 4573 63 30 you
3910 4564 135 46 through
4069 4569 191 44 November,
4283 4570 63 31 and
4367 4562 135 54 perhaPs
4502 4562 20 54 d
4540 4580 17 27 0
4557 4580 17 27 0

3474 4592 192 36 December.
3709 4595 71 36 But
3800 4602 49 31 for
3876 4602 87 33 these
3984 4616 49 20 six
4060 4609 128 30 months
4222 4620 60 30 you
4302 4609 83 30 must
4405 4600 91 55 dePen
4496 4600 38 55 se
4548 4617 19 25 t'

3472 4636 135 44 nothing
3633 4638 57 31 but
3710 4639 54 30 the
3786 4641 140 33 Swedish
3948 4646 134 43 turnips.
4124 4649 76 31 And
4219 4658 71 22 now
4307 4649 71 30 how
4391 4650 50 22 are
4455 4630 79 35 these
4534 4657 13 28 0
4546 4657 27 28 ,„

3471 4676 39 33 be
3523 4677 63 31 had
3600 4676 80 46 upon
3694 4679 49 31 the
3756 4680 79 31 same
3847 4685 120 39 ground
3981 4685 65 31 that
4063 4688 83 30 bears
4161 4687 52 33 the
4227 4688 154 38 cabbages
4392 4685 11 27 ?
4474 4679 16 22 II
4546 4690 31 31 at

4446 4709 14 33 b
4460 4709 14 33 a
4474 4709 60 33 ires

4411 4131 85 46 plant

4507 4124 27 58 ,t
4534 4124 13 58 r
4546 4124 28 58 on

3471 4728 55 19 are
3550 4718 69 28 now
3639 4720 99 41 going
3759 4723 33 27 to
3814 4731 61 22 see.
3920 4723 109 33 When
4044 4726 74 39 y
4118 4728 91 39 plant

4153 4767 69 30 rk
4222 4731 52 27 out
4294 4731 77 36 your
4386 4717 57 30 cab

3471 4754 55 39 the
3539 4761 124 35 out-set,
3676 4761 61 36 putt
3756 4759 68 31 first
3836 4772 19 19 a
3869 4772 63 20 row
3946 4764 36 30 of
3997 4764 135 31 earl
4132 4776 82 28 os,
4231 4767 76 30 then
4320 4772 19 20 a
4353 4764 61 25 row
4428 4751 35 31 of

4065 4737 41 72 you
4479 4734 71 47 saga

3469 4794 90 38 leafs,
3573 4795 65 31 and
3663 4806 35 20 so
3713 4808 41 19 on
3770 4798 135 41 through
3906 4798 38 41 ou
3943 4798 20 41 t
3981 4802 54 33 the
4055 4816 101 30 piece.
4198 4806 46 30 Of
4261 4806 117 28 course,
4400 4802 33 20 as
4454 4794 60 33 you

3469 4838 31 28 to
3515 4844 61 30 use
3589 4835 55 35 the
3661 4836 88 33 early
3770 4835 107 35 Yorks
3898 4839 76 39 first,
3989 4854 63 30 you
4065 4839 65 35 will
4143 4849 54 27 cut
4211 4850 93 31 every
4318 4835 90 33 other
4420 4835 77 41 Irv;
4517 4854 58 35 or

3469 4872 52 33 the
3537 4871 96 46 early'
3641 4869 109 36 Yorks
3764 4876 68 30 that
3847 4877 71 33 you'
3926 4890 35 22 ar
3961 4890 19 22 e
3994 4885 16 28 t
4009 4885 16 28 o
4050 4880 91 43 gout
4156 4883 33 31 iu
4211 4885 145 30 summer,
4381 4869 63 33 wilt
4528 4890 44 35 the

3468 4913 162 33 intervals.
3671 4915 189 46 By-and-by
3882 4917 52 33 the
3943 4926 217 36 sugar-loaves
4169 4932 54 22 are
4230 4926 52 28 cut
4293 4924 98 31 away,
4406 4915 61 27 ana
4482 4915 14 50 I
4496 4915 16 50 %
4512 4915 31 50 re
4543 4915 31 50 .,

3468 4953 82 31 their
3564 4953 88 41 place
3666 4954 65 30 will
3849 4954 140 36 Swedish
4000 4956 148 46 turnips,.
4148 4973 63 20 vou
4224 4957 132 44 digging
4365 4950 60 35 and
4441 4950 69 27 man
4521 4964 54 39 lot

3468 4992 57 43 ing
3630 4991 124 44 ground
3781 4994 43 30 as'
3844 4995 31 30 in
3901 4998 55 41 the
3973 5009 72 22 case
4066 5006 31 27 of
4118 4995 52 36 the
4189 5000 173 39 cabbages;
4384 4987 134 69 andfauto
4531 5003 13 28 ,
4543 5003 28 28 it

3466 5043 63 31 you
3542 5031 66 39 will
3622 5033 66 30 find
3712 5031 98 38 about
3830 5035 123 35 sixteen
3975 5039 83 41 rods,
4082 5039 101 33 where
4206 5049 61 31 you
4282 5036 63 31 will
4357 5033 77 31 have
4463 5035 16 19 o

4496 5022 19 71 o
4515 5022 60 71 ;_f

3466 5076 52 27 too
3532 5072 72 38 late,
3630 5072 74 30 and'
3715 5068 189 49 unieeeissatw
3904 5068 16 49 .
3934 5079 132 38 besides,
4091 5085 31 25 to
4146 5083 87 36 pant
4252 5087 61 28 any
4335 5066 115 36 second
4465 5069 31 58 clr

3466 5110 167 43 cabbages.
3676 5112 88 31 Here
3781 5112 52 31 the
3849 5115 142 33 Swedish
4005 5120 123 41 tornips
4153 5117 61 31 will
4228 5113 91 31 stand
4339 5112 33 30 in
4387 5113 76 27 rows
4477 5102 30 28 cr

4518 5093 35 27 to

3465 5150 65 31 feet
3542 5156 91 38 apart
3649 5150 82 35 (and
3750 5146 115 49 always
3880 5165 19 19 a
3913 5157 66 30 foot
4002 5164 91 35 apart
4115 5167 33 20 in
4170 5154 54 31 the
4246 5153 91 43 row),
4359 5148 63 31 and
4436 5145 68 31 thus
4518 5146 17 44 L
4535 5146 35 44 ds

3465 5189 63 31 will
3542 5191 82 31 have
3636 5187 79 35 3000
3739 5191 139 44 turnips;
3901 5195 20 31 a
3921 5195 20 31 n
3942 5195 22 31 d
3978 5195 27 33 if
4022 5198 35 30 th
4057 5198 52 30 ese
4123 5195 20 31 d
4143 5195 20 31 o
4186 5195 55 28 not
4263 5187 101 43 weigh
4384 5187 60 31 five
4460 5186 72 50 puwi
4532 5186 17 50 h
4550 5186 19 50 e

3465 5230 77 31 each
3556 5239 41 22 on
3611 5241 43 20 au
3672 5239 146 35 average,
3849 5235 52 31 the
3923 5233 85 36 'fault
4019 5239 83 27 must
4123 5235 39 28 be
4189 5231 31 30 in
4235 5230 52 31 the
4318 5228 68 30 seed
4408 5235 35 22 or
4468 5227 28 60 in
4496 5227 57 60 trer
4553 5227 14 60 ,

3465 5269 233 41 Management.
3742 5269 68 33 The
3825 5269 39 36 Sw
3865 5269 20 36 e
3885 5269 82 36 diSh
3989 5272 17 41 t
4006 5272 35 41 ur
4041 5272 52 41 nip
4093 5272 19 41 s
4126 5280 52 22 are
4192 5268 104 35 raised
4315 5268 33 33 in
4362 5268 61 33 this
4436 5269 50 33 mn

3465 5309 74 30 You
3567 5309 63 33 will
3655 5309 77 35 bear
3759 5310 30 31 in
3805 5310 88 33 mind
3907 5313 35 31 th
3942 5313 19 31 e
3978 5313 20 41 f
3998 5313 61 41 our
4072 5312 66 30 rods
4153 5310 36 31 of
4205 5309 132 41 ground,
4353 5309 33 30 in
4402 5298 96 38 which

4506 5321 60 38 010

3463 5345 80 38 have
3559 5348 102 31 sowed
3676 5350 63 30 and
3761 5350 132 41 pricked
3907 5357 55 25 out
3975 5361 19 33 y
3994 5361 20 33 o
4014 5361 41 33 ur
4074 5350 139 41 cabbage
4227 5350 115 41 plants.
4384 5343 68 33 The
4474 5342 14 35 P
4488 5342 16 35 t
4512 5346 14 52 s
4526 5346 44 52 ,if

3463 5384 69 33 that
3545 5386 63 31 will
3635 5387 38 30 be
3688 5387 58 31 left
3759 5387 87 33 there
3861 5391 72 38 will,
3950 5392 33 30 in
4008 5389 101 43 April,
4139 5398 88 22 serve
4252 5398 63 33 you
4343 5387 47 31 for
4416 5381 82 54 green
4498 5381 33 54 it
4531 5381 33 54 s.

3463 5436 63 30 you
3539 5436 74 20 ever
3627 5431 52 27 eat
3701 5438 72 30 any,
3802 5428 120 31 though
3934 5430 99 31 bread
4046 5428 63 31 and
4121 5428 101 31 bacon
4238 5439 54 19 are
4307 5436 76 31 very
4397 5424 164 93 gocelrgitr,

3463 5468 55 27 out
3531 5476 124 28 greens,
3671 5465 63 33 and
3756 5468 106 31 rather
3883 5469 104 31 better
4000 5468 77 33 than
4093 5468 85 31 with.
4220 5468 44 31 At
4277 5479 63 30 any
4353 5468 77 30 rate,
4446 5461 80 33 the
4526 5461 39 47 ear.

3463 5499 101 35 Whieh
3578 5504 55 31 has
3655 5507 113 39 strong
3786 5517 121 30 powers
3926 5509 38 30 of
3976 5507 167 41 digestion,
4165 5507 65 31 will
4252 5515 148 24 consume
4427 5494 63 44 this,

4501 5510 60 38 _6l,

3461 5542 91 41 bage.
3594 5543 16 31 I
3625 5554 19 20 a
3657 5550 72 41 part
3739 5546 35 31 of
3783 5546 88 30 these
3885 5546 71 31 four
3970 5548 71 31 rods
4054 5557 65 30 you
4131 5546 71 38 will,
4219 5546 33 30 in
4268 5543 115 33 March
4398 5535 61 36 and
4474 5539 50 55 ft!'
4524 5539 38 55 for

3461 5592 35 20 as
3507 5583 106 31 before
3635 5584 148 38 directed,
3806 5584 80 31 have
3909 5595 85 22 sown
4019 5584 63 33 and
4098 5586 101 30 raised
4213 5595 80 33 your
4307 5583 87 41 early
4409 5576 94 52 Yurt„
4504 5576 19 52 s
4523 5576 38 52 re

3460 5620 54 31 the
3528 5631 137 22 summer
3685 5624 156 41 planting.
3883 5624 90 38 Now,
3989 5625 33 30 in
4044 5625 52 31 the
4112 5627 55 28 last
4192 5627 82 36 week
4285 5627 36 30 of
4337 5624 87 38 May,
4441 5624 71 38 plia'

3461 5669 17 20 a
3504 5666 128 35 quarter
3657 5665 36 27 of
3709 5672 19 19 a
3756 5661 57 33 rod
3838 5663 36 31 of
3890 5661 63 33 this
3965 5665 132 38 ground,
4126 5663 65 31 and
4216 5676 63 20 sow
4306 5665 31 38 it,
4359 5660 131 65 preceisFi

4509 5658 35 50 an
4543 5658 17 50 d

3452 5698 153 35 .directed
3613 5701 52 30 for
3685 5701 54 31 the
3761 5701 238 41 cabbage-seed,
4022 5702 74 33 with
4120 5702 140 31 Swedish
4282 5707 153 33 turnip-se
4454 5698 17 57 °
4471 5698 17 57 s
4488 5698 17 57 t
4506 5698 35 57 we
4540 5698 19 57 d

3460 5746 63 20 sow
3537 5748 19 20 a
3570 5742 128 35 quarter
3718 5740 35 28 of
3770 5748 19 20 a
3803 5739 57 30 rod
3885 5750 90 30 every
3986 5740 82 31 three
4094 5742 85 39 days,
4203 5743 50 30 till
4282 5753 61 31 you
4369 5740 80 28 have
4509 5750 33 35 da
4542 5750 17 35 y

3460 5780 60 25 two
3548 5776 82 30 rods.
3672 5775 33 31 If
3721 5776 54 30 the
3794 5776 52 41 fly
3871 5789 121 30 appear,
4009 5789 94 22 cover
4128 5781 54 30 the
4195 5792 79 20 rows
4299 5791 76 22 over
4402 5776 31 30 in
4447 5769 47 38 the
4515 5791 44 33 bt;

3458 5817 69 28 time
3548 5814 74 31 with
3643 5816 269 43 cabbage-leaves,
3937 5817 63 33 and
4027 5820 74 30 take
4131 5819 52 33 the
4206 5820 104 33 leaves
4343 5817 46 33 off
4405 5817 31 28 at
4463 5816 17 20 °
4494 5806 63 55 goo

3457 5850 69 35 how
3548 5854 71 33 well
3643 5855 143 35 between
3811 5857 52 31 the
3876 5857 82 43 plant
3957 5857 17 43 s
3975 5857 17 43 ,
4008 5858 20 31 a
4028 5858 43 31 nd
4085 5860 22 31 w
4107 5860 22 31 h
4129 5860 46 31 en
4189 5861 38 41 th
4227 5861 38 41 ey
4276 5871 55 20 are
4346 5857 16 33 s
4362 5857 47 33 afe
4425 5854 65 28 frill

3457 5894 52 46 fly,
3524 5894 69 31 thin
3608 5894 87 33 them
3707 5899 33 28 to
3762 5898 71 31 four
3852 5898 109 33 inches
3983 5902 91 38 apart
4094 5899 33 31 in
4148 5901 35 31 th
4183 5901 17 31 e
4224 5910 54 22 row
4277 5910 19 22 .
4337 5898 68 31 The
4427 5890 77 43 twu_
4506 5885 13 54 r
4518 5885 41 54 are

3455 5932 63 31 will
3531 5934 71 44 give
3616 5946 66 31 you
3698 5937 113 39 nearly
3822 5935 69 41 flue
3907 5939 36 31 th
3943 5939 36 31 ou
3980 5939 19 31 s
3998 5939 38 31 an
4036 5939 19 31 d
4071 5940 31 41 pl
4102 5940 31 41 an
4134 5940 16 41 t
4150 5940 16 41 s
4165 5940 17 41 ,
4205 5939 102 31 which
4334 5937 25 31 is
4386 5931 46 52 200
4447 5931 14 52 U
4477 5931 76 52 fats,

3455 5972 76 33 than
3559 5984 63 31 you
3649 5976 65 30 will
3739 5980 96 28 want.
3877 5976 99 33 From
3998 5976 63 33 thit
4085 5980 63 31 bed
4161 5991 63 30 you
4252 5978 85 31 draw
4359 5978 79 38 your
4452 5973 41 54 Pn
4493 5973 20 54 ,
4528 5983 30 30 0

3455 6014 31 28 to
3509 6014 178 46 transplant
3706 6014 33 33 in
3762 6016 54 31 the
3835 6016 124 43 ground
3980 6017 102 31 where
4104 6017 52 33 the
4172 6017 140 43 cabbage
4328 6016 79 31 have
4422 6013 90 30 s
4512 6022 16 35 t
4528 6022 31 35 ha

3454 6050 107 33 before
3575 6054 151 33 directed.
3767 6055 74 31 You
3855 6055 113 31 should
3981 6057 180 41 transplant
4173 6068 83 20 none
4279 6054 96 33 much
4394 6044 117 47 before.,
4510 6044 30 47 st
4540 6044 16 47 ,

3452 6090 118 35 middle
3589 6093 36 31 of
3641 6094 85 39 July,
3745 6093 63 31 and
3820 6098 58 27 not
3890 6094 96 30 much
4000 6094 80 33 later
4094 6098 76 30 than
4186 6098 52 30 the
4252 6090 117 38 middle
4383 6088 35 31 of
4433 6088 20 54 it
4454 6088 30 54 ...
4483 6088 9 54 3
4493 6088 20 54 16
4513 6088 9 54 0
4523 6088 11 54 ;
4534 6088 11 54 5
4545 6088 11 54 y

3452 6128 39 33 In
3507 6131 50 30 the
3572 6134 61 28 two
3649 6134 80 36 rods,
3756 6132 129 31 whence
3904 6142 65 31 you
3989 6135 72 30 take
4077 6146 79 30 your
4169 6135 107 41 turnip
4290 6134 113 43 plants,
4419 6126 60 39 you

4521 6132 35 39 eh

3450 6167 88 33 leave
3551 6170 107 39 plants
3683 6175 31 27 to
3740 6181 90 20 come
3855 6173 30 30 to
3899 6172 183 41 perfection,
4099 6180 33 27 at
4159 6180 58 27 two
4244 6176 63 30 feet
4318 6165 156 38 distances
4485 6187 31 28 ki
4528 6169 16 38 o
4543 6169 16 38 f

3450 6217 77 31 way,
3545 6209 65 31 and
3622 6209 63 33 this
3699 6209 65 31 will
3778 6209 71 43 give
3863 6220 63 33 you
3939 6222 69 20 over
4020 6214 63 31 and
4101 6216 88 33 above
4202 6216 58 31 840
4272 6206 123 50 pounds
4408 6203 96 46 Ivor
4512 6217 43 36 or

3449 6249 134 39 turnips.
3627 6247 63 33 For
3717 6250 54 30 the
3789 6249 93 31 other
3901 6254 61 30 two
3976 6252 72 31 rods
4068 6255 63 31 will
4156 6255 41 31 be
4217 6250 126 47 ground
4364 6247 123 31 enotte
4521 6260 30 30 0

3449 6296 61 30 you
3524 6290 31 28 to
3570 6298 63 22 sow
3652 6298 79 31 your
3751 6288 142 43 cabbage
3913 6290 106 41 plants
4033 6293 31 31 in
4087 6294 25 30 it
4124 6298 33 27 at
4183 6294 52 31 the
4249 6291 61 35 end
4324 6290 36 33 of
4378 6282 65 39 Mr
4443 6282 31 39 s

3446 6324 139 33 directed
3598 6328 47 30 for
3660 6329 60 30 last
3732 6329 276 39 year.—Cobbett's
4022 6332 128 44 Cottage
4161 6334 161 39 Economy.

3483 6386 50 31 TO
3556 6387 161 31 RESTORE
3739 6387 113 36 FROST
3852 6387 47 36 ED
3921 6392 20 35 P
3942 6392 148 35 OTATOES
4090 6392 96 35 .—A
4211 6398 61 27 mos
4272 6398 20 27 t
4326 6373 191 60 effectualrt

3446 6425 74 31 thod
3545 6427 55 30 has
3622 6427 79 31 been
3717 6427 183 36 discovered
3920 6431 44 49 by
3984 6444 19 20 a
4027 6435 216 31 Cumberland
4257 6420 291 63 gentlemanef:rS

3444 6465 115 43 simply
3586 6469 33 28 to
3646 6468 91 30 allow
3762 6468 54 31 the
3841 6472 124 44 potatoe
3965 6472 19 44 s
4011 6477 16 28 t
4027 6477 16 28 o
4071 6485 109 20 reman
4206 6474 17 30 i
4224 6474 17 30 n
4271 6472 49 30 the
4342 6466 57 43 pits
4398 6466 14 43 ,
4438 6468 16 55 a
4454 6468 49 55 wee
4502 6468 49 55 ksi

3443 6513 107 22 severe
3562 6506 87 38 frost,
3676 6506 50 31 till
3742 6507 52 31 the
3808 6510 19 31 m
3827 6510 19 31 i
3846 6510 41 31 ld
3907 6510 58 33 wea
3965 6510 39 33 th
4005 6510 41 33 er
4068 6513 55 30 has
4142 6517 47 27 set
4211 6513 31 30 in
4268 6512 50 30 for
4337 6510 82 28 some

4370 6540 112 38 expose

4523 6520 27 27 to

3441 6543 63 30 and
3518 6543 150 44 allowing
3687 6546 88 31 them
3789 6553 16 27 t
3805 6553 16 27 o
3843 6561 129 22 recover
3997 6551 52 43 gra
4049 6551 17 43 d
4066 6551 36 43 ua
4102 6551 36 43 ll
4139 6551 17 43 y
4156 6551 19 43 .
4220 6553 31 30 If
4268 6557 60 22 onc
4328 6557 20 22 e

3441 6583 52 31 the
3507 6584 211 43 atmospheric
3731 6587 60 39 air,
3808 6598 41 25 no
3865 6595 54 28 art
3928 6591 65 31 will
4005 6602 129 20 recover
4145 6589 120 35 frosted
4279 6587 151 44 potatoes.

3482 6643 172 33 RECEIPTS
3688 6657 65 22 FOR
3776 6660 217 24 DESTROYING
4020 6660 150 22 INSECTS.
4216 6650 39 31 To
4287 6649 117 33 destroy
4444 6671 8 9 ,

3438 6680 99 33 Toast
3556 6683 52 30 the
3624 6687 99 35 fleshy
3748 6690 65 30 side
3827 6691 36 30 of
3879 6690 54 31 the
3956 6690 134 30 out-side
4112 6691 74 30 skin
4200 6690 38 31 of
4252 6701 19 19 a
4285 6687 87 43 piece
4392 6676 36 35 of
4520 6683 16 38 o
4535 6683 16 38 f

4520 6683 16 38 o
4535 6683 16 38 f

3436 6720 50 31 till
3498 6721 25 30 it
3537 6721 25 31 is
3576 6724 99 41 crisp;
3699 6726 76 33 then
3789 6729 54 43 lay
3865 6729 25 30 it
3904 6739 41 19 on
3959 6728 54 30 the
4027 6729 126 39 ground
4167 6732 33 28 at
4214 6729 50 31 the
4282 6728 68 28 root
4364 6729 33 22 or

4416 6753 72 30 over
4501 6734 46 33 the

3436 6769 61 33 any
3515 6761 77 33 fruit
3603 6769 66 28 tree
3683 6765 69 33 that
3769 6769 25 30 is
3808 6765 135 33 infested
3950 6765 44 41 by
4013 6772 83 41 ants.
4137 6769 65 31 Put
4222 6762 180 38 something
4520 6773 27 27 to

4372 6794 13 33 c
4384 6794 13 33 r
4406 6789 16 35 f
4422 6789 16 35 a
4438 6789 66 35 sten

3436 6798 99 31 bacon
3559 6805 30 30 to
3603 6805 82 43 keep
3706 6805 25 31 it
3743 6806 60 41 dry
3814 6817 11 30 ;
3846 6806 55 33 the
3921 6809 71 27 ants
4016 6806 60 30 will
4101 6817 39 33 go
4156 6806 101 33 under
4279 6805 33 36 it,,
4328 6813 19 19 a

3435 6836 41 39 it;
3498 6838 52 31 lift
3575 6841 27 31 it
3624 6854 43 33 up
3691 6846 142 41 quickly,
3860 6844 65 31 and
3950 6846 52 39 dip
4027 6846 25 31 it
4079 6847 68 31 into
4172 6858 19 19 a
4219 6846 63 41 pail
4309 6841 36 31 of
4365 6831 31 60 wa
4397 6831 31 60 tE
4428 6831 16 60 :
4444 6831 16 60 r
4460 6831 50 60 ri;
4510 6831 17 60 -
4528 6831 17 60 r

3433 6877 117 43 destroy
3561 6880 99 47 Slugs,
3672 6883 187 39 4-v.—Take
3871 6894 19 20 a
3896 6883 150 43 quantity
4057 6887 35 30 of
4101 6887 142 46 cabbage
4257 6883 112 30 leaves,
4380 6879 20 39 an
4400 6879 11 39 ,
4411 6879 33 39 ,L,
4501 6879 16 41 t
4517 6879 31 41 at

3433 6920 57 38 put
3504 6917 85 33 them
3616 6926 69 28 into
3698 6934 19 19 a
3732 6934 98 20 warm
3850 6932 91 30 oven,
3970 6935 35 19 or
4019 6924 76 33 hold
4118 6926 85 30 them
4227 6924 104 30 oefore
4356 6913 49 33 the
4425 6918 16 57 n
4441 6918 16 57 o
4457 6918 33 57 rf
4490 6918 35 57 se
4524 6918 17 57 y

3433 6956 74 41 they
3521 6964 54 35 get
3589 6962 85 38 quite
3690 6964 71 44 soft;
3761 6964 16 44 .
3795 6961 76 35 then
3885 6965 57 30 rub
3957 6964 87 31 them
4060 6965 72 30 with
4146 6961 146 35 unsalted
4309 6956 113 31 butter,
4438 6950 41 44 or
4479 6950 63 44 iii

3431 6995 77 35 kind
3523 6998 36 30 of
3575 7000 83 31 fresh
3672 7002 159 41 dripping,
3849 7003 63 31 and
3926 7005 54 39 lay
3994 7005 87 31 them
4090 7005 33 30 in
4140 7005 52 30 the
4208 7003 104 39 places
4329 6991 85 65 infel
4414 6991 17 65 e

3430 7035 94 39 slugs.
3569 7038 36 31 In
3620 7050 17 19 a
3663 7041 57 28 few
3735 7039 94 33 hours
3852 7043 54 30 the
3926 7044 106 31 leaves
4049 7044 63 31 will
4137 7044 41 30 be
4197 7036 99 36 found
4321 7038 98 30 cover.

3428 7076 98 30 snails
3539 7077 63 31 and
3616 7079 94 39 slugs,
3729 7079 101 31 which
3846 7091 72 30 may
3931 7082 77 33 then
4024 7083 36 31 of
4076 7093 110 22 course
4202 7080 39 30 be
4257 7068 165 43 destroyed
4482 7068 3 54 '

4430 7090 87 39 „ero-

3428 7124 65 30 way
3510 7117 52 28 the
3576 7117 156 41 gardener
3745 7128 74 33 may
3833 7120 54 33 thi
3887 7120 19 33 n
3906 7120 19 33 k
3942 7121 46 31 fit.
4035 7121 17 31 W
4052 7121 36 31 oo
4088 7121 55 31 dli
4143 7121 38 31 ce
4192 7118 63 31 and
4269 7113 82 33 Earn
4362 7113 50 36 ;92,
4427 7113 6 47 ,

3427 7164 74 20 ever
3515 7154 72 35 they
3602 7157 91 38 exist,
3718 7157 63 31 will
3794 7159 49 33 als
3843 7159 17 33 o
3880 7161 19 31 b
3899 7161 19 31 e
3934 7161 17 33 a
3951 7161 35 33 tt
3986 7161 52 33 rac
4038 7161 17 33 t
4055 7161 17 33 e
4072 7161 17 33 d
4113 7161 43 41 by
4170 7161 17 30 l
4187 7161 17 30 e
4205 7161 71 30 aves
4294 7153 71 31 thus
4381 7153 43 35 Pr`
4425 7137 16 43 -
4441 7137 16 43 P
4457 7137 31 43 ar

3427 7194 30 30 if
3474 7191 109 44 placed
3600 7195 31 31 in
3646 7197 52 31 the
3713 7198 91 31 sheds
3819 7200 74 43 they
3909 7202 157 41 frequent.

1742 8 106 49 TH'

1917 8 249 54 .LIVER
2178 13 191 50 POOL
2405 16 416 57 STANDARD,

4650 6636 13 58 „
4663 6636 28 58 it
4691 6636 14 58 t
4706 6636 14 58 ;

4647 7077 35 58 h:
4682 7077 17 58 r
4699 7077 19 58 h

4646 7213 14 55 k
4674 7213 13 55 4
