4721 7435
391 126 209 55 Unita(
622 128 209 60 *t4tesli.

69 250 112 77 F,
394 235 25 30 A
443 235 121 41 regular
589 236 107 31 trader.
712 236 47 31 for
773 236 85 31 BOS
899 235 68 30 dN.

414 272 46 31 To
476 274 58 31 sail
545 285 41 20 on
602 276 54 33 the
669 276 72 33 20th
759 276 49 30 De
857 276 91 36 fiber,

41 306 33 71 t7
74 306 16 71 2
90 306 101 71 11r-:;
323 313 69 31 The
405 313 162 33 first-class
581 317 206 31 American"'
817 324 31 30 ip
871 310 175 38 MOREA,

494 354 31 31 J.
542 354 161 33 GIRDLER
775 357 99 33 aster;

39 392 150 31 Burthen
203 391 60 33 350
274 395 82 36 tons,
380 394 165 41 coppered,
569 394 63 33 and
652 394 27 30 is
707 394 65 30 -ell
792 394 118 30 known
931 402 35 20 as
980 398 20 20 a
1011 387 85 30 most
1110 383 41 31 eli-

39 431 91 39 gi:ile
150 441 203 31 conveyance
373 435 49 31 for
443 435 106 31 Goods
567 433 65 31 and
655 431 313 41 Passengers,---For
981 433 109 27 terms,
1107 424 55 30 &c.

109 469 6 22 i

39 480 102 28 app-y
156 472 33 28 to
515 472 153 31 CYRUS
690 471 228 31 MORRALL
937 468 66 31 and
1024 463 102 33 SON.

375 532 43 31 To
436 531 124 30 succeed
573 531 49 30 the
638 529 126 31 LORD.
781 528 211 36 STANLEY,

457 570 65 30 For
542 569 112 31 NEW
680 567 228 38 ORLEANS,

409 609 69 33 The
494 608 80 41 Brig
589 606 187 33 NELSON
800 605 153 38 WOOD,

490 649 85 31 SAM.
600 647 109 36 BALL,
731 646 137 31 Master•

38 688 44 31 A.
101 690 25 31 1.
156 690 145 31 Burthen
321 701 57 28 per
397 688 135 41 register
557 687 58 31 309
638 691 83 33 tons,
745 690 60 35 top
865 683 39 30 ed
932 680 63 33 and
1030 688 113 30 copper-

39 729 250 31 fastened—For
302 728 120 43 freight
436 739 35 19 or
483 735 132 33 passage
631 723 98 43 apply

595 764 33 31 J.
652 769 27 25 AN
688 762 60 31 EL
778 761 61 30 ON
861 757 143 33 WOOD
1020 757 27 28 &
1063 756 57 31 Co.

82 806 88 31 Who
184 806 79 31 have
279 817 43 20 on
340 805 76 31 Sale
444 802 189 35 WELCH.
641 795 187 41 SLATES,
844 800 35 30 of
896 795 142 43 superior
1054 795 107 31 colour

38 846 66 31 and
118 847 131 39 quality,
266 847 49 30 for
329 844 214 43 Exportation
556 843 72 30 and'
638 841 107 31 Home
761 836 76 31 Use.

499 883 47 27 On
576 890 139 20 concern.

44 539 61 131 6
107 594 91 46 ~

153 932 5 38 •
405 934 11 8 '
460 940 63 28 For
545 935 112 33 NEW
679 932 228 38 ORLEANS,
928 932 3 38 .

82 983 47 30 .....,,,,4.
131 970 36 47 ,
298 980 69 30 The
381 980 65 30 fine
460 980 30 30 A
507 978 36 39 1,-
556 976 129 38 Barque
701 972 28 31 L
764 972 65 30 RD
852 972 49 30 ST
929 970 2 47 '
975 970 102 39 LEY,

134 1013 27 44 V
161 1013 28 44 T
490 1017 31 30 J.
546 1017 39 28 R.
614 1017 112 30 HALL,
809 1014 28 25 St
879 1035 9 13 ,

110 1061 13 17 .
123 1061 41 17 z.-
205 1058 146 31 Burthen
367 1068 57 30 per
438 1057 135 41 register
584 1052 60 33 333
665 1054 82 33 tons,
784 1047 3 50 .
833 1047 96 43 pered
948 1049 65 31 and
1033 1060 110 31 copper-

38 1101 156 38 fastened,
219 1098 91 41 lying
337 1098 33 30 in
400 1096 146 31 Prince's
583 1087 175 35 Dock.—F
781 1098 14 20 r
822 1087 117 41 freight
964 1099 35 20 or

1016 1101 143 30 ,passage

39 1140 96 39 apply
153 1143 30 27 to
600 1129 31 28 J.
655 1126 187 43 NELSON
866 1128 140 31 WOOD
1020 1129 27 31 &
1063 1131 55 31 Co.

362 1239 258 63 lattlita
627 1244 98 47 raft
729 1250 113 43 Erin.

39 1357 46 30 Fo
96 1350 5 38 •
129 1353 227 33 PALERMO
365 1386 8 2 _
384 1351 65 30 and
477 1350 214 38 MESSINA,
715 1362 36 22 or
776 1350 209 38 MESSINit
1003 1354 69 30 And
1088 1354 72 31 PA-

685 1391 6 2 ,

79 1394 173 38 LERMO,
276 1391 76 33 with
365 1391 117 39 liberty
496 1394 31 27 to
540 1391 135 39 proceed
690 1395 31 28 to
739 1391 128 33 MALT
926 1397 38 27 dr
978 1392 181 39 elsewhere,

77 1436 33 28 to
126 1433 110 31 obtain
250 1431 153 36 Pratique

353 1454 74 47 The
441 1469 63 30 fine
520 1469 27 31 A
564 1469 14 31 1
594 1471 156 41 coppered
764 1472 79 39 Sllrp
857 1472 36 30 C.
912 1472 39 30 R.
964 1472 41 31 C.

457 1509 117 33 PETER
595 1510 150 39 BRIARD,
770 1510 137 39 Master;

243 1546 145 33 Burthen
411 1548 55 31 261
490 1553 80 35 tons,
594 1550 146 33 Prince's
756 1551 102 36 Dock,
882 1550 55 30 has
961 1557 93 25 room
1074 1550 49 31 for
1142 1556 19 25 a

203 1589 60 28 few
276 1591 72 28 tons
361 1587 36 30 of
411 1594 236 27 measurement
660 1591 107 41 goods,
783 1589 61 30 will
860 1591 38 30 be
912 1589 192 41 despatched
1118 1602 43 19 on

38 1641 38 19 or
90 1630 107 30 before
211 1628 54 30 the
282 1627 71 31 10th
370 1628 35 30 of
422 1628 189 31 December.

739 1666 143 31 ROBIN
904 1668 63 30 acid
991 1666 129 31 KING.

353 1756 181 60 *outb
569 1754 274 57 America,

496 1858 60 28 For
578 1858 291 38 MARANIIAM,

337 1896 69 31 The
422 1896 63 30 fine
501 1896 167 31 Oak-buht
682 1898 82 39 Ship
792 1896 233 38 OTHELLO,

447 1935 139 39 Captain
602 1935 31 30 J.
657 1935 39 30 G.
720 1935 186 38 LEGGETT;

128 1967 3 38 .
169 1967 16 16 .*

203 1975 27 30 A
249 1973 27 38 1,
291 1973 60 31 403
365 1978 71 27 tons
452 1984 55 30 per
517 1975 140 41 register,
672 1975 102 41 newly
787 1957 231 87 co4pefaand
1030 1984 113 30 copper-

38 2013 154 38 fi..stened,
209 2013 76 30 sails
299 2013 202 41 remarkably
515 2014 63 31 fast
591 2014 65 30 and
668 2016 35 28 in
715 2024 96 25 every
854 2017 109 36 espect
975 2024 19 19 a
1017 2016 143 38 superior

38 2061 205 30 co:iveyance
266 2054 49 28 for
342 2052 99 39 goods
458 2054 65 30 and
545 2047 304 49 passengers.—Por
868 2058 106 31 terms,
989 2054 58 30 &c.
1058 2054 98 39 apply

38 2098 31 25 to
93 2091 129 30 Messrs.
247 2090 230 38 HENDERSON,
504 2091 137 31 SELLAR
657 2096 27 27 &
699 2091 57 36 Co,
772 2102 35 19 or
822 2096 31 25 to

679 2131 94 30 WM.
797 2132 27 28 &
846 2131 90 30 JAS.
953 2131 169 30 TYRER.

405 2238 169 55 Zatot
597 2239 211 54 EnbitO.

501 2340 63 31 For
586 2340 198 31 DEMERA

455 2380 39 30 To
515 2381 58 28 sail
597 2384 33 27 in
654 2381 44 28 all
720 2380 55 30 this

408 2416 69 35 The
509 2417 77 41 Ship
622 2417 189 30 SANDB
902 2419 49 38 H,

507 2457 137 44 Captain
674 2457 162 30 BISPHAM

36 2490 146 33 En7then
205 2491 58 33 435
287 2494 80 30 tons.
417 2493 82 30 Now
524 2494 90 41 lying
636 2496 31 30 in
696 2494 52 30 the
780 2494 143 30 Prince's
951 2494 209 31 Dock.,-For

36 2528 120 44 freight
170 2542 36 20 or
219 2542 145 30 passage,
381 2531 94 41 apply
488 2537 36 25 to
539 2532 50 31 the
603 2534 151 39 Captain;
770 2543 41 20 on
825 2534 109 38 board,
951 2543 35 22 or
1000 2537 33 25 to

375 2594 9 5 .
510 2570 265 36 SANDBA.CH,
792 2572 159 35 'fINNE,
969 2570 63 31 and
1054 2572 68 30 CO.

77 2345 27 49 n
104 2345 54 49 r:
172 2346 9 8 •

515 2625 39 31 To
573 2628 57 30 sail
650 2628 198 36 immediately
850 2650 9 13 ,
52 2660 8 19 1
301 2663 65 28 For
381 2660 94 31 MOR
483 2663 58 28 AN
551 2665 25 28 T
598 2665 104 33 BAY,
726 2650 167 44 BLACK
906 2665 146 33 RIVER

50 2701 106 74 .A
164 2732 17 9 ~..
244 2701 83 30 SAN'
334 2701 96 28 ANA
454 2701 60 30 LA
535 2701 112 38 MAR,
668 2701 63 30 and
753 2701 222 41 GttEEN.I.S
1079 2704 44 38 D,

148 2693 14 77 :
164 2742 24 28 ta
575 2739 213 36 JAMAICA,

58 2776 58 20 '--
153 2773 16 17 '
192 2773 5 44 -
279 2773 5 44 •
342 2775 71 31 The
433 2776 69 30 first
523 2776 80 30 class
625 2776 128 39 Barque
775 2776 63 30 CH
940 2780 79 38 AM,

394 2816 30 30 J.
449 2816 43 28 H.
510 2814 202 38 WILLIAMS,
729 2816 230 39 Commander;

39 2854 146 30 Burtheri
203 2865 54 30 per
272 2854 134 41 register
419 2854 58 33 354
491 2858 82 25 tons.
616 2854 77 30 This
712 2858 99 28 vessel
830 2854 55 33 has
909 2855 142 41 superior
1071 2857 90 33 cabin

39 2893 293 39 accommodation;
351 2893 63 31 and
422 2894 65 31 will
496 2893 120 31 deliver
628 2893 98 41 goods
739 2898 35 27 at
781 2904 63 31 any
852 2894 36 28 of
894 2894 50 30 the
957 2894 99 31 above
1066 2902 94 35 ports.

501 2973 65 33 For
586 2973 276 36 DEAIERARA,

402 3016 69 33 The
499 3016 79 43 Ship
608 3014 170 33 INDIAN
806 3011 156 41 CHIEF,

359 3057 113 33 JAMES
496 3057 57 33 HA
562 3068 189 27 RGREAVES,
773 3054 231 39 Commander;

203 3096 143 33 Earthen
369 3110 55 28 per
447 3098 134 41 register
600 3098 57 33 417
677 3094 191 35 tons.—For
888 3093 126 43 freight,
1035 3106 36 22 or
1091 3106 52 31 pas-

36 3146 85 36 sage,
134 3137 120 41 having
268 3139 162 30 excellent
443 3139 93 30 cabin
550 3137 283 36 accommodation,
850 3135 76 39 appl
962 3140 30 25 to

512 3176 126 33 JOHN
661 3175 280 35 GLADSTONE
964 3173 63 33 and
1050 3175 68 33 CO.

847 3216 88 38 (One
951 3219 167 36 concern.)

446 3276 148 30 Intended
616 3282 28 24 to
663 3276 57 28 sail
740 3280 172 25 to-morrow.

493 3313 63 31 For
575 3312 293 39 BARBADOES,

414 3351 69 31 The
507 3353 77 41 Ship
614 3353 313 31 HIGGINSON

375 3391 110 31 JOHN
513 3389 224 39 GILLESPY,
759 3391 134 33 Comraa
940 3402 44 22 er.

405 3468 65 31 For
490 3468 291 38 BARBADOES,
872 3468 6 38 -

359 3509 68 28 The
460 3509 80 38 Ship
567 3507 255 38 CHESHIRE,

414 3546 140 31 DANIEL
576 3546 202 30 CAMPBELL.

76 3584 63 31 For
153 3587 126 38 freight,
296 3597 35 19 or
345 3597 143 27 passage,
504 3584 96 39 apply
614 3587 33 28 to

365 3624 198 35 BARTON,
583 3624 156 30 IRLAM
759 3622 69 33 and
847 3624 269 33 HIGGINSON.

457 3690 39 30 To
509 3691 55 28 sail
578 3702 38 19 on
631 3691 47 30 the
693 3691 69 30 25th
778 3690 126 33 insfant.

490 3729 65 30 For
573 3728 290 41 BARBADOES,

367 3767 69 31 The
466 3767 80 47 Brig
575 3769 184 36 QUEBEC
791 3769 61 33 PA
918 3769 68 38 ET,

510 3814 46 27 U.
576 3808 109 38 TATE,
701 3809 74 30 Mas

35 3847 109 44 Lying
159 3849 33 31 in
206 3846 52 33 the
274 3847 156 44 George's
441 3847 211 31 Dock.—For
666 3847 82 41 freig
809 3858 35 22 or
857 3858 143 31 passage,
1014 3847 96 41 apply
1123 3850 31 28 to

630 3887 192 30 THOMAS
847 3887 90 30 LF,P,
962 3887 60 30 and
1047 3888 66 28 CO.

47 3800 3 5 .

397 4479 143 57 Lot
576 4477 214 55 Ertbie.

357 4591 68 31 Will
439 4592 33 28 be
485 4591 121 30 cleared
617 4600 39 20 on
671 4589 49 28 the
739 4586 35 30 17
776 4586 30 30 th
828 4586 30 30 D
891 4591 36 31 em
928 4591 17 31 b
945 4591 36 31 er
981 4591 19 31 .

79 4619 27 60 4
106 4619 28 60 c
526 4627 65 33 For
617 4624 197 36 BOMBAY

458 4666 68 30 The
551 4666 77 43 Ship
652 4663 137 33 GIPS
843 4666 44 41 y,

430 4706 43 30 R.
504 4704 96 31 Dion
608 4717 52 25 AT,
693 4704 25 30 C
809 4707 112 44 ender;

31 4746 146 33 Burthen
192 4745 61 31 400
266 4743 191 31 tons.—For
469 4742 128 41 freight,
614 4753 36 20 or
671 4753 57 30 pas
767 4753 47 31 ge,
831 4746 93 47 apply
946 4753 31 28 to
998 4748 52 31 the
1072 4750 61 43 Cap-

31 4787 79 36 tain,
128 4797 41 20 on
184 4783 110 38 board,
313 4783 146 31 Prince's
477 4783 113 36 Dock;
605 4781 16 30 -
620 4781 49 30 Sir
683 4781 87 31 John
784 4783 112 44 Tobin,
913 4802 35 19 or

595 4819 213 35 WILLIAM
831 4825 131 33 CLAY,
981 4828 134 30 Broker.

573 4879 82 31 First
680 4879 102 33 Vessel.

337 4920 63 31 For
420 4918 217 38 BATAVIA,
663 4920 198 38 SINCAPO
874 4928 9 11 '
898 4926 27 30 E
946 4926 63 31 and

562 4959 227 41 MANILLA,

268 5000 68 33 The
351 5000 63 31 fine
430 5000 162 33 first-class
606 5002 131 31 licensed
748 5014 38 19 or
833 5005 19 31 d
866 5005 217 33 British-built

564 5041 80 41 Brig
663 5041 110 33 LION

468 5082 139 41 Captain
619 5083 71 30 Wm
735 5087 11 24 :
780 5093 102 28 THIS;

30 5118 146 33 Burthen
189 5118 58 33 275
260 5123 80 33 tons,
357 5121 167 38 coppered,
540 5123 72 30 sails
636 5123 46 31 fas
691 5118 5 46 .
728 5118 5 46 .
757 5123 30 30 'd
806 5123 36 33 is,
861 5123 31 30 in
909 5134 94 30 every
1019 5126 132 38 respect,

31 5161 19 28 ti
71 5159 148 28 first-rate
246 5167 202 30 conveyance
474 5159 47 31 for
546 5162 99 43 goods
666 5162 63 30 and
753 5162 348 41 passengers.—Apply
1121 5165 30 28 to

33 5197 129 31 Messrs.
180 5195 165 36 MURRAY,
369 5197 106 36 SYME,
494 5205 65 24 and
573 5200 71 36 Co.,
661 5211 35 19 or
710 5205 31 31 ttpp

658 5236 50 31 At
746 5238 49 30 IN
819 5239 63 30 and
906 5239 206 30 HUGHES.

340 5288 69 30 Will
419 5290 17 28 b
469 5288 181 39 de_spatched
663 5302 46 19 en.
715 5293 47 30 the
778 5293 44 31 Ist
844 5296 63 27 Der

498 5328 65 30 For
584 5328 257 33 MAURITIUS

369 5364 68 31 The
458 5364 214 33 WILLIAM
698 5367 117 30 SALT
885 5369 99 38 USE,

441 5403 30 35 J.
496 5403 170 38 ROBERTS,
685 5405 80 31 Corn
844 5405 74 39 der;

35 5450 65 31 For
115 5446 128 44 freight,
258 5446 69 35 &c.,
345 5443 98 43 apply
457 5447 33 27 to
506 5443 113 31 JAMES
638 5444 121 36 AIKIN,
797 5455 14 20 r

534 5482 198 38 TAYLOR;
757 5480 192 39 POTTER,
969 5483 63 31 and
1046 5485 57 30 CO

351 5591 203 58 4rttatit
589 5592 257 63 Varlatfi.

288 5696 154 33 STEAM
479 5699 320 33 CONVEYANCE
833 5701 128 31 FROM
1003 5699 129 33 LIVER-

153 5792 5 8 ,

340 5737 123 33 POOL
482 5739 58 33 TO
562 5739 233 35 CARLISLE
817 5740 101 30 AND
1043 5740 74 38 AN,

452 5778 71 33 The
540 5780 110 31 Steam
666 5780 93 36 Boat,
784 5778 132 38 SOLW
983 5805 8 11 ,

521 5819 36 30 C.
583 5819 143 36 LITTLE,
750 5819 101 30 MAST

74 5858 85 33 Sails
184 5869 96 35 every
310 5858 153 43 Monday,
491 5861 33 28 at
551 5858 198 41 high-water,
767 5857 16 33 f
798 5869 17 19 o
877 5858 54 30 the
956 5858 102 30 North
1083 5858 72 38 end,

33 5899 159 31 Clarence
208 5899 106 35 Dock,
331 5898 46 30 for
391 5899 52 30 the
460 5898 134 31 Carlisle
609 5899 115 35 Canal,
739 5909 38 20 ca
806 5896 5 43 •
839 5909 19 30 g
872 5898 44 31 off
929 5896 227 41 Wilitehaven,

36 5940 94 38 Mary
159 5937 87 36 Port,
283 5937 219 41 Workington
537 5935 63 31 and
633 5937 121 30 Annan
836 5937 143 36 aterfoot,
1014 5940 33 25 to
1083 5937 74 30 land

36 5978 206 39 Passengers.
287 5976 65 31 She
369 5981 126 27 returns
513 5975 80 30 from
616 5975 54 31 the
685 5975 113 39 Canal,
813 5975 63 31 and
891 5976 120 30 Annan
1031 5975 106 33 Water-

35 6019 68 31 foot
129 6025 41 22 on
200 6014 217 41 Wednesday,
444 6011 120 44 calling
589 6017 36 27 at
661 6011 57 33 the
745 6014 217 31 afore-named
994 6014 102 38 Ports,
1126 6019 31 27 to

39 6055 123 33 receive
180 6055 63 30 and
257 6054 77 31 land
351 6052 205 38 Passengers.

271 6131 69 31 The
354 6129 110 30 Steam
480 6129 82 30 Boat
583 6126 337 41 CUMBERLAND,

416 6170 31 30 J.
471 6167 156 36 SEWELL,
652 6167 146 31 MASTER
811 6178 8 6 •

285 6202 9 2 _
304 6202 9 2 _
370 6202 6 2 .
468 6202 8 2 _
510 6202 14 2 ___
539 6202 5 2 ,

76 6211 83 33 Sails
186 6211 82 30 from
285 6208 104 33 North
417 6205 71 39 end,
506 6205 157 33 Clarence
691 6206 104 38 Dock,
811 6205 104 43 'every
943 6208 214 44 Wednesday,

33 6260 35 24 ax
96 6250 197 41 high-water,
323 6247 120 47 calling
469 6252 33 27 at
529 6247 54 31 the
609 6246 102 31 above
740 6244 118 43 places;
874 6247 65 31 and
964 6249 72 33 sails
1061 6261 96 31 every

38 6290 128 43 Friday,
181 6290 82 33 from
280 6288 52 33 the
348 6288 134 33 Carlisle
498 6287 112 31 CanaL

77 6332 47 39 By
137 6329 88 31 these
239 6339 228 30 conveyances,
491 6326 98 43 goods
602 6337 54 20 are
669 6326 175 31 forwarded
866 6326 63 33 free
953 6331 35 30 of
1005 6331 132 33 Commis-

38 6370 79 35 sion,
132 6375 31 25 to
180 6370 43 30 all
235 6373 87 36 parts
337 6364 38 35 tif
389 6365 228 41 Cumberland,'
631 6364 252 41 Westmorland,
894 6369 61 31 and
975 6370 50 31 the
1041 6376 58 38 cou
1099 6376 19 38 n
1118 6376 39 38 ty

36 6408 36 28 of
88 6408 146 30 Durham
249 6419 9 27 ;
280 6408 54 30 the
359 6408 124 41 Solway
518 6405 115 33 ;Sur&
654 6416 43 22 an
726 6406 159 31 excellent
906 6419 202 35 conveyance
1128 6416 30 27 to

39 6446 172 39 Dumfries,
228 6447 63 30 and
307 6452 88 36 parts
409 6447 157 38 adjacent.

280 6487 63 33 For
359 6487 134 39 Freight
507 6496 35 22 or
557 6487 139 39 Passage
712 6485 98 47 apply
822 6490 31 27 to
896 6485 3 47 •

398 6526 35 30 F.
458 6523 329 35 THEAKSTONE,
809 6524 46 33 IS,
880 6526 236 31 Water-street.

693 6608 3 3 •

386 6622 61 30 For
463 6622 258 31 GREENOCK
743 6611 197 44 andGI.AS'
961 6625 87 31 OW.

463 6660 91 30 With
570 6660 107 31 Goods
691 6661 63 31 and
770 6661 98 31 Passe
894 6688 19 16 b
937 6674 39 22 rs.

117 6723 68 31 The
202 6728 72 38 City
288 6732 33 28 of
340 6734 145 38 Glasgow
502 6737 109 31 Steam
625 6737 124 33 Packet
762 6740 27 30 C
836 6751 14 20 s
866 6740 214 41 VESSELS,

197 6764 120 31 JOHN
342 6770 151 39 WOOD,
517 6776 27 28 A
561 6776 202 39 DRYSDALE,
802 6781 16 39 ,
817 6781 186 39 ifinmander,

102 6797 107 30 CITY
225 6802 35 28 of
277 6805 235 44 GLASGOW,
534 6814 91 30 JOHN
646 6816 47 30 M'
773 6830 79 27 HUH,
876 6820 224 39 Commander,

44 6836 65 30 Are
124 6836 150 31 intended
298 6844 30 27 to
351 6847 58 30 sail
428 6849 80 30 from
535 6852 154 31 Clarence
746 6858 60 30 ock
836 6869 33 19 as
893 6861 110 36 under,
1027 6860 72 33 with
1121 6869 38 24 or

189 6888 6 35 •
463 6888 132 33 without
613 6890 118 33 Pilots:

44 6912 126 41 ()Aral
183 6910 156 63 Glasgow,
354 6926 41 22 on
403 6921 173 46 Tuesdays.
595 6910 6 74 I
647 6931 85 30 John
750 6934 46 38 Wo
795 6934 22 38 o
817 6934 47 38 d,
888 6948 39 20 on
945 6940 184 44 Saturdays.

65 6953 52 33 7th
135 6951 82 33 Nov.
252 6953 20 28 2
287 6953 134 35 o'Olock
433 6962 124 31 After%
598 6951 5 60 I
620 6967 71 30 24th
709 6970 80 30 Nov.
819 6973 33 30 12
866 6978 104 30 o'Clo;
981 6980 19 28 k
1031 6980 106 31 Noon.

49 6995 66 36 4th
129 6992 123 35 Dec.
252 6991 16 31 7

44 7035 71 33 llth
239 7030 36 31 12
288 7030 5 60 •
718 7063 74 14 -
809 7049 38 30 .11
902 7069 66 6 ---
1031 7058 113 31 Foren.

43 7074 72 33 18th
135 7090 74 6 -
258 7071 14 31 7
329 7085 77 5 --
447 7071 101 33 Even.
624 7079 68 30 15th
721 7099 77 6 -
836 7088 19 27 5
1036 7093 90 33 Even

39 7113 30 43 4,
69 7113 120 43 ..61)p1y
203 7118 33 27 to
455 7110 145 36 DAVID
625 7115 170 43 MINER,
817 7123 46 38 33,
888 7128 231 36 Water-btreet.

1562 126 60 31 TO
1638 126 106 31 AND
1767 124 107 33 FROM
1874 124 27 33 .
1918 124 205 35 LONDON.

1249 164 47 30 etd
1501 165 83 31 Now
1603 165 142 41 landing,
1769 167 35 28 in
1825 165 52 30 the
1893 164 167 33 Salthouse
2076 165 106 36 Dock,

1257 194 46 49 W
1302 194 47 49 I
1365 205 71 31 The
1444 205 172 38 FANNY,
1633 205 98 31 JOSH.
1742 205 243 38 BROKENSHIR,
1998 206 71 39 jun.
2134 206 25 36 1,
2175 202 54 33 117
2236 205 87 35 tons;

1561 243 63 31 and
1636 247 35 28 at
1685 246 145 30 Cotton's
1844 239 126 43 Wharf,
1987 246 65 30 Los
2068 239 3 44 •
2088 257 46 27 in,

1331 283 69 30 The
1416 282 203 39 MERSEY,
1641 283 96 31 JOHN
1753 283 183 36 HERBERT,
1951 285 28 30 A
1995 283 16 33 1
2079 285 16 31 7
2110 290 90 31 tons;

1206 320 72 33 Two
1301 323 35 30 of
1356 321 52 33 the
1431 324 128 39 regular
1578 321 66 31 line
1668 324 35 28 of
1713 324 76 41 laq
2003 335 107 25 goners,
2139 328 31 27 to
2194 317 58 35 sail
2274 318 49 36 (as

1206 362 102 39 usual)
1324 362 35 30 in
1373 372 19 20 a
1405 372 77 31 very
1496 364 60 28 few
1569 359 87 44 days,
1677 362 112 31 loaded
1803 370 36 22 or
1852 364 58 27 not
1923 361 41 30 1..
1997 362 198 43 ed.—Apply
2211 362 31 28 to
2260 357 61 31 Mr.

1206 398 153 33 JEFFERY
1376 402 126 36 SMITH,
1518 402 145 30 Cotton's
1677 400 128 36 Wharf,
1825 398 145 41 London,
1986 413 36 22 or

1619 439 94 31 WM.
1731 436 301 41 PEMBERTON,
2047 439 236 33 Orford-street.

1244 479 383 31 N.B.—BARCLAY'S
1652 477 194 33 LONDON
1876 479 184 31 PORTER
2082 476 180 41 constantly
2282 485 41 20 on

1206 515 72 31 Sale
1293 517 33 31 in
1342 517 140 38 Barrels,
1501 517 231 38 Half-Barrels,
1750 520 55 30 &c.

1576 613 271 38 NOVEMBER,
1869 613 85 35 1832.

1332 710 192 33 STEAM
1978 706 258 39 PACKETS

1205 817 55 31 OF
1282 820 159 33 LARGE
1466 819 304 39 DIMENSIONS,
1800 824 99 30 AND
2022 813 299 43 PORTIONATE

1674 860 180 39 POWER,

1222 898 107 33 SAIL.
1335 899 88 41 from
1446 899 257 38 LIVERPOOL,
1710 901 65 41 for
1800 902 50 28 the
1880 893 424 39 UNDERMENTIONED

1446 935 146 41 PORTS,
1617 939 279 38 REGULARLY,
1918 953 35 17 as
1972 940 107 36 under,
2310 935 3 41 .

1205 986 91 20 WITH
1310 987 43 20 OR
1365 983 161 27 WITHOUT
1539 987 129 28 PILOTS,
1679 989 69 22 AND
1762 989 91 20 WITH
1868 989 146 20 LIBERTY
2027 991 41 19 TO
2080 987 74 22 TOW
2167 984 44 22 VE
2214 983 14 22 S
2233 983 87 27 SELS,

1357 1016 184 31 DURING
1561 1017 98 30 THE
1682 1017 214 31 PRESENT
1918 1017 170 31 MONTH
2110 1016 57 31 OF
2181 1016 5 33 -

1572 1057 272 38 NOVEMBER,
1855 1057 98 33 1832.

1559 1134 6 33 •
1625 1134 101 31 .FOR
1748 1135 137 31 CORK.
2055 1134 6 33 -
2068 1134 3 33 •

1557 1183 91 24 FROM
1671 1184 181 22 CLARENCE
1874 1184 99 28 DOCK,

1294 1209 94 35 THE
1414 1209 208 41 HERALD;
1644 1213 33 31 S.
1701 1213 33 31 S.
1757 1213 146 39 MOWLE,
1926 1211 227 38 Commander,
2167 1205 65 35 and

1436 1250 94 30 THE
1556 1250 101 39 LEE,
1680 1250 38 33 E.
1742 1252 106 38 GOFF,
1869 1252 224 36 Commander,

1340 1290 143 41 Sunday,
1506 1290 74 31 25th
1600 1291 194 38 November,
1817 1291 35 33 11
1876 1291 124 31 o'clock
2020 1290 165 41 Morning.

1337 1328 131 41 Friday,
1504 1329 76 31 30th
1661 1351 69 11 ....
1833 1331 19 31 2
1901 1353 69 9 ....
2014 1331 191 30 Afternoon.

1521 1380 101 31 FOR
1654 1380 348 38 WATERFORD,

1565 1428 90 22 FROM
1671 1428 178 22 CLARENCE
1866 1428 98 30 DOCK,
1976 1447 20 9 ~
2014 1428 2 30 ,

1411 1454 96 38 THE
1531 1457 146 39 GIPSY,
1699 1458 41 31 A.
1764 1458 112 39 KEAY,
1891 1457 222 38 Commander,

1334 1493 159 43 Tuesday,
1515 1496 74 31 27th
1611 1498 192 38 November,
1824 1502 35 30 at
1877 1498 38 31 12
1934 1498 124 33 o'clock
2079 1498 107 33 Noon.

1465 1546 6 39 -
1608 1546 102 31 FOR
1721 1546 186 39 NEWRY,

1557 1595 90 22 FROM
1669 1595 178 22 CLARENCE
1871 1595 99 22 DOCK.

1356 1620 98 31 THE
1469 1624 61 30 ST.
1548 1624 161 38 DAVID,
1720 1625 94 36 JQHN
1828 1627 98 36 PILE,
1942 1624 224 38 Commander,

1337 1658 159 43 Tuesday,
1517 1661 72 31 27th
1611 1663 192 38 November,
1825 1668 35 27 at
1880 1665 38 30 12
1939 1665 123 33 o'clock
2083 1663 107 31 Noon.

1321 1709 98 33 THE
1441 1710 197 41 SEVERN,
1660 1712 33 31 S.
1717 1712 128 39 BATES,
1866 1713 96 39 R.N.,
1978 1710 225 39 Commander,
2279 1709 6 44 -

1302 1761 169 41 Saturday,
1493 1762 74 31 24th
1587 1762 192 39 November,
1803 1769 33 27 at
1857 1764 35 31 11
1915 1764 123 30 o'clock
2060 1762 164 38 Morning.
2247 1761 5 41 •

1301 1798 170 43 Saturday,
1491 1802 76 31 30th
1688 1824 68 11 ....
1876 1803 20 31 2
2060 1802 192 31 Afternoon.

1584 1852 91 31 FOR
1698 1852 244 39 DUNDALK,

1307 1898 5 33 •
1553 1899 94 24 FROM
1671 1902 178 20 CLARENCE
1877 1902 98 28 DOCK,

1243 1926 98 31 THE
1362 1928 124 33 EARL
1510 1929 55 31 OF
1589 1931 172 38 RODEN,
1778 1931 93 31 JOHN
1894 1931 146 38 MowLE,
2057 1924 225 39 Commander,

1205 1965 104 30 Three
1329 1965 110 33 Times
1460 1978 19 20 a
1502 1969 181 46 Fortnight,
1709 1970 65 31 and
1794 1970 191 39 particulars
2003 1980 74 30 may
2090 1969 41 30 be
2148 1967 117 31 known
2279 1975 39 20 on

1539 2009 195 39 application
1750 2013 33 27 at
1795 2009 54 30 the
1865 2009 126 30 Offices.

1206 2055 90 31 FOR
1317 2054 283 41 BEAUMARIS,
1616 2058 203 36 BANGOR,
1835 2058 99 31 AND
1957 2057 153 38 MENAI
2129 2054 187 38 BRIDGE,

1466 2106 90 22 FROM
1580 2099 169 30 GEORGE'S
1772 2109 87 20 DOCK
1882 2107 187 28 PIERHEAD,

1424 2132 96 33 THE
1542 2135 91 39 AIR,
1657 2137 39 31 A.
1721 2139 123 30 SPEIRS
1847 2161 8 14 ,
1880 2135 224 38 Commander,

1301 2169 151 43 Monday,
1487 2172 74 33 26th
1583 2175 20 39 N
1603 2175 85 39 ovem
1688 2175 20 39 b
1709 2175 44 39 er
1753 2175 22 39 ,
1797 2180 17 27 a
1814 2180 19 27 t
1854 2176 33 30 11
1912 2176 126 30 o'clock
2060 2172 164 41 Morning.

1301 2208 176 43 Thursday,
1490 2213 74 33 29th
1868 2216 20 31 6
1937 2236 68 9 ....
2052 2211 164 39 Morning.

1243 2258 107 39 Every
1364 2258 140 44 Monday
1521 2272 60 22 one
1594 2265 38 30 of
1641 2265 88 30 these
1743 2265 128 30 Vessels
1885 2265 90 30 takes
1992 2265 113 38 Goods,
2121 2260 101 31 which
2236 2263 83 27 must

1205 2298 38 30 Le
1257 2299 72 27 sent
1342 2296 91 33 down
1447 2302 31 28 to
1491 2301 35 31 th
1526 2301 19 31 e
1561 2302 38 33 Cl
1598 2302 118 33 arence
1739 2304 24 31 D
1762 2304 47 31 oc
1809 2304 24 31 k
1854 2313 41 22 on
1917 2302 35 31 th
1951 2302 19 31 e
1991 2302 156 41 Saturday
2162 2298 154 44 previous,

1205 2335 50 30 for
1268 2334 170 39 shipment.

1225 2372 106 33 Goods
1345 2375 63 31 and
1422 2376 131 35 Parcels
1567 2380 175 33 forwarded
1756 2384 31 28 to
1802 2381 161 31 wherever
1978 2380 150 38 directed,
2139 2380 43 39 by
2197 2376 102 30 Steam-

1205 2413 132 41 packets
1359 2424 35 20 or
1416 2416 90 33 other
1526 2419 128 43 eligible
1680 2431 214 30 conveyance,
1915 2420 74 33 with
2008 2420 52 31 the
2082 2419 140 43 greatest
2246 2427 71 20 care

1205 2450 63 30 and
1285 2450 161 41 despatch,
1461 2457 27 30 if
1498 2457 169 33 addressed
1680 2465 31 25 to

1743 2498 197 31 WATSON
1964 2501 25 30 &
2011 2498 98 38 PIM,

1468 2535 44 30 St.
1529 2535 113 43 George
1657 2535 101 33 Steam
1759 2539 118 41 packet
1890 2537 180 44 Company's
2085 2535 117 44 Offices,

1518 2573 146 33 Clarence
1677 2576 91 36 Dock,
1781 2587 31 19 or
1824 2576 46 36 21,
1887 2576 99 31 Water
1987 2584 112 28 -street,
2117 2573 153 39 Liverpool.

1493 2661 134 60 *acts
1682 2661 74 68 by
1780 2665 254 54 Auction.

1537 2764 65 30 B
1602 2764 96 30 Order
1710 2765 41 38 qf
1551 2765 224 28 the
1776 2764 200 71 Trustees.J

1266 2795 263 44 FURNITURE,
1551 2767 192 68 JOINERS
1874 2773 33 19 us

1926 2809 68 33 ,ye.,.
2014 2802 246 36 ISLINGTON.

1465 2839 50 41 By
1531 2841 129 31 Messrs.
1676 2841 36 31 T.
1737 2843 25 30 &
1778 2843 30 30 J.
1831 2841 224 43 TROTTER,

1816 2891 140 176 ii

1205 2872 50 33 On
1279 2876 176 41 TUESDAY,
1482 2880 54 30 the
1559 2880 74 33 27th
1660 2880 129 39 instant,
1820 2883 33 27 at
1880 2880 41 31 El
1953 2894 50 20 'en
2033 2883 131 38 o'clock,
2194 2891 43 20 on
2263 2883 52 30 the

1241 2917 161 39 premises,
1419 2902 169 58 Islington,
1603 2931 77 24 near
1693 2920 194 33 Christian-s
1920 2926 57 35 eet,

1202 2956 142 39 ripHE
1365 2957 139 39 genuine
1534 2959 187 31 Household
1748 2959 113 33 Furnit
1902 2972 25 25 e,
1964 2962 128 31 Joiners
2120 2961 107 36 Stock,
2254 2962 61 30 and

1217 2995 39 30 _IL
1296 2995 107 31 effects
1430 2997 35 30 of
1482 2997 61 31 Mr.
1573 2998 140 31 Thomas
1742 2998 87 31 Witt
1874 2995 5 47 :
1917 2998 195 44 comprising
2137 2995 90 44 camp
2230 2998 69 33 -bed-

1203 3035 101 30 steads
1329 3035 65 30 and
1419 3035 169 47 hangings,
1616 3036 173 43 palliasses,
1849 3036 88 33 tither
1959 3039 77 30 beds
2077 3039 63 33 and
2164 3039 150 41 bedding,

1203 3071 148 31 chamber
1364 3072 113 41 chairs,
1493 3076 83 31 table
1592 3076 65 31 and
1669 3076 90 31 basin
1775 3076 117 38 stands,
1907 3076 63 35 box
1984 3079 63 30 and
2060 3079 101 39 swing
2173 3079 142 41 dressing

1202 3110 91 43 glass,
1310 3113 146 41 chimney
1483 3115 83 39 glass
1581 3117 35 30 in
1641 3117 60 39 gilt
1715 3117 112 36 frame,
1855 3117 194 41 mahogany'
2060 3118 135 36 articles,
2211 3118 33 31 in
2269 3120 46 30 set

1202 3153 36 28 of
1252 3153 113 36 chairs,
1381 3153 90 31 chest
1482 3154 36 30 of
1534 3154 145 38 drawers,
1704 3154 68 31 sofa
1787 3154 33 30 in
1843 3154 93 33 black
1956 3156 71 33 hair
2043 3157 94 38 cloth,
2153 3156 76 33 card
2252 3157 63 31 and

1203 3202 77 28 snap
1296 3192 109 36 tables,
1420 3194 131 30 kitchen
1567 3194 175 41 requisites,
1759 3194 57 30 &c.
2165 3192 6 43 -
2186 3198 33 13 '."

1239 3230 68 31 The
1334 3231 88 33 stock
1450 3233 170 41 comprises
1636 3231 148 38 benches,
1805 3231 121 39 joiners
1953 3235 90 38 tools,
2071 3235 91 41 nails,
2189 3246 121 30 screws,

1202 3269 121 38 boards,
1340 3271 61 30 and
1416 3271 126 31 various
1556 3272 90 31 other
1658 3272 126 30 articles
1811 3274 225 39 appertaining
2052 3279 31 27 to
2093 3274 58 31 the
2164 3276 99 30 trade.

1239 3309 74 31 And
1339 3309 216 44 immediately
1580 3312 102 46 after,.
1699 3310 63 33 will
1787 3310 39 31 be
1855 3310 76 41 sold,
1959 3313 55 30 the
2038 3312 148 35 LEASE
2211 3315 33 31 of
2260 3313 52 33 the

1205 3348 107 31 House
1339 3350 63 30 and
1430 3350 99 38 Yard,
1562 3353 35 30 of
1620 3350 104 35 which
1753 3350 99 33 about
1876 3354 54 28 ten
1957 3361 91 30 years
2074 3353 27 30 is
2126 3354 186 39 unexpired,

1203 3387 85 30 Rent
1301 3387 172 30 moderate.

1241 3427 77 41 May
1342 3427 39 30 be
1408 3427 120 31 viewed
1540 3438 41 20 on
1597 3428 52 30 the
1671 3428 151 39 morning
1849 3428 36 30 of
1901 3428 76 38 sale,
1998 3428 63 31 and
2082 3430 123 31 further
2219 3431 79 30 infer-

1200 3465 120 43 irtion
1335 3465 61 31 had
1411 3466 80 30 from
1507 3466 129 31 Messrs.
1652 3466 203 39 TROTTER'S,
1879 3468 235 39 Whitechapel.

1378 3532 266 41 FURNITURE,
1669 3539 54 33 40.
1745 3535 263 33 BROWNLOW
2025 3535 120 31 HILL.

1452 3572 49 41 By
1518 3573 129 31 Messrs.
1668 3572 39 33 T.
1731 3573 25 31 &
1778 3573 31 28 J.
1833 3572 224 41 TROTTER,

1200 3609 52 30 On
1268 3609 156 31 MONDAY
1438 3614 87 35 next,
1553 3611 52 30 the
1619 3609 74 31 26th
1707 3609 123 33 instant
1843 3614 33 28 at
1902 3611 123 35 Eleven
2052 3613 134 41 o'clock,
2203 3624 41 20 on
2260 3614 50 30 the

1239 3647 167 39 Premises,
1422 3649 178 31 Brownlow
1617 3649 80 38 Hill,
1721 3647 87 33 three
1825 3650 106 31 Doors
1942 3654 83 30 from
2038 3652 154 35 Clarence
2194 3658 118 33 -street,

1197 3687 145 71 THE
1364 3687 135 33 GenteeL
1515 3687 63 33 and
1592 3687 113 33 Useful
1721 3687 290 38 HOUSEHOLD
2033 3690 280 43 FURNITURE,

1312 3726 65 35 and
1389 3726 121 31 Effects
1521 3728 35 30 of
1567 3739 19 20 a
1602 3728 121 31 Persort
1737 3729 183 44 removing;
1934 3731 195 44 comprising
2145 3732 170 39 Four-post

1198 3764 65 31 and
1277 3764 109 43 Camp
1394 3765 167 33 bedsteads
1575 3767 63 31 and
1657 3767 181 43 Hangings,
1857 3764 180 46 Papflasses,
2057 3770 257 38 Harr-Mattress,

1200 3805 139 30 Feather
1364 3806 87 30 Beds
1477 3806 65 30 and
1570 3806 157 41 Bedding,
1761 3805 161 43 Chanker
1945 3808 123 38 Chairs,
2096 3809 126 38 Tables,
2252 3811 61 28 and

1197 3843 235 41 Basin-stands,
1450 3846 257 31 Kidderminster
1721 3846 63 31 and
1805 3846 159 33 VeisTetian
1994 3847 135 33 Parlour
2150 3847 63 33 and
2230 3847 85 31 Stair

1197 3882 143 41 Carpets,
1362 3885 109 39 Swing
1485 3885 63 31 and
1562 3885 71 31 Box
1650 3887 156 39 Dressing
1822 3887 137 38 Glasses,
1972 3887 184 41 Mahogany
2167 3888 145 36 Articles,

1197 3921 33 30 in
1244 3928 49 25 set
1304 3924 36 30 of
1357 3923 124 39 Chairs,
2230 3939 19 11 •,
1499 3924 115 30 Chests
1636 3924 35 31 of
1688 3924 159 39 Drawers,
1877 3935 41 22 an
1945 3926 159 31 excellent
2129 3926 183 43 iVlahoany

1202 3961 183 38 Wardrobe,
1400 3962 99 31 with
1499 3964 117 49 sliding
1638 3964 140 38 Shelves,
1808 3964 175 43 Eight-day
2011 3965 110 38 Clock,
2140 3965 33 33 in
2202 3953 93 44 Araho-

1197 4009 85 30 gany
1298 4000 80 38 Cse
1378 4000 28 38 '
1406 4002 87 31 Card
1501 4002 65 33 and
1581 4003 90 46 Snap
1685 4002 124 41 Tables,
1836 4003 173 33 handsome
2035 4003 157 43 Chimney
2209 4003 101 39 Glass,

1197 4038 71 30 with
1285 4039 88 28 three
1389 4041 117 36 Plates,
1523 4043 33 28 in
1580 4054 20 17 a
1622 4043 68 30 Gilt
1707 4043 124 38 Frame,
1849 4055 19 19 a
1882 4043 145 39 quantity
2041 4046 36 28 of
2096 4044 140 31 Kitchen
2252 4044 41 30 Re-

1197 4074 140 43 quisites,
1353 4077 63 31 and
1431 4079 230 31 various-other
1677 4080 128 33 Effects.

1236 4115 77 39 May
1329 4115 38 30 be
1386 4115 120 30 viewed
1521 4128 43 19 on
1578 4118 52 28 the
1646 4121 148 36 morning
1808 4121 36 28 of
1861 4120 72 36 sale,
1959 4120 63 35 and
2036 4120 191 41 Catalogues
2241 4121 74 31 had.

1488 4172 169 31 GLASS
1696 4173 109 31 AND
1855 4173 49 31 Ci
1934 4173 93 33 INA.

1564 4209 50 41 By
1628 4209 150 31 DAVID
1800 4213 52 28 JO
1923 4213 30 39 S,

1195 4252 52 31 On
1272 4250 154 35 MONDAY
1457 4252 88 36 next,
1567 4247 54 33 the
1646 4247 72 35 With
1743 4249 79 31 insta
1865 4247 6 50 ,
1896 4254 61 30 and
1984 4250 159 44 following
2169 4255 87 43 days,
2282 4260 31 27 at

1235 4291 123 30 Eleven
1373 4291 123 31 o'clock
1512 4290 33 31 in
1559 4290 54 30 the
1627 4288 162 43 Morning,
1857 4290 19 30 d
1893 4290 57 31 Six
1973 4291 33 30 in
2024 4291 52 30 the
2093 4293 157 43 Evening,
2274 4304 38 20 on

1233 4331 52 30 the
1302 4331 169 41 Premises,
1494 4329 249 39 Church-street,
1770 4342 27 19 cc
1827 4342 57 19 tier
1899 4331 35 31 of
1956 4331 131 35 Tarlton
2090 4339 117 33 -street,

1197 4369 280 68 ACHOICE
1510 4372 176 30 Collection
1721 4381 19 20 o
1830 4369 85 43 ichly
1948 4370 88 31 CUT
2077 4372 142 33 GLASS
2252 4373 61 31 and

1315 4408 159 39 CHINA,
1498 4409 184 43 embracing
1696 4422 36 20 ev
1816 4408 135 44 possible
1978 4411 131 43 variety,
2131 4413 126 33 tasteful
2280 4413 33 33 in

1197 4439 121 44 design,
1342 4446 63 30 and
1425 4449 140 39 superior
1589 4450 33 30 in
1647 4450 243 44 workmanship.
1934 4450 69 33 The
2025 4450 96 31 Stock
2145 4454 33 27 to
2200 4450 38 31 be
2255 4450 44 31 dis-

1197 4480 96 39 posed
1307 4483 33 28 of
1357 4483 27 30 is
1397 4494 76 30 very
1488 4490 172 35 extensive,
1690 4490 63 30 and
1773 4501 74 28 may
1871 4490 99 31 afford
1992 4501 41 20 an
2057 4491 205 41 opportunity
2282 4496 31 25 to

1197 4520 165 31 wholesale
1373 4521 194 33 Purchasers
1581 4529 31 25 to
1628 4528 112 41 supply
1750 4537 39 22 on
1805 4529 52 28 the
1869 4532 82 28 most
1959 4529 236 44 advantageous
2206 4534 106 28 terms.

1236 4557 68 33 The
1321 4561 104 30 Goods
1439 4572 72 30 may
1523 4562 39 31 be
1578 4564 117 30 viewed
1710 4576 39 19 on
1765 4565 52 31 the
1833 4569 150 39 morning
2000 4572 35 30 of
2052 4572 74 36 sale,
2142 4570 63 28 and
2220 4570 76 31 Cata-

1197 4598 110 43 logues
1321 4598 63 30 had
1394 4598 43 43 by
1452 4600 151 41 applying
1616 4606 31 25 to
1665 4602 60 31 Mr.
1742 4603 107 31 Jones.

1227 4658 178 38 HORSES,
1430 4658 148 39 CARTS,
1603 4660 148 38 GEARS,
1776 4665 65 36 4-c,
1865 4663 104 31 NEW
1986 4665 287 36 HAYMARKET.

1587 4699 49 43 By
1655 4701 63 30 Mr.
1734 4701 41 30 D.
1847 4702 98 41 NES,

1195 4739 213 33 To-MORROW
1425 4739 192 41 (Saturday)
1635 4739 72 31 24th
1721 4739 49 30 ins
1805 4745 46 38 nt,
1872 4746 35 28 at
1918 4743 65 33 Mr.
1997 4743 96 31 Thos.
2110 4743 202 41 Robinson's,

1192 4780 25 41 r
1217 4780 25 41 -
1243 4780 102 41 riWO
1367 4778 112 35 NEW
1498 4778 157 39 CARTS,
1668 4778 39 31 wi
1786 4784 14 27 t
1813 4780 54 36 the
1885 4783 80 31 least
1980 4783 148 38 Reserve,
2140 4783 173 43 belonging

1209 4820 39 30 1
1288 4824 35 27 to
1335 4830 43 20 an
1389 4819 175 31 Insolvent.
1608 4819 91 30 Drau
1773 4820 61 30 and
1849 4817 88 36 other
1953 4820 189 38 HORSES,
2156 4822 156 41 CARTS,

1194 4858 63 31 and
1272 4858 161 38 GEARS,
1450 4858 44 31 all
1507 4857 175 41 consigned
1694 4858 13 30 t
1757 4858 180 35 immediate
1953 4861 63 30 and
2033 4863 192 30 unreserved
2238 4865 74 30 sale.

1233 4898 68 30 The
1313 4898 153 41 proceeds
1482 4898 33 30 of
1532 4898 79 31 each
1627 4898 63 31 sale
1704 4898 74 39 paid
1792 4909 76 22 over
1880 4899 54 33 the
1957 4910 85 22 same
2065 4901 61 41 day
2148 4913 39 19 on
2213 4901 101 31 which

1195 4937 72 39 they
1285 4948 52 24 are
1353 4937 142 31 effected.

1198 5016 224 38 To-moiiow,
1452 5016 52 30 the
1532 5016 74 30 24th
1633 5014 129 41 instant,
1791 5022 35 27 at
1850 5019 71 31 One
1950 5017 123 33 o'clock
2094 5020 164 43 precisely,
2282 5027 35 27 at

1354 5055 145 31 LUCAS'S
1521 5055 231 38 REPOSITORY,
1772 5057 99 31 Great
1883 5058 283 39 Charlotte-street,

1195 5093 47 41 ri
1243 5093 24 41 -
1266 5093 72 41 IHE
1354 5093 106 33 Three
1474 5093 169 41 following.
1654 5093 131 41 Horses,
1802 5096 57 38 the.
1876 5098 156 41 Property
2046 5099 35 30 of
2096 5110 20 20 a
2129 5099 184 33 Farmer.—

1211 5134 41 31 _l_
1293 5134 65 30 Lot
1384 5134 25 30 1.
1433 5134 30 30 A
1488 5134 115 30 Brown
1631 5132 148 43 Gelding,
1854 5146 91 33 years
1973 5137 63 38 old,
2065 5137 57 31 15h
2148 5139 20 31 2
2195 5140 118 38 inches,

1197 5173 112 41 nearly
1323 5172 246 44 thoroughbred,
1584 5173 107 30 action
1710 5181 36 22 as
1822 5175 77 33 das
1913 5186 74 20 ever
2002 5186 61 22 was
2077 5189 85 27 seen,
2180 5178 63 30 and
2257 5178 63 35 has,

1198 5222 98 20 never
1318 5213 82 31 done
1417 5224 19 19 a
1461 5213 77 41 days
1561 5213 165 31 work.-2.
1811 5216 11 25 r.
1831 5225 41 30 ay
1893 5216 151 41 Carriage
2074 5216 113 39 Horse,
2214 5219 101 41 rising

1195 5252 19 30 5
1231 5261 90 31 years
1335 5252 60 38 old,
1416 5252 36 31 16
1468 5252 101 31 hands
1581 5252 88 41 high,
1691 5263 39 31 go
1739 5258 11 24 i
1787 5254 186 33 action.-3.
1989 5255 28 31 A
2046 5255 102 33 Black
2162 5255 148 44 Gelding,

1197 5291 17 30 5
1230 5301 91 30 years
1348 5291 61 39 old,
1427 5291 106 31 action
1548 5302 77 31 very
1647 5291 90 41 good,
1769 5293 58 31 •nd
1849 5293 109 43 steady
1984 5294 35 31 in
2044 5294 148 41 harness;
2216 5296 66 31 also
2294 5309 19 20 a

1198 5329 115 31 Brown
1332 5329 101 38 Mare,
1447 5332 20 30 6
1488 5342 91 28 years
1605 5332 61 38 old,
1690 5332 142 41 showing
1854 5343 19 20 a
1894 5339 90 36 great
2006 5334 74 30 deal
2101 5337 35 28 of
2151 5334 161 44 breeding,

1198 5369 102 31 would
1321 5370 39 30 be
1375 5370 146 30 valuable
1548 5381 35 19 as
1609 5381 19 20 a
1641 5370 98 33 brood
1761 5383 98 27 mare,
1876 5372 63 31 and
1962 5384 41 19 no
2020 5384 121 20 reserve
2157 5375 157 31 whatever

1198 5416 41 20 on
1255 5406 74 44 her;
1350 5419 19 19 a
1395 5409 69 39 pair
1491 5409 35 31 of
1543 5409 115 31 Brown
1687 5409 153 47 Carriage
1869 5411 129 38 Horses,
2025 5413 20 31 6
2058 5424 90 30 years
2173 5414 63 41 old,
2252 5414 61 33 and

1197 5444 110 38 Steady
1321 5455 33 20 in
1370 5447 148 41 harness;
1542 5458 19 20 a
1573 5449 117 39 Brown
1706 5449 153 44 Carriage
1874 5450 115 38 Horse,
2011 5452 20 31 6
2049 5463 91 30 years
2164 5452 61 38 old,
2239 5454 41 31 'l5
2294 5455 22 30 3

1202 5479 76 39 high
1288 5491 8 27 ;
1320 5493 19 17 a
1354 5483 69 38 Bay
1439 5487 90 30 Mare
1570 5488 99 41 rising
1682 5490 20 31 5
1726 5499 91 30 years
1831 5488 61 41 old,
1913 5490 33 31 15
1961 5490 20 33 2
1994 5490 87 41 high,
2096 5491 107 31 action
2222 5491 91 41 good,

1200 5518 63 30 and
1280 5521 88 28 looks
1381 5521 65 30 like
1460 5510 132 58 making
1614 5528 178 39 something
1813 5529 159 38 superior;
1992 5540 22 22 a
2028 5532 115 30 Brown
2164 5531 150 43 Gelding,

1198 5556 19 30 5
1231 5567 90 30 years
1346 5559 60 36 old,
1425 5559 36 30 15
1479 5562 54 36 2%
1559 5564 85 38 high,
1671 5562 109 41 steady
1806 5567 33 30 in
1852 5567 131 33 harness
1994 5578 9 27 ;
2025 5580 20 19 a
2069 5570 71 39 Bay
2165 5570 139 43 Gelding

1198 5597 19 30 5
1233 5606 93 31 years
1340 5595 61 39 old,
1428 5597 35 30 15
1488 5600 22 30 3
1535 5595 85 46 high,
1644 5602 109 39 steady
1776 5614 30 19 in
1806 5614 16 19 .
1831 5603 17 41 h
1849 5603 38 41 ar
1887 5603 19 41 n
1906 5603 76 41 ess;
2003 5616 19 22 a
2043 5608 22 33 B
2065 5608 93 33 rown
2181 5609 20 38 M
2202 5609 82 38 are,
2294 5611 9 33 r
2304 5611 11 33 o

1200 5647 91 31 years
1306 5635 61 41 old,
1381 5636 41 43 by
1438 5636 142 41 Sceptre,
1597 5649 69 20 own
1680 5639 129 31 brother
1822 5638 58 46 to..
1880 5638 14 46 7
1894 5638 118 46 Spectre,
2028 5647 60 30 out:
2104 5647 33 30 of
2143 5643 14 36 -
2157 5643 30 36 ii
2187 5643 16 36 -
2203 5643 110 36 Transit

1198 5688 104 30 mare;
1326 5688 20 20 a
1359 5677 69 43 Bay
1447 5677 148 43 Gelding,
1609 5677 22 33 6
1643 5688 90 33 years
1746 5679 61 39 old,
1827 5679 35 33 15
1874 5680 24 31 3
1920 5682 87 43 high,
2028 5694 19 20 a
2060 5687 109 41 steady
2181 5688 132 38 hunter;

1198 5729 19 20 a
1227 5718 74 43 Bay
1317 5718 101 39 Mare,
1433 5718 102 41 rising
1546 5718 19 33 5
1580 5729 90 33 years
1685 5718 61 39 old,
1762 5720 104 31 would
1879 5723 94 33 make
1989 5734 17 19 a
2022 5724 69 31 nice
2107 5726 102 43 Lady'
2224 5726 71 31 Pad
2306 5739 9 25 ;

1198 5770 19 19 a
1239 5759 115 31 Brown
1383 5759 102 39 Mare,
1502 5759 63 44 Gig
1589 5759 63 33 and
1683 5759 153 41 Harness,
1866 5762 132 33 without
2024 5775 132 28 reserve,
2187 5767 63 30 and
2276 5776 41 22 no

1198 5798 88 43 duty,
1318 5798 99 43 being
1444 5800 176 44 bankrupts
1654 5806 161 41 property.
1857 5802 77 31 Also
1962 5814 19 19 a
2006 5808 91 39 great
2128 5805 134 33 number
2285 5806 35 31 of

1200 5838 90 31 other
1317 5838 121 31 Horses
1477 5841 63 30 and
1583 5841 128 38 Ponies,
1739 5844 31 27 to
1817 5852 170 22 numerous
2025 5849 31 25 to
2094 5844 220 39 particularize

1200 5877 184 43 seperately,
1414 5883 82 28 most
1523 5880 35 35 of
1575 5879 87 33 them
1688 5885 31 27 to
1748 5880 38 31 be
1814 5882 77 30 Sold
1915 5885 31 27 to
1967 5882 54 30 the
2043 5880 126 43 highest
2195 5883 118 33 bidder.

1200 5918 28 28 A
1243 5918 134 30 number
1391 5918 35 30 of
1444 5918 88 41 Gigs,
1561 5920 172 38 Phaetons,
1757 5921 68 33 &c.,
1850 5921 63 30 and
1929 5932 19 19 a
1962 5921 121 41 variety
2096 5923 36 28 of
2151 5923 164 41 Saddlery,

1203 5956 153 36 Harness,
1373 5957 55 31 &c.
1677 5991 8 2 _

1239 5991 13 2 _
1263 5991 9 2 _

1348 5994 8 2 ,
1792 5994 5 6 .

1239 5995 77 41 May
1332 5995 80 31 been
1428 6006 74 20 seen
1518 6008 85 30 prior
1617 6003 33 25 to
1663 5997 54 33 the
1734 5997 83 33 Sale.

1239 6035 43 30 N.
1299 6036 38 30 B.
1362 6036 50 30 On
1428 6036 131 31 Private
1576 6038 83 36 Sale,
1690 6047 19 20 a
1724 6038 198 41 remarkably
1951 6036 63 35 fine
2043 6038 117 33 BLACK
2184 6039 132 39 HORSE,

1198 6072 20 31 6
1233 6083 91 30 years
1337 6074 61 38 old,
1417 6076 36 31 16
1469 6076 101 31 hands
1583 6076 87 44 high,
1685 6077 63 30 and
1770 6082 118 27 master
1913 6074 36 33 of
1967 6076 36 31 16
2017 6087 35 19 oi•
2068 6077 38 31 17
2117 6082 99 36 stone,
2231 6090 41 31 up
2287 6085 30 25 to

1200 6121 63 31 any
1277 6112 123 33 hounds
1417 6115 33 30 in
1466 6115 52 30 the
1535 6115 162 38 kingdom.

1200 6228 58 31 TO
1280 6230 236 39 MOTHERS,
1535 6227 238 44 INVALIDS,
1795 6227 101 36 AND
1924 6227 94 36 ALL
2052 6228 266 38 SUFFERERS

1241 6269 128 31 FROM
1392 6269 195 39 COUGHS,
1611 6271 162 39 COLDS,
1795 6271 99 30 AND
1918 6263 120 33 SORE
2058 6266 90 35 THII
2159 6274 126 31 OATS.

1206 6312 77 38 A/
1296 6309 96 31 ANY
1417 6318 107 22 severe
1546 6309 128 41 Coughs
1690 6320 184 20 commence
1891 6307 69 33 that
1975 6304 99 33 either
2090 6320 94 30 hove
2194 6313 79 31 fatal
2285 6326 35 19 or

1200 6350 82 33 111
1335 6348 173 41 extremely
1524 6348 222 39 troublesome,
1762 6348 101 41 which
1879 6354 76 33 may
1970 6343 36 30 be
2024 6348 132 49 entirely
2172 6353 148 31 removed

1200 6398 33 20 in
1250 6387 52 31 the
1318 6387 68 31 first
1395 6386 165 33 instance'
1561 6387 41 43 by
1617 6389 52 31 the
1688 6392 52 28 use
1757 6389 35 30 of
1800 6386 17 44 -
1817 6386 192 44 appropriate
2027 6389 106 41 remedi
2132 6389 35 41 es
2167 6389 19 41 ,
2203 6403 117 31 among

1200 6427 88 31 these
1313 6427 225 43 Ipecacuanha
1565 6427 88 31 holds
1679 6428 54 31 the
1759 6427 68 31 first
1857 6420 183 46 rankyDr.
2063 6425 91 36 Paris
2178 6433 142 30 remarks

1200 6468 69 30 that
1285 6468 39 30 its
1340 6466 107 30 action
1469 6477 41 19 on
1524 6468 52 30 the
1592 6469 192 39 pulmonary
1798 6471 118 30 organs
1989 6468 170 44 extremely
2176 6472 143 31 interest,

1200 6506 65 41 ing,
1291 6506 69 31 that
1384 6504 33 35 in
1443 6506 123 31 certain
1589 6504 180 33 conditions
1784 6501 35 28 of
1835 6501 35 31 th
1946 6502 148 35 attended
2118 6510 74 31 with
2217 6521 19 20 a
2263 6510 57 43 dry

1200 6545 80 31 hard
1296 6543 110 41 Cough
1433 6545 24 30 it
1477 6551 159 35 promotes
1658 6540 194 41 expectoraf
1877 6551 31 28 n,
1926 6539 91 33 while
2039 6542 31 33 in
2088 6548 164 33 affections
2274 6554 31 27 at-

1200 6583 117 33 tended
1332 6583 74 30 with
1431 6594 41 20 an
1498 6584 175 31 invidinate
1702 6589 66 22 seer
1805 6580 9 31 i
1880 6581 36 31 of
1932 6586 120 33 mucus;
2076 6584 25 33 it
2117 6598 33 20 as
2165 6591 154 41 certainly

1200 6627 157 36 represses
1373 6620 33 38 it,
1422 6622 63 30 and
1502 6627 66 28 acts
1584 6624 54 30 the
1660 6624 71 36 part
1746 6630 19 22 o
1819 6631 20 20 n
1857 6620 187 41 astringent.
2085 6625 68 33 The
2170 6630 132 41 Ipecacu-

1202 6663 85 30 anha
1301 6658 154 44 produces
1471 6661 87 33 these
1576 6658 107 41 varied
1699 6658 117 43 effects,
1836 6660 167 44 gradually
2019 6666 117 31 excites
2151 6669 54 30 the
2228 6672 74 27 stom-

1200 6701 61 31 ach
1290 6699 65 31 and
1383 6704 157 35 promotes
1570 6696 219 44 peispiration.
1847 6704 41 38 By
1888 6704 22 38 .
1926 6712 20 20 a
1970 6707 69 24 nice
2063 6707 257 43 manufacturing

1200 6750 137 33 process,
1361 6737 129 30 Messrs.
1513 6739 198 31 WninsEvs
1731 6740 79 33 have
1827 6739 169 35 combined
2011 6739 25 33 it
2050 6745 72 30 with
2139 6757 19 20 a
2173 6756 129 31 prepara-

1200 6786 66 27 tion
1293 6780 33 28 of
1345 6776 102 30 Black
1477 6775 154 31 Currants
1655 6776 61 31 and
1737 6781 85 33 Gum
1852 6778 128 38 Arabic,
2003 6781 99 33 which
2124 6786 123 31 soothes
2269 6786 50 31 the

1200 6814 145 36 irritated
1362 6814 162 36 air-tubes,
1542 6817 33 27 at
1589 6814 52 31 the
1663 6827 83 24 same
1762 6822 77 31 time
1855 6817 139 43 forming
2006 6822 28 27 a'
2052 6820 148 46 Lozenge
2217 6824 36 31 of
2269 6825 50 33 the

1200 6863 83 28 most
1298 6852 137 47 grateful
1458 6855 129 30 flavour.
1630 6855 87 35 Thus
1740 6860 186 44 presenting
1951 6869 41 19 an
2009 6858 153 36 innocent
2176 6865 65 31 and
2257 6866 50 30 effi-

1200 6899 128 33 cacious
1345 6891 128 43 remedy
1488 6891 101 33 under
1603 6894 52 31 the
1682 6907 82 25 most
1780 6901 128 41 elegant
1921 6899 90 30 form.

1241 6934 198 44 Piepared
1439 6932 76 43 only
1540 6934 41 43 by
1611 6937 120 33 Messrs
1765 6940 211 35 WHITNEY,
2006 6939 159 36 Chemists
2195 6946 31 28 to
2258 6943 61 33 His

1202 6978 104 44 Royal
1332 6973 167 46 liiKhness
1513 6973 52 31 the
1583 6976 94 33 Duke
1694 6981 35 30 of
1754 6981 129 35 Sussex;
1913 6976 146 36 DucheSs
2080 6981 36 35 of
2134 6981 102 39 Kent,
2260 6986 60 30 arid

1202 7019 148 30 Princess
1369 7013 150 39 Victoria,
1535 7014 214 46 Shrewsbury.
1792 7016 79 35 Sold
1890 7016 183 35 Wholesale
2090 7022 31 27 in
2140 7019 180 44 Liverpool,

1200 7058 41 39 by
1276 7057 61 31 Mr.
1362 7052 186 33 MAwnotin
1557 7068 9 27 •'
1608 7058 61 30 and
1696 7058 115 31 .Retail
1844 7058 61 39 'by_
1921 7058 43 30 all
1995 7058 170 41 Druggists
2202 7060 33 33 in
2269 7063 33 30 th
2302 7063 17 30 e

1202 7096 175 41 Kingdom,
1395 7093 30 33 in
1446 7093 102 33 Boxes
1565 7096 41 35 Is.
1624 7098 13 31 1
1649 7098 60 36 rd,
1726 7098 63 31 and
1806 7098 44 31 2s:
1865 7098 52 28 9d.
1932 7098 88 31 each.

1239 7139 68 30 Ask
1323 7137 47 31 for
1387 7135 181 39 Whittleys'
1584 7137 102 33 Black
1706 7139 139 36 Currant
1863 7137 175 38 Lozenges.

2647 129 167 60 *alto
2838 131 72 66 bp
2934 132 255 55 auction.

2518 239 90 31 THIS
2625 243 54 30 DA
2687 254 28 27 r,
2731 244 52 30 the
2797 244 60 31 23d
2877 246 129 39 instant,
3022 252 33 27 at
3066 247 109 31 twelve
3192 247 134 39 o'clock,

2608 282 46 30 At
2668 282 124 33 SHAND
2806 283 63 31 and
2890 287 219 31 HORSFALL'S
3126 283 27 33 0
3189 298 46 27 ce,

2726 321 274 44 Exchange-alley
3016 326 98 31 Nort.

2672 361 54 38 3%
2751 361 87 33 Tons
2858 364 134 31 African
3014 365 44 30 IV
3071 369 16 25 •
3134 364 36 36 Y,

2365 391 50 30 Ex
2449 392 93 43 Lady
2570 397 235 43 Combermere,
2833 402 82 31 from
2945 403 71 31 Afri
3027 416 17 16 •.
3106 403 107 41 Apply
3244 408 33 28 to
3307 405 54 31 Sir
3386 405 93 31 JOHN

2365 428 123 41 TosiN,
2507 435 180 43 Merchant,
2701 450 36 20 or
2750 444 31 27 to

2759 480 164 30 SHAND
2939 480 63 31 and
3016 480 258 35 HORSFALL,
3290 483 154 31 Brokers.

2520 531 88 33 THIS
2625 535 90 38 DAY,
2731 535 54 30 the
2797 537 60 31 23d
2874 539 132 38 instant,
3020 543 33 25 at
3066 539 110 30 twelve
3192 542 134 38 o'clock,

2608 573 47 31 At
2672 575 123 31 SHAND
2809 576 65 30 and
2890 576 228 35 HORSFALL'S.
3126 573 99 36 Office

2715 614 274 44 Exchange-alley
3006 616 115 41 North,

2677 652 50 39 136
2753 654 69 31 Ton
2844 655 132 35 African
2998 657 145 31 IVORY

2367 682 50 31 Ex
2433 682 120 43 Norah,
2570 690 82 31 from
2666 691 79 31 New
2764 693 252 43 York.—Apply
3028 701 31 27 to
3077 698 36 30 C.
3153 696 154 33 lORRALL
3323 699 63 30 and
3402 699 79 39 SON,

2367 721 244 44 Merchants,or
2625 734 31 27 to
2762 732 162 31 SHAND
2940 734 63 31 and
3016 735 33 30 H
3118 735 156 31 SFALL,
3290 737 153 30 Brokers.

2523 784 88 33 THIS
2625 787 90 38 DAY,
2734 787 50 31 the
2800 789 58 31 23d
2872 791 129 39 instant,
3019 795 33 27 at
3065 794 110 30 twelve
3194 795 27 28 o'
3233 805 13 5 ~
3257 795 69 44 ock,

2609 827 46 30 At
2668 827 124 31 SHAND
2808 828 63 30 and
2882 828 225 33 HORSFALL'S
3123 831 28 30 0
3205 844 28 27 e,

2660 866 6 44 •
2726 866 274 44 Exchange-alley
3014 871 115 35 North,

2635 904 110 31 About
2759 907 16 30 7
2792 906 87 36 Tons
2899 909 117 30 STAG
3038 910 58 28 HP
3117 913 9 24 :
3175 910 33 39 S,

2721 943 58 33 309
2792 943 214 36 BUFFALO
3047 948 31 31 D
3121 959 28 27 o,

2745 983 36 31 18
2794 984 140 33 BISON
3049 987 99 30 Ditto.

2403 1016 106 43 Apply
2523 1022 33 28 to
2759 1024 162 31 SHAND
2937 1025 65 31 and
3016 1027 258 31 HORSFALL,
3290 1027 151 31 Brokers.

2450 1076 52 30 On
2518 1076 137 33 FRIDAY
2671 1083 88 33 next,
2773 1079 54 31 the
2841 1080 72 31 30th
2929 1080 129 41 instant,
3074 1088 33 25 at
3121 1083 126 31 Twelve
3261 1085 134 38 o'clock,

2389 1112 58 39 ,At
2471 1115 211 39 MOLYNEUX,
2706 1118 151 39 TAYLOR,
2874 1120 65 31 and
2959 1121 87 36 Cp.'s
3068 1121 109 39 Office,
3271 1124 170 39 pel-street,

2431 1153 60 31 650
2510 1151 260 36 ELEPHANT
2791 1157 169 39 TEETH,
2975 1161 159 41 weighing
3146 1173 19 19 a
3231 1164 25 38 t
3257 1164 54 38 2%
3328 1167 80 28 tons.

2542 1195 6 36 .
2594 1205 39 20 ex
2649 1195 126 33 Amelia
2797 1197 137 31 Matilda
2946 1200 83 30 from
3043 1202 101 30 Cama
3203 1213 46 19 us.

2400 1228 110 43 Apply
2523 1235 33 27 to
2570 1230 65 35 Mr.
2652 1235 31 30 J.
2699 1235 31 31 J.
2750 1235 203 41 HAMILTON,
2967 1238 115 31 Merch
3165 1250 38 20 or

2595 1272 277 39 MOLYNEUX,
2894 1276 187 33 TAYLOR
3131 1279 43 30 nd
3194 1279 80 33 CO.,
3290 1280 151 30 Brokers.

2389 1331 5 44 '
2455 1331 52 27 On
2524 1332 135 28 FRIDAY
2677 1337 87 31 next,
2780 1337 54 27 the
2847 1335 74 28 30th
2935 1335 131 38 instant,
3082 1342 35 24 at
3131 1340 109 27 twelve
3255 1339 134 36 o'clock,

2438 1365 47 33 At
2498 1367 142 39 EWART,
2657 1370 135 39 MYERS,
2808 1372 65 33 and
2888 1373 88 31 Co.'s
2992 1375 109 38 Office,
3120 1376 69 30 Exc
3255 1376 148 41 ge-alley,

2646 1409 110 31 About
2769 1413 20 28 4
2802 1416 71 27 tons
2888 1413 134 31 African
3039 1414 112 31 IVOR

2357 1438 87 43 ,Now
2463 1444 135 43 landing
2620 1457 58 31 per
2699 1449 276 35 Freeland.—For
2994 1454 123 31 further
3126 1469 19 25 ),
3159 1438 5 60 .
3175 1455 145 31 rticulars
3337 1455 99 43 apply
3449 1460 31 27 to

2357 1480 134 35 'HENRY
2509 1483 153 41 LAFFER,
2682 1488 76 38 Esq.
2775 1490 180 38 Merchant,
2973 1502 35 20 or
3022 1498 33 27 to

2721 1526 178 38 EWART,
2923 1531 170 33 MYERS,
3117 1532 65 31 and
3200 1532 69 31 CO.
3290 1532 151 31 Brokers.

2402 1581 52 28 On
2471 1580 146 41 FRIDAY,
2641 1584 52 30 the
2710 1584 52 31 7th
2775 1584 180 35 December
2970 1595 85 31 next,
3079 1594 33 27 at
3126 1595 112 27 twelve
3285 1594 101 36 dock,
3408 1597 33 27 at

2550 1620 145 33 Roscow
2710 1624 202 33 and•RlGG's
2929 1627 109 38 Office,
3055 1628 142 31 Water-s
3247 1635 43 35 et,

2630 1660 60 31 822
2710 1661 71 41 Dry
2795 1665 77 30 Cow
2885 1665 65 30 and
2964 1666 52 30 Ox
3031 1668 145 30 HIDES

2631 1701 57 30 355
2729 1724 19 14 „
2794 1701 106 31 Horse
2920 1702 151 39 DITTO,

2546 1735 54 33 Ex
2616 1739 94 41 Mary
2726 1739 63 33 and
2803 1740 118 43 Byker,
2937 1743 83 30 from
3036 1743 68 31 Btte
3150 1745 142 43 s'Ares.

2402 1773 109 43 Apply
2521 1780 33 27 to
2570 1776 129 31 Messrs.
2715 1780 82 30 Wm.
2814 1780 123 33 LEWIN
2953 1783 63 30 and
3030 1783 58 33 Co.
3104 1784 195 39 Merchants,
3315 1797 36 20 or

2841 1819 195 35 ROSCOW
3057 1824 65 31 and
3142 1825 121 31 RIGG,
3287 1827 151 30 Brokers.

2364 1869 50 30 On
2438 1869 135 36 FRIDAY
2591 1869 52 33 the
2657 1874 74 31 30th
2746 1876 131 39 instant,
2901 1883 35 25 at
2956 1880 112 30 twelve
3093 1882 124 30 o'clock
3236 1887 35 27 at
3290 1883 39 31 T.
3353 1883 65 31 and
3439 1883 33 31 H

2403 1907 172 35 Littledale
2589 1912 65 30 and
2668 1913 85 30 Co.'s
2770 1917 98 38 office,
2890 1917 365 46 Exchange-buildings,
3279 1924 44 38 (if
3339 1928 58 27 not
3408 1934 54 31 pre-

2400 1946 123 44 viously
2537 1948 146 41 dispoied
2696 1953 36 31 of
2748 1953 43 41 by
2803 1954 106 39 privat
2921 1961 150 38 etreaty,)

2562 1991 69 30 The
2647 1991 63 31 fine
2724 1994 30 30 A
2770 1994 27 38 1,
2813 1995 220 33 British-built
3050 2006 60 30 cop
3134 2000 74 33 Bred
3222 2002 66 33 and
3310 2013 113 31 copper-

2786 2033 145 35 fastened
2945 2036 80 39 Brig
3047 2035 68 31 MA
3151 2036 66 44 ys,

2427 2066 83 33 ter,
2750 2071 74 31 Just
2849 2074 126 31 arrived
3000 2076 83 30 from
3162 2076 96 41 ndon,

2524 2106 146 31 Burtben
2707 2120 55 30 per
2792 2112 132 39 register
2956 2113 55 30 171
3039 2117 72 27 tons
3151 2113 54 31 she
3231 2117 27 31 is
3280 2118 198 43 abundantly

2362 2142 98 30 found
2477 2142 33 30 in
2523 2145 173 39 materials,
2712 2148 66 30 and
2791 2150 94 30 could
2907 2150 39 31 be
2969 2154 72 28 sent
3054 2154 31 28 to
3101 2164 55 20 sea
3170 2159 33 25 at
3216 2165 20 20 a
3249 2157 162 33 moderate
3427 2169 35 20 ex-

2362 2191 107 30 pense.
2512 2181 79 30 This
2616 2181 102 35 vessel
2740 2186 57 31 has
2825 2189 115 39 mostly
2959 2189 83 31 been
3063 2192 167 43 employed
3252 2195 36 30 in
3307 2197 55 30 the
3386 2198 93 30 West

2364 2220 93 30 India
2472 2219 98 38 trade,
2594 2220 63 30 and
2680 2224 57 31 has
2750 2227 195 41 universally
2959 2227 161 36 delivered
3134 2231 58 33 her
3206 2244 131 30 cargoes
3351 2236 33 31 in
3398 2236 80 43 good

2362 2252 106 43 oiler:
2493 2258 55 31 she
2562 2269 71 19 now
2646 2260 69 41 lays
2729 2265 49 30 for
2792 2265 180 46 inspection
2986 2268 33 30 in
3035 2269 148 33 Prince's
3206 2272 106 30 Dock.
3354 2276 65 30 For
3433 2276 31 30 in-

2362 2298 157 33 ventories
2534 2294 65 33 and
2624 2298 121 33 further
2764 2306 198 38 particulars,
2984 2309 198 39 application
3197 2321 74 31 may
3285 2312 41 30 be
3339 2315 93 31 made
3447 2320 31 27 to

2362 2339 139 39 Captain
2517 2337 139 30 Burnett
2668 2346 43 20 on
2723 2339 118 43 board;
2865 2348 33 27 to
2912 2345 38 31 T.
2973 2348 65 28 and
3065 2350 46 30 H.
3134 2350 228 35 LITTLEDALE
3378 2354 27 30 &
3420 2354 57 30 Co.

2362 2376 156 39 Brokers;
2542 2384 36 22 or

2750 2414 318 44 DENNISTOUN,
3093 2425 183 33 MACKIE
3298 2428 65 30 and
3383 2431 58 30 Co.

2362 2476 52 30 On
2435 2479 154 27 Mummy
2606 2476 87 33 next,
2710 2471 52 31 the
2773 2472 72 30 26th
2860 2476 131 38 instant,
3014 2482 33 27 at
3068 2479 124 31 Tweive
3209 2485 134 39 o'ctock,
3361 2493 33 27 at
3413 2490 44 31 BA-

2526 2521 140 25 DENACH
2682 2512 27 30 &
2724 2510 233 33 JENKINSON'S
2970 2515 109 38 Office,
3099 2518 101 31 John-
3216 2524 91 30 treet.

3200 2531 14 19 s

2633 2550 38 33 13
2690 2550 96 33 Bales
2803 2551 146 31 JALAP
2973 2553 129 41 ROOT,

2614 2591 57 31 100
2690 2591 137 31 Baskets
2843 2591 124 33 ROLL
2989 2594 99 31 ANN
3181 2595 41 38 (),

2631 2628 36 33 14
2690 2631 96 30 Cases
2802 2631 280 35 CANTHARID
3143 2658 8 14 ,

2650 2669 20 31 4
2690 2669 76 31 Jars
2781 2671 192 31 ORANGE
2989 2674 88 31 FLO
3129 2674 60 31 ER
3208 2672 180 43 WATER,

2734 2709 63 33 For
2811 2710 123 31 further
2945 2713 192 36 particulars
3151 2712 96 41 apply
3263 2717 30 27 to

2658 2750 263 33 BADENACH
2943 2750 27 35 &
2992 2743 164 46 JENKINS
3156 2743 24 46 .
3180 2743 94 46 OIC,
3288 2753 151 35 Brokers.

2770 2838 101 55 On
2910 2836 162 61 irate.

2485 2939 28 30 A
2529 2945 148 27 constant
2691 2942 112 43 supply
2817 2942 38 30 of
2868 2940 181 43 Pontypool
3063 2939 66 76 IIi
3129 2939 44 76 ,T
3173 2939 22 76 ,
3195 2939 159 76 PLATES.

2398 2976 109 41 Apply
2521 2983 31 27 to
2814 2980 154 38 JONES,
2992 2981 68 31 MA
3132 3009 8 11 ,
3162 2986 65 31 and
3249 2987 187 33 POSTER.

2361 3033 302 33 GUNPOWDER
2685 3039 36 28 of
2739 3038 54 30 the
2806 3038 71 30 best
2888 3039 131 41 quality,
3044 3043 90 30 made
3150 3047 35 27 at
3202 3046 52 30 the
3271 3047 88 31 Mills
3373 3050 35 28 of
3424 3049 50 30 the

3074 3209 11 20 1

2411 3072 167 33 Lowwood
2594 3076 178 41 Company,
2789 3077 49 30 for
2852 3077 93 31 home
2959 3079 88 31 trade
3063 3080 63 31 and
3140 3083 16 30 f
3203 3087 213 38 exportation.

2542 3113 140 31 Swedish
2696 3117 66 30 and
2775 3117 181 33 Devonshir
2956 3117 20 33 e
2991 3120 135 33 MANG
3194 3124 99 30 ESE.

2361 3150 183 35 SHARES
2565 3153 35 31 in
2622 3154 46 30 all
2688 3153 54 31 the
2762 3154 93 33 Joint
2879 3157 96 30 Stock
3000 3159 80 31 Corn
3148 3162 55 36 ies,
3227 3164 131 38 Canals,
3386 3162 72 31 Rail-

2398 3200 83 28 ways
2493 3202 8 27 ;
2526 3192 96 31 Bank
2647 3194 128 38 Shares,
2800 3195 20 31 M
2820 3195 43 31 ar
2863 3195 20 31 i
2883 3195 44 31 ne
2951 3198 19 30 A
2970 3198 101 30 ssura
3099 3211 35 19 ce
3159 3202 126 38 Shares,
3310 3202 83 31 Coal
3414 3203 61 28 and

2397 3228 57 33 Oil
2468 3230 74 39 Gas,
2556 3231 66 31 and
2636 3231 115 33 Water
2767 3235 280 44 Works.—Apply
3061 3243 31 27 to

2731 3274 216 31 RICHARD
2970 3277 213 39 DAWSON,
3206 3279 230 38 Sharebroker,

2954 3313 290 44 Exchange-alley.

2359 3345 444 36 WANTED.—SHARES
2838 3353 35 30 in
2901 3353 54 31 the
2981 3354 172 41 Liverpool
3180 3356 65 31 and
3271 3356 205 33 Manchester

2841 3391 154 43 Railway.

3225 3427 19 6 ..--

2433 3443 109 31 About
2556 3444 88 31 Four
2657 3446 143 31 Millions
2814 3447 38 31 of
2868 3449 170 33 BRICKS
3058 3461 43 20 on
3115 3463 50 19 mo
3205 3443 71 41 rate
3290 3457 107 28 terms.

2397 3480 107 41 Apply
2518 3485 33 28 to
2797 3487 93 31 WM.
2915 3490 271 39 WATSON,IIO,
3203 3491 231 33 Water-street.

2663 3550 69 33 The
2753 3550 135 46 Fishing
2901 3554 126 36 Smack
3044 3557 184 38 CRCISAD
3296 3584 8 14 ,

2384 3548 106 94 ‘.
2494 3587 35 30 41
2546 3592 91 36 tons;
2660 3591 102 41 newly
2776 3594 131 38 rebuilt;
2929 3595 167 41 coppered,
3118 3597 153 41 fasted,
3293 3598 66 31 and
3378 3602 98 41 ready

2496 3627 49 31 for
2559 3630 213 41 sea.—Apply
2786 3635 35 28 to

2792 3669 93 31 WM.
2909 3671 272 36 WATSON„
3198 3676 235 31 Water-street.

2896 3728 52 31 On
2970 3731 128 38 SALE;
3131 3728 9 5 -

2857 3764 69 33 The
2948 3769 80 41 Brig
3049 3769 93 39 IDA,

2424 3753 19 83 :
2443 3753 61 83 Sit
2521 3795 129 35 Burden
2669 3811 57 36 per
2746 3805 132 41 register
2899 3806 57 33 239
2970 3808 101 33 3-9ths
3088 3809 104 31 9-4ths
3219 3816 82 35 tons,
3329 3813 83 31 built
3439 3817 35 25 at

2414 3849 11 5 -
2521 3838 137 43 Whitby
2672 3850 33 22 in
2721 3843 72 33 1831
2813 3846 36 30 of
2865 3844 54 31 the
2939 3847 69 33 best
3027 3849 170 39 materials,
3222 3850 52 31 len
3353 3850 39 33 88
3414 3850 61 33 feet

2356 3879 19 31 2
2389 3879 118 38 inches,
2539 3879 134 31 breadth
2699 3882 38 31 25
2764 3885 66 31 feet
2847 3883 20 31 3
2888 3885 120 39 inches,
3030 3887 96 39 depth
3148 3888 35 31 17
3205 3891 31 28 fe
3293 3891 33 30 11
3353 3891 120 38 inches,

2356 3920 283 39 copper-fastened,
2668 3918 80 31 head
2770 3923 63 31 and
2861 3929 36 35 qu
2898 3929 36 35 ar
2934 3929 17 35 t
2951 3929 38 35 er
3008 3926 50 43 bad
3058 3926 16 43 -
3074 3926 52 43 ges
3126 3926 17 43 ?
3162 3928 31 30 sa
3194 3928 16 30 .
3209 3928 17 30 .
3260 3940 77 35 very
3354 3931 72 38 fast,
3449 3931 25 30 is

2356 3957 198 41 abundantly
2569 3959 98 31 found
2680 3961 31 30 in
2729 3964 113 38 stores;
2860 3973 69 22 now
2943 3965 91 41 lying
3049 3969 33 28 in
3098 3967 33 31 th
3197 3972 156 30 runswick
3370 3972 104 35 Dock,

2356 3995 63 31 and
2435 4008 60 20 can
2510 3998 38 30 be
2564 4003 72 27 sent
2649 4003 30 27 to
2694 4009 54 22 sea
2762 4005 35 28 at
2816 4013 20 20 a
2857 4003 123 44 trifling
3000 4016 120 31 expens
3192 4005 63 31 For
3269 4006 203 41 inventories,

2356 4036 63 30 and
2433 4036 334 43 furtherparticulars,
2789 4043 98 41 apply
2901 4047 33 27 to
2948 4046 129 30 Messrs.
3093 4046 176 30 CHAPMAN
3293 4049 65 30 and
3380 4049 72 31 WIL-

2359 4083 61 30 LIS,
2438 4076 66 30 No-
2518 4076 27 39 1,
2562 4077 209 43 King-street,
2787 4091 36 19 or
2836 4085 33 28 to

2780 4121 128 31 NICH.
2926 4123 175 36 HURRY,
3124 4121 49 38 23,
3189 4121 244 41 Chapel-walks.

2704 4173 3 44 •
2757 4173 65 31 For
2844 4176 126 36 SALE,
2986 4181 33 27 at
3033 4187 41 20 an
3090 4178 146 39 Outport,

2597 4209 76 30 And
2685 4213 65 28 will
2762 4213 39 27 be
2819 4214 175 28 Launched
3009 4216 33 28 in
3063 4216 96 30 about
3178 4219 61 27 two
3258 4217 139 39 months,

2789 4250 30 30 A
2843 4250 80 30 Fine
2945 4252 112 30 NEW
3082 4254 121 36 SHIP,

2375 4287 13 6 -
2416 4296 11 5 -
2521 4287 46 28 Of
2575 4285 99 30 about
2685 4287 60 30 330
2757 4291 71 25 tons
2849 4290 137 28 burthen
2997 4301 8 27 ;
3027 4290 82 30 built
3128 4291 66 30 enti
3254 4291 66 30 —of
3340 4293 134 43 English

2359 4326 63 31 and
2444 4324 134 33 African
2592 4324 90 39 Oak;
2707 4324 189 44 thoroughly
2921 4328 219 41 Copper-faste
3231 4335 31 27 to
3285 4332 52 31 the
3362 4335 109 36 wales;

2359 4365 63 30 will
2436 4365 79 30 have
2529 4375 19 20 a
2564 4364 195 41 Half-Poop,
2786 4365 41 30 32
2838 4367 66 28 feet
2915 4367 77 39 long
3005 4369 63 30 and
3145 4373 33 27 et
3192 4370 96 41 high;
3310 4372 65 30 and
3389 4383 65 19 mea-

2359 4416 85 20 sures
2460 4405 31 30 in
2507 4403 110 43 length
2633 4405 54 31 101
2701 4405 74 39 feet,
2800 4405 131 31 breadth
2946 4406 38 33 '27
3000 4409 79 38 feet;
3126 4409 76 41 epth
3216 4413 35 28 of
3268 4409 74 33 hold
3359 4413 35 31 11
3411 4414 63 30 feet

2356 4446 19 30 6
2391 4446 117 38 inches,
2534 4444 63 31 and
2622 4447 140 28 extreme
2786 4446 96 43 depth
2906 4446 38 33 18
2954 4447 65 33 feet
3039 4450 20 30 6
3074 4449 118 33 inches.
3235 4450 68 31 The
3324 4452 101 35 above
3449 4454 27 31 is

2359 4483 203 41 particularly
2573 4483 69 31 well
2657 4483 135 41 adapted
2805 4487 49 30 for
2866 4487 52 30 the
2929 4488 91 31 West
3033 4490 93 31 India
3140 4491 205 33 trade.—For
3354 4494 121 31 further

2357 4524 187 39 particulars
2559 4524 96 41 apply
2669 4528 31 28 to
2850 4526 39 33 A.
2915 4528 156 35 LODGE
3093 4531 63 31 and
3180 4531 254 35 PRICHARD.

2890 4586 63 31 For
2975 4587 126 39 SALE,

2783 4624 68 31 The
2874 4627 79 31 New
2973 4627 79 43 Ship
3076 4630 117 31 MILO

2520 4661 143 31 Burthen
2679 4672 57 30 per
2753 4665 132 41 register
2899 4668 55 30 461
2970 4671 71 28 tons
3054 4679 8 28 ;
3129 4669 11 30 i
3178 4669 36 31 of
3227 4669 55 31 the
3296 4669 71 31 best
3378 4672 76 28 mate-

2521 4701 82 38 rials,
2620 4702 61 31 and
2696 4713 74 30 may
2783 4704 38 31 be
2836 4710 71 25 sent
2918 4710 33 27 to
2967 4718 52 20 sea
3033 4712 33 27 at
3159 4709 43 30 all
3220 4709 252 41 expense.—For

2357 4742 176 39 inventory,
2551 4742 65 35 &c.,
2631 4743 94 38 apply
2740 4746 33 27 to
3099 4746 194 31 DUNCAN
3317 4746 118 33 GIBB.

2794 4831 261 55 Manteb.

2359 4921 287 69 WANTED,
2677 4924 93 30 ONE
2797 4924 258 31 THOUSAND
3087 4920 197 41 pouvps,
3307 4934 41 20 on
3370 4931 101 38 ample

2496 4961 156 33 Freehold
2688 4962 156 43 Security,
2880 4967 35 27 at
2942 4965 44 30 £5
3014 4976 57 28 per
3096 4957 233 66 cte—Apply
3356 4969 31 27 to
3422 4969 49 31 the

2359 4998 137 30 Printer.

2357 5069 99 72 Vv.
2476 5069 170 36 ANTED,
2669 5080 19 20 a
2710 5072 246 30 61'1UA'ilON
2981 5087 35 22 as
3038 5074 167 35 CLEttli,
3224 5079 39 31 oy
3279 5082 19 19 a
3321 5079 13 22 Y
3346 5076 90 33 (JUIN
3446 5079 27 30 Li

2496 5109 99 30 MAN
2619 5110 36 28 of
2671 5110 104 31 active
2794 5110 65 31 and
2885 5110 192 33 industrious
3090 5110 113 39 habits,
3230 5109 69 33 who
3315 5110 63 39 has,
3386 5124 19 22 a
3419 5128 36 30 ge-

2357 5143 90 33 neral
2469 5146 186 43 knowledge
2671 5150 36 30 of
2726 5150 162 36 Business,
2913 5153 65 30 and
2992 5153 101 30 would
3117 5154 113 36 accept
3301 5153 153 39 anysitua-

2356 5183 77 41 tion,
2458 5189 33 27 at
2504 5184 93 33 home
2611 5198 36 20 or
2660 5187 131 39 abroad,
2814 5189 101 43 likely
2929 5194 31 27 to
2975 5191 99 31 afford
3088 5203 19 19 a
3121 5202 49 20 res
3233 5189 238 46 table.support.

2359 5224 131 43 Having
2513 5236 41 20 no
2570 5227 227 31 incumbrance
2819 5228 106 41 salary
2940 5228 25 31 is
2989 5235 57 27 not
3068 5241 33 20 so
3224 5239 41 20 an
3279 5230 109 39 object
3400 5243 41 25 as_
3455 5246 17 19 a

2356 5269 186 33 permanent
2570 5265 271 33 situation.—Can
2868 5279 71 30 give
2967 5269 146 41 security,
3200 5269 272 44 reqUired.—Any

2356 5302 184 31 commands
2556 5304 167 31 addressed
2737 5309 33 27 to
2784 5306 39 30 A.
2841 5306 49 38 8.,
2917 5309 63 30 and
2994 5309 58 30 left
3065 5312 33 27 at
3110 5309 52 30 the
3175 5307 90 31 office
3279 5310 36 30 of
3331 5310 63 31 this
3409 5312 41 31 Pa-

2356 5353 65 30 per,
2438 5342 61 31 will
2515 5343 38 30 be
2570 5343 186 39 punctually
2770 5343 150 31 attended
2934 5351 41 25 to.

2580 5417 120 33 MOST
2717 5419 261 33 IMPORTANT
2998 5422 249 33 DISCOVERY.

2775 5458 38 31 T.
2836 5460 222 33 MARTIN'S

2494 5496 529 38 NEWLY-INVENTED
3052 5504 293 36 BLACKING

2677 5542 88 31 FOR
2789 5543 181 33 LADIES'
2995 5546 161 39 SHOES,

2565 5591 117 22 WHICH
2707 5592 164 24 POLISHES
2896 5595 159 20 WITHOUT
3079 5595 187 25 BRUSHING.

2356 5619 77 39 Fr
2436 5616 77 33 HIS
2543 5619 243 36 BLACKING
2814 5622 27 31 is
2866 5625 129 41 equally
3020 5625 134 39 adapted
3183 5625 47 33 for
3257 5627 219 33 Gentlemen's

2373 5658 33 30 1
2476 5657 98 33 Dress
2587 5658 109 38 Shoes,
2713 5669 41 27 as,
2773 5660 33 31 in
2820 5671 219 30 consequence
3060 5665 35 30 of
3110 5665 80 46 being
3191 5665 17 46 .
3228 5666 124 39 applied
3370 5666 72 30 with
3458 5677 17 19 a

2361 5696 137 41 Sponge,
2515 5696 50 31 the
2581 5698 134 43 binding
2734 5699 80 31 need
2827 5704 57 27 not
2896 5701 38 31 be
2948 5701 107 31 soiled.
3101 5704 76 30 Sold
3200 5713 33 20 in
3255 5704 124 38 bottles,
3402 5704 72 31 with

2359 5743 115 33 proper
2488 5735 169 33 directions
2669 5739 49 31 for
2732 5748 63 28 use,
2811 5746 35 24 at
2858 5740 49 33 6d.
2921 5740 63 33 and
3000 5742 41 31 Is.
3058 5742 88 31 each.

2398 5773 36 31 'l.
2452 5775 150 33 Martin's
2616 5776 139 46 Blackin
2754 5776 20 46 g
2786 5780 49 39 (li
2835 5780 33 39 qu
2868 5780 33 39 id
2915 5781 41 31 an
2956 5781 22 31 d
2994 5786 16 36 p
3009 5786 35 36 as
3044 5786 17 36 t
3061 5786 17 36 e
3079 5786 17 36 )
3113 5783 13 30 i
3126 5783 13 30 s
3153 5783 19 43 a
3172 5783 38 43 ll
3209 5783 57 43 owp
3266 5783 19 43 d
3285 5784 54 41 by
3351 5784 43 31 all
3406 5784 68 31 who

2359 5824 55 20 use
2430 5814 25 31 it
2474 5819 31 28 to
2518 5816 39 31 be
2573 5827 19 20 a
2609 5819 142 39 superior
2765 5819 109 31 article
2888 5825 31 27 to
2935 5822 82 31 what
3035 5822 57 31 has
3110 5824 80 30 been
3206 5824 140 33 idtherto
3361 5825 115 30 offered

2359 5857 31 27 to
2406 5854 50 31 the
2472 5855 117 39 public,
2606 5857 47 31 for
2677 5858 186 46 nourishing
2877 5860 61 35 and
2956 5861 109 44 giving
3085 5871 41 22 an
3192 5855 52 39 act
3263 5863 157 43 pliability
3444 5868 31 27 to

2361 5891 50 31 the
2427 5893 131 39 leather,
2573 5899 33 28 at
2620 5896 49 31 the
2687 5909 85 24 same
2789 5899 36 30 ti
2825 5899 36 30 me
2879 5899 33 31 th
2912 5899 17 31 a
2929 5899 17 31 t
2962 5904 13 25 i
2975 5904 13 25 t
3000 5901 85 39 prods
3167 5901 52 31 the
3236 5907 85 27 most
3332 5902 143 31 brilliant

3063 5863 63 146 r
3126 5863 63 146 f

2357 5932 49 38 jet
2420 5932 93 41 gloss.
2559 5934 28 30 It
2603 5937 99 30 retain
2702 5937 17 30 s
2735 5939 14 28 a
2750 5939 28 28 ll
2797 5937 25 30 it
2822 5937 14 30 s
2855 5939 134 41 original
3005 5940 63 30 moi
3121 5951 33 19 re
3169 5940 31 30 in
3222 5951 61 30 any
3299 5942 126 31 climate
3443 5953 33 20 or

2362 5972 143 38 weather,
2524 5973 63 30 and
2609 5975 27 30 is
2657 5975 162 33 furnished
2844 5978 33 30 in
2899 5983 71 25 neat
2994 5978 71 30 usef
3110 5978 46 30 tin
3173 5980 107 36 boxes,
3294 5984 31 27 at
3342 5981 58 38 Id.,
3414 5983 60 36 3d.,

2361 6011 61 31 6d.,
2439 6011 66 30 and
2520 6011 41 31 ls.
2580 6014 87 28 each.

2400 6049 38 31 Ti
2463 6049 148 33 Martin's
2636 6054 216 31 HARNESS
2880 6055 90 38 JET,
2998 6055 99 31 which
3123 6066 139 20 assumes
3283 6068 20 20 a
3324 6058 151 31 beautiful

2362 6088 83 41 gloss
2461 6090 131 31 without
2606 6091 164 41 brushing.

2402 6128 76 31 This
2493 6124 159 49 Blacking
2672 6132 24 30 is
2721 6132 132 41 adapted
2872 6134 49 30 for
2935 6134 153 38 Harness,
3104 6132 151 41 Carriage
3272 6134 118 39 Heads,
3406 6137 68 38 &c.,

2362 6167 63 33 and
2450 6167 66 31 also
2543 6175 148 33 prevents
2718 6173 52 31 the
2798 6173 120 31 leather
2948 6175 83 30 from
3061 6172 162 44 cracking,
3250 6184 36 19 or
3310 6175 167 44 becoming

2361 6208 118 33 brown.
2521 6208 77 30 Sold
2609 6211 33 30 in
2655 6211 113 31 bottles
2784 6217 31 27 at
2827 6214 58 36 6d.,
2902 6214 52 38 is-,
2972 6214 63 30 and
3050 6214 41 30 Is.
3106 6211 50 33 6d.
3170 6211 88 31 each.

2400 6247 69 31 The
2496 6249 255 39 unprecedented
2775 6254 80 30 sales
2882 6254 101 31 which
3008 6254 79 31 have
3110 6252 82 30 been
3216 6252 131 31 effected
3372 6258 35 27 at
3425 6255 50 30 the

2364 6287 164 31 who.esale
2542 6288 65 30 and
2628 6294 112 39 export
2753 6291 178 33 warehouse
2957 6293 85 39 since
3060 6293 39 30 its
3121 6288 236 36 establishment
3370 6293 33 31 in
3427 6294 35 31 Li-

2362 6328 137 36 verpool,
2517 6326 79 41 fully
2602 6329 139 36 justifies
2754 6331 38 31 T.,
2806 6332 151 31 Martin's
2969 6342 178 25 assurance,
3165 6329 68 31 that
3247 6332 50 30 the
3310 6334 121 38 article,
3444 6345 33 20 as

2364 6364 71 41 well
2444 6375 33 20 as
2493 6364 50 33 the
2559 6370 96 27 ternis
2671 6378 41 20 on
2726 6369 101 31 which
2839 6370 38 31 he
2891 6372 137 41 supplies
3039 6372 47 31 his
3098 6369 129 39 friends,
3241 6376 117 28 cannot
3373 6373 38 31 be
3427 6384 35 20 ex-

2362 6405 99 31 celled
2477 6405 41 39 by
2531 6416 65 24 any
2609 6405 96 33 house
2720 6408 98 33 in-the
2833 6411 90 41 kingd
2923 6411 17 41 -
2940 6411 55 41 om.

2403 6441 156 36 WRITIN
2559 6441 27 36 -
2586 6441 27 36 G
2635 6446 98 39 INK,
2757 6449 36 30 of
2809 6460 19 22 a
2850 6452 142 38 superior
3014 6449 131 41 quality,
3165 6447 33 31 in
3219 6449 115 36 bottles
3356 6455 61 30 and
3438 6465 39 17 en

2362 6483 145 39 draught.

2635 6526 66 41 (*--
2726 6526 68 33 Ask
2808 6528 47 31 for
2874 6529 148 31 Martin's
3039 6526 169 41 Blacking.

2403 6562 195 31 N.B.—The
2613 6564 46 31 tin
2672 6567 96 28 boxes
2783 6578 52 19 arc
2850 6569 98 31 worth
2959 6567 52 33 the
3025 6569 87 39 price
3129 6561 46 36 fOr
3189 6569 85 31 snuff
3283 6572 63 31 and
3356 6572 121 31 various

2364 6602 90 33 other
2472 6613 161 31 purposes,
2658 6605 79 31 after
2759 6605 52 31 the
2833 6608 161 39 Blacking
3008 6608 55 30 has
3077 6608 80 30 been
3172 6606 91 41 used;

2364 6641 172 31 allowance
2551 6652 57 28 per
2624 6643 99 31 dozen
2737 6644 63 30 will
2814 6646 19 30 b
2833 6646 19 30 e
2866 6647 46 30 ma
2912 6647 22 30 d
2934 6647 24 30 e
2972 6647 16 30 f
2987 6647 33 30 or
3036 6647 38 31 th
3074 6647 38 31 em
3112 6647 19 31 .
3287 6622 36 22 or
3335 6622 19 20 a
3364 6609 113 33 liberal

2761 6682 58 33 TO
2841 6685 243 30 PRINTERS.

2403 6718 38 33 T.
2457 6720 157 36 MARTIN,
2630 6720 178 31 PRINTING
2831 6723 63 33 INK
2915 6724 299 35 MANUFAcTURER,
3230 6723 249 41 BIRMINGHAM,

2364 6759 98 39 keeps
2476 6769 19 20 a
2507 6757 128 41 regular
2644 6761 115 39 supply
2769 6761 35 30 of
2811 6762 50 31 his
2872 6764 148 31 different
3031 6761 145 43 qualities
3192 6762 36 31 of
3239 6764 94 43 INK,
3348 6769 33 31 in
3395 6769 85 28 Cans

2365 6808 36 22 or
2417 6798 98 38 Kegs,
2532 6798 35 28 of
2575 6797 124 31 various
2713 6809 85 28 sizes,
2811 6803 134 33 suitable
2959 6808 35 25 to
3003 6803 52 28 the
3066 6800 151 31 demands
3231 6805 35 28 of
3276 6806 47 31 his
3335 6806 143 38 Friends,

2364 6838 63 31 and
2439 6836 169 38 delivered,
2624 6836 79 31 Free
2718 6838 35 31 of
2762 6838 161 43 Carriage,
2935 6841 33 31 in
2987 6838 169 41 Liverpool
3169 6841 63 30 and
3247 6843 213 36 Manchester.

2403 6879 118 31 Orders
2529 6874 145 35 received
2682 6877 47 30 for
2737 6877 157 35 PRIN'II
2901 6882 76 36 NG,
2984 6879 337 38 COPPERPLATE
3343 6887 110 33 BOOK-

2365 6917 217 38 BINDERS,
2602 6909 249 47 STANDING,
2866 6918 20 35 a
2887 6918 20 35 n
2907 6918 20 35 d
2948 6921 17 30 o
2965 6921 72 30 ther
3063 6918 209 44 PRESSES,
3290 6928 35 28 of
3340 6928 52 30 the
3414 6928 66 31 first

2364 6957 128 31 makers
2510 6957 33 30 in
2565 6956 54 30 the
2636 6953 189 44 kingdom;-
2825 6957 24 36 :
2849 6957 169 36 —INKING
3033 6956 285 47 APPARATUS,
3335 6967 145 31 BRASS

2367 6995 135 39 RULE,
2517 6998 66 33 &c.;
2598 6995 71 35 &c.,,
2680 6995 58 30 &c.

2406 7033 224 33 Second-hand
2652 7033 227 36 PRINTING
2899 7033 203 38 PRESSES
3118 7043 178 41 constantly
3307 7054 46 20 on
3367 7046 76 31 sale.

2406 7074 181 33 Wholesale
2603 7074 63 30 ante
2682 7072 121 43 Export
2819 7074 224 39 Warehouses;
3063 7074 66 41 167,
3150 7076 82 36 Dale
3233 7087 117 35 -street,
3375 7082 106 35 Lfrer.

2364 7115 82 41 pool,
2463 7115 63 30 and
2540 7117 28 36 4,
2584 7113 238 43 Bridge-street,
2838 7115 211 36 Manchester.

2904 7159 43 30 D.
2970 7154 241 38 STAFFORD
3238 7164 72 31 Sole
3323 7165 117 38 Agent.

3814 137 167 61 *Mos
4005 139 72 66 by
4096 142 255 60 Auction.

3523 238 250 38 EXTENSIVE
3813 239 110 33 SALE
3964 241 58 31 OF
4057 246 277 35 EXCELLENT
4345 225 5 60 •
4372 225 243 60 HOUsEHOI)

3687 279 265 39 FURNITURE,
3981 280 323 39 WINSTANLEYS'
4329 290 154 35 ROOMS.

3658 320 61 33 BY
3743 320 191 33 MESSRS.
3956 321 38 31 T.
4017 323 324 38 WINSTANLEY•
4357 331 27 30 &
4405 332 102 36 SON,

3526 356 87 31 Tins
3636 357 44 43 DA
3680 357 22 43 Y
3702 357 24 43 ,
3751 357 164 44 (Friday,)
3937 359 54 33 the
4016 364 60 31 23d
4098 364 132 43 instant,
4255 372 33 28 at
4310 369 113 35 eleven
4438 365 121 36 o'clock
4570 365 36 33 r

3751 398 107 41 cisely,
3876 402 35 27 at
3921 398 83 33 their
4019 403 120 31 Rooms
4165 406 254 41 Church-street.,

3550 436 31 39 A
3619 435 88 43 Very
3734 436 162 35 extensive
3924 439 65 30 and
4014 428 148 47 valuable
4194 447 198 41 assemblage
4420 450 17 30 o
4438 450 19 30 f
4488 439 20 41 e

3526 436 79 72 A
3646 476 291 35 HOUSEHOLD
3959 479 283 44 FURNITURE,
4271 487 102 38 Plate,
4397 488 82 31 Gold
4504 480 19 36 a
4523 480 41 36 nd

3526 524 55 20 ver
3597 513 162 41 Watches,
3784 529 19 19 a
3817 515 123 43 variety
3953 518 36 31 of
4005 521 132 31 modern
4164 524 115 30 Plated
4299 526 148 39 Articles,
4471 517 142 41 handsol

3526 553 68 31 Tea
3608 553 113 41 China,
3750 557 128 30 Dinner
3890 556 66 31 and
3970 557 19 35 D
3989 557 94 35 esser
4083 557 20 35 t
4118 564 17 38 S
4135 564 52 38 erv
4187 564 17 38 i
4205 564 69 38 ces,
4299 565 36 30 of
4354 565 106 30 China
4474 562 63 33 and
4557 554 36 47 ST
4594 554 19 47 A

3526 591 153 35 fordshire
3699 597 109 36 Ware,
3843 594 172 43 richly-cut
4036 598 35 41 Gl
4071 598 52 41 ass
4123 598 17 41 ,
4167 602 93 31 Plate
4282 605 38 30 of
4342 602 61 33 Gla
4436 600 134 43 ,48by
4580 602 35 54 ;

3526 630 162 46 elegantly
3701 631 148 39 Framed,
3866 643 112 31 square
3994 636 41 33 Pi
4035 636 63 33 ano
4098 641 30 39 -f
4128 641 30 39 or
4157 641 14 39 t
4172 641 46 39 es,
4233 643 20 41 b
4254 643 22 41 y
4285 643 94 31 Broa.
4411 646 66 36 wod,
4494 654 17 19 a
4526 639 88 43 cals,

3526 671 139 43 Library.
3687 676 176 35 Bookcase,
3890 672 176 46 Eight-day
4090 679 36 41 Cl
4126 679 36 41 oc
4162 679 19 41 k
4181 679 19 41 s
4200 679 19 41 ,
4244 682 41 30 an
4285 682 22 30 d
4337 671 6 49 ,
4362 671 5 49 •
4386 694 36 19 er
4444 683 124 30 Effects,

3524 712 113 31 moved
3652 713 49 30 for
3712 713 54 30 the
3780 721 214 24 convenience
4009 717 35 30 of
4055 717 74 33 sale.

3564 750 69 31 The
3655 753 161 30 excellent
3830 751 187 44 Mahogany
4031 754 228 43 Dining-room
4312 739 5 61 •
4326 761 120 30 rniture
4469 739 145 61 comprise:

3526 786 194 35 S'ecretaires
3734 789 65 31 and
3811 791 192 39 Bookcases,
4019 798 61 27 sets
4091 797 35 30 of
4137 797 117 31 Dinin.
4271 802 14 28 /
4304 798 96 38 ables,
4417 811 43 20 on
4469 787 143 52 TelescoPj

3526 828 131 31 Frames
3682 828 63 31 and
3773 828 117 31 Pillars
3910 831 65 30 and
3997 831 113 41 Claws,
4137 836 79 38 Loo,
4279 839 154 36 -mbroke,
4457 835 91 35 Card,
4572 827 17 57 al
4589 827 8 57 l
4597 827 9 57 o
4606 827 9 57 f

3528 868 77 30 Sofa
3619 868 126 36 Tables,
3769 868 134 31 modern
3926 869 150 33 Pedestal
4098 874 43 31 an
4140 874 22 31 d
4186 876 54 30 oth
4239 876 36 30 er
4301 876 54 38 Sid
4354 876 17 38 e
4372 876 17 38 b
4389 876 55 38 oar
4444 876 17 38 d
4461 876 19 38 s
4480 876 19 38 ,
4526 871 54 31 set'
4597 882 19 39 j

3526 907 123 36 Chairs,
3677 907 101 38 Sofas,
3805 907 154 41 Couches,
3986 910 88 43 Easy
4094 913 124 39 Chairs,
4244 915 205 39 Wardrobes,

4038 953 6 9 •
4090 953 3 9 .

3524 945 157 38 Drawers,
3699 946 57 31 &c.

3564 984 68 31 The
3649 984 257 43 Drawing-room
3923 987 172 33 Furniture
4117 991 135 33 consists
4266 994 35 30 of
4320 994 198 31 fashionable
4540 980 8 52 1
4548 980 9 52 1
4586 980 9 52 ;
4595 980 9 52 e
4605 980 9 52 '

3524 1024 90 30 wood
3627 1024 115 30 Chairs
3756 1025 63 31 and
3836 1025 85 39 Sofa,
3939 1028 39 36 Co
3978 1028 39 36 uc
4017 1028 41 36 h,
4074 1033 20 28 t
4094 1033 41 28 wo
4148 1030 17 39 C
4165 1030 17 39 a
4183 1030 36 39 bi
4219 1030 36 39 ne
4255 1030 17 39 t
4272 1030 19 39 s
4291 1030 19 39 ,
4326 1033 16 31 c
4342 1033 17 31 i
4359 1033 52 31 rcu
4411 1033 17 31 l
4428 1033 35 31 ar
4476 1027 41 35 an
4517 1027 22 35 d
4550 1017 65 63 el:

3524 1061 41 30 tic
3592 1061 68 33 Loo
3687 1063 124 39 Tables,
3838 1065 135 33 Printed
4000 1068 112 33 Calico
4134 1069 162 39 Curtains,
4321 1071 146 33 Brussels
4494 1065 93 38 CarPe

3526 1101 140 31 Fenders
3683 1102 65 31 and
3762 1104 184 46 Fire-iront

3562 1140 69 31 The
3647 1142 101 35 whole
3769 1153 74 31 may
3855 1143 41 31 be
3910 1143 118 33 viewed
4050 1146 146 41 previous
4216 1153 33 27 to
4263 1143 55 36 the
4340 1150 74 38 sale,
4438 1150 91 31 when
4542 1134 28 38 Ca
4570 1134 28 38 la
4598 1134 16 38 '

3521 1180 112 41 logues
3646 1191 76 30 may
3734 1176 39 36 tie
3794 1181 72 31 had.

4581 1213 30 8 „.•

3523 1257 54 31 On
3592 1258 137 31 FRIDAY
3745 1263 87 35 next,
3855 1260 52 30 the
3921 1261 74 30 30th
4017 1263 16 39 i
4033 1263 31 39 ns
4065 1263 16 39 t
4080 1263 33 39 an
4113 1263 35 39 t,
4170 1268 17 27 a
4187 1268 17 27 t
4219 1276 60 22 one
4293 1268 17 30 o
4310 1268 17 30 '
4328 1268 17 30 c
4345 1268 17 30 l
4362 1268 36 30 oc
4398 1268 19 30 k
4431 1268 16 30 i
4447 1268 17 30 n
4479 1266 52 30 the
4545 1254 50 55 afte
4595 1254 13 55 r
4609 1247 2 61 r
4611 1247 2 61 ,

3562 1306 94 30 noon,
3679 1302 35 27 at
3734 1298 52 30 the
3811 1299 183 33 Clarendon
4016 1302 20 39 R
4036 1302 87 39 ooms
4123 1302 22 39 ,
4170 1304 19 31 S
4189 1304 41 31 ou
4230 1304 41 31 th
4299 1306 20 30 J
4320 1306 22 30 o
4342 1306 22 30 h
4364 1306 22 30 n
4387 1309 14 33 -
4402 1309 14 33 s
4416 1309 14 33 t
4430 1309 44 33 ree
4474 1309 30 33 t,
4531 1294 22 60 Li
4553 1294 11 60 v
4564 1294 11 60 '
4575 1294 22 60 ro
4597 1294 11 60 '

3561 1335 83 38 pool,
3669 1335 142 39 (subject
3825 1342 31 27 to
3872 1340 76 31 such
3964 1342 178 31 conditions
4157 1343 36 30 of
4211 1343 66 30 sale
4296 1354 35 20 as
4351 1346 63 30 will
4427 1346 39 30 be
4482 1343 71 31 then
4567 1339 16 31 P
4605 1335 6 41 )

3562 1373 109 39 duced,
3693 1376 28 30 if
3739 1381 55 27 not
3808 1376 145 41 disposed
3967 1381 36 30 of
4014 1381 31 30 in
4063 1381 50 31 the
4129 1383 172 31 meantime
4315 1384 43 39 by
4373 1384 120 39 private
4507 1373 106 54 tre3tyol

3720 1416 58 30 LL
3819 1417 71 31 that
3928 1420 157 31 excellent
4085 1416 3 39 .
4126 1420 157 33 Freehold
4318 1417 214 38 MESSUAG
4605 1416 6 39 ,

3523 1433 66 31 Lot
3608 1417 36 69 1.
3644 1417 17 69 1
3661 1417 19 69 .
3699 1417 17 69 i

3739 1455 260 35 DWELLING
4020 1458 165 41 HOUSE,
4219 1461 203 41 GARDEN,
4447 1460 63 33 and
4532 1446 19 60 O
4551 1446 39 60 pt
4591 1446 20 60 ,

3523 1491 148 39 MISES,
3698 1494 113 30 situate
3833 1506 41 20 on
3899 1496 52 31 the
3973 1499 90 30 south
4085 1498 49 33 sid
4134 1498 17 33 e
4173 1501 36 30 of
4227 1499 110 43 Upper
4359 1502 57 30 Sta
4417 1513 20 19 n
4441 1502 77 38 hope
4521 1493 60 57 -otr
4581 1493 14 57 e
4595 1493 16 57 d

3521 1540 79 22 near
3619 1535 36 27 to
3674 1532 47 33 St.
3742 1534 140 31 James's
3901 1535 142 41 Church,
4063 1539 36 30 in
4123 1539 211 43 Harrington,
4362 1551 79 20 near
4471 1535 107 36 LiverP

4304 1576 8 9 ,
4324 1564 9 16 ,

3521 1570 165 35 aforesaid.
3737 1570 3 35 ,

4578 1592 33 35 tbe

4274 1600 19 24 /

3561 1608 69 31 The
3646 1609 110 30 House
3770 1622 63 20 was
3847 1613 82 31 built
3942 1616 164 43 expressly
4118 1616 49 30 for
4181 1616 106 44 thepr
4288 1624 90 27 esent
4391 1627 113 27 owner,
4529 1613 49 55 in,
4578 1613 16 55 g
4594 1613 17 55 e

3520 1652 83 27 most
3616 1647 189 33 substantial
3819 1661 143 28 manner,
3980 1652 65 31 and
4057 1654 165 30 contains'
4258 1666 20 20 n
4293 1657 54 30 the
4362 1658 68 31 first
4444 1658 85 31 floor,
4550 1657 28 41 10
4578 1657 14 41 4
4592 1657 16 41 ;

3521 1687 161 38 Parlours,
3699 1687 139 33 Butler's
3855 1688 131 43 Pantry,
4005 1691 162 31 Store-roo
4263 1694 118 39 itchen,
4397 1698 63 30 and
4477 1669 132 57 Sculled;

4169 1625 39 143 l
4208 1625 79 143 ir

3520 1735 43 20 on
3578 1724 52 31 the
3644 1729 60 28 two
3718 1735 101 33 upper
3833 1728 104 41 floors,
3962 1729 90 43 eight
4071 1731 102 31 excell
4249 1732 197 41 Bed-rooms,
4474 1729 129 36 Dress

3520 1773 98 28 room,
3647 1765 63 30 and
3739 1767 211 43 Store-room;
3973 1781 41 20 on
4041 1770 55 31 the
4117 1772 124 41 ground
4263 1773 88 38 floor,
4381 1786 19 20 a
4422 1772 82 44 good
4524 1759 87 55 Wae

3521 1802 129 41 house,
3650 1805 161 43 Laundry,
3836 1806 117 41 Cellar,
3978 1809 65 31 and
4063 1809 91 33 other
4175 1813 129 33 conveni
4304 1813 93 33 ences
4397 1813 19 33 .
4457 1813 69 33 The
4540 1811 8 50 '
4548 1811 8 50 4
4573 1811 8 50 1
4589 1811 9 50 9
4598 1811 9 50 0

3521 1843 159 30 Premises
3707 1846 131 30 contain
3863 1847 60 31 700
3950 1858 112 30 square
4088 1849 106 41 yards.
4247 1850 124 35 Immedi
4372 1850 20 35 a
4392 1850 43 35 te
4463 1846 112 47 possess

3520 1890 74 30 may
3608 1880 39 30 be
3660 1880 74 35 had.

4586 1899 16 33 g'
4602 1899 8 33 /

3557 1920 28 30 2.
3608 1920 30 30 A
3668 1920 117 33 SEAT
3811 1932 36 20 or
3874 1924 117 39 PEW,
4019 1926 115 33 situate
4162 1926 63 31 and
4252 1928 101 43 being
4372 1931 35 30 in
4436 1932 46 30 St.
4504 1926 39 44 Jan
4543 1926 13 44 i
4556 1926 27 44 •A
4584 1920 13 19 e

4597 1934 13 31 it

3521 1957 139 38 Church,
3685 1959 63 31 No.
3762 1961 49 38 26,
3833 1961 35 33 in
3888 1964 35 31 th
3923 1964 17 31 e
3962 1964 140 43 Gallery,
4129 1967 65 31 and
4213 1965 66 33 will
4299 1970 235 31 accommodate
4551 1964 38 24 ele

3520 2008 140 31 persons,
3677 1998 124 38 subject
3814 2003 33 27 to
3861 2013 19 19 a
3896 2005 93 30 small
4003 2005 120 31 annual
4139 2006 123 41 ground
4277 2011 79 28 rent.
4562 1998 5 49 •
4594 2024 14 24 A

3559 2036 63 31 For
3647 2036 124 31 further
3797 2039 189 36 particulars
4013 2044 98 39 apply
4131 2049 31 27 to
4186 2046 61 31 Mr.
4272 2047 180 38 LEATHER,
4479 2031 129 57 Solicit°;,

3521 2076 372 41 Clarendon-buildings;
3915 2090 36 19 or
3976 2085 33 27 to
4038 2083 129 31 Messrs.
4192 2085 241 33 WINSTANLEY
4465 2082 20 35 a
4485 2082 41 35 nd

3521 2115 250 36 Church-street,
3794 2113 181 41 Liverpool.

4581 2164 25 39 4.4
3521 2184 115 30 SALE
3652 2184 58 31 OF
3721 2183 265 39 FURNITURE,
4002 2184 124 31 ROOM
4135 2187 154 39 PAPER.,
4307 2184 233 41 BORDER'S

3781 2222 52 46 By
3852 2224 131 33 Messrs.
4005 2224 38 31 T.
4066 2225 27 30 &
4107 2225 33 30 J.
4162 2227 225 43 TROTTER,

3521 2258 87 33 THIS
3631 2261 91 41 DAY,
3742 2261 154 47 (Friday)
3920 2263 54 31 the
3992 2263 76 31 23rd
4096 2265 129 38 instant,
4250 2269 36 27 at
4310 2268 126 35 Eleven
4457 2233 120 68 o'clock,
4576 2233 30 68 st

3830 2302 85 33 their
3929 2302 128 39 Rooms,
4088 2302 238 41 Whitechapel,

4562 2312 8 47 1
4570 2312 27 47 41,
4597 2312 9 47 .

3521 2335 268 74 GENTEEL
3822 2343 65 30 and
3923 2343 181 31 USEFUL
4150 2343 98 33 HOU
4310 2345 132 33 HOLD
4477 2335 88 43 FUR
4565 2346 41 49 spa

3639 2378 134 41 TURE,
3791 2383 65 30 and
3882 2383 91 33 other
3998 2384 129 39 Effects,
4154 2395 71 20 com
4293 2381 252 46 ing_Four..post

4567 2400 39 33 5e

3521 2416 102 41 Camp
3644 2417 178 35 Bedsteads
3836 2422 63 31 and
3926 2424 102 39 Hangi
4028 2424 61 39 ngs
4090 2424 20 39 ,
4142 2425 17 31 P
4159 2425 17 31 a
4176 2425 38 31 il
4249 2436 58 28 sses
4307 2436 16 28 ,
4342 2425 85 31 Hair
4441 2424 110 46 Mattre
4551 2424 36 46 io
4587 2424 19 46 ,

3521 2454 139 33 Feather
3674 2457 93 41 Beds,
3784 2460 19 31 w
3803 2460 57 31 ith
3874 2461 33 33 su
3907 2461 33 33 it
3940 2461 16 33 a
3956 2461 35 33 bl
3991 2461 17 33 e
4008 2461 17 33 -
4025 2461 121 33 I3eddin
4170 2488 8 13 ,
4247 2466 112 31 amber.
4370 2465 124 36 Chairs,
4510 2449 27 57 Ta
4537 2449 13 57 b
4550 2449 28 57 ce
4578 2449 28 57 ls

3521 2494 63 30 and
3600 2494 99 33 Basin
3715 2499 128 38 Stands,
3860 2501 88 39 Swin
3948 2501 22 39 g
3991 2502 65 30 and
4068 2502 72 30 Box
4206 2506 107 38 essing
4334 2506 137 35 Glasses,
4494 2496 55 35 Bill
4550 2496 14 35 s
4586 2510 20 30 ifl

3521 2534 63 31 and
3600 2535 93 30 India
3715 2537 137 31 Parlour
3865 2539 65 30 and
3951 2540 87 31 Stair
4063 2542 85 41 Carp
4206 2553 9 27 ;
4241 2543 186 41 Mahogany
4447 2532 110 57 Artiele
4557 2532 16 57 s
4573 2532 33 57 py

3523 2573 71 28 Sets
3609 2573 36 28 of
3661 2573 124 36 Chairs,
3814 2573 115 33 Chests
3942 2576 36 33 of
3995 2580 159 39 Drawers,
4178 2583 91 30 small
4298 2584 58 30 Set
4380 2584 36 30 of
4433 2576 173 55 Diningaid

3521 2609 76 36 bles,
3611 2609 77 30 with
3701 2616 61 25 two
3789 2613 135 41 D-ends,
3950 2617 189 41 Pembroke,
4167 2620 96 39 Card,
4290 2622 98 43 Snap,
4416 2619 65 35 and
4509 2600 31 65 La
4540 2600 16 65 d
4556 2600 50 65 led

3523 2647 104 30 Work
3641 2647 126 36 Tables,
3786 2650 195 44 Garduvine,
4003 2658 104 41 Night
4134 2660 184 39 Commode,
4343 2672 19 19 a
4386 2661 47 31 lot
4447 2658 35 31 of
4499 2649 74 58 Pall
4595 2668 11 22 s

3523 2683 54 30 Oil
3597 2683 107 41 Baize,
3723 2687 143 35 Kitchen
3880 2691 151 44 Utensils,
4049 2701 55 28 &c.
4148 2699 93 31 After
4252 2701 102 30 which
4370 2701 65 30 will
4454 2698 38 31 be
4518 2696 35 52 st
4553 2696 35 52 il
4587 2696 17 52 t

3523 2723 146 43 quantity
3683 2726 35 28 of
3737 2726 104 31 Room
3855 2729 115 41 Paper,
3987 2735 63 30 and
4066 2735 189 44 Bordering,
4271 2742 36 28 of
4329 2739 131 33 modern
4485 2729 109 50 patted

3561 2761 77 33 Also
3654 2764 65 31 will
3729 2764 41 31 be
3784 2767 68 31 sold
3874 2769 33 30 in
3929 2770 52 31 the
4005 2773 85 39 yard,
4115 2787 41 19 an
4178 2776 173 33 Excellent
4376 2776 91 33 BAY
4499 2770 54 54 Pu'
4553 2770 17 54 a
4570 2770 36 54 oS

3523 2802 118 33 Saddle
3655 2805 63 30 and
3732 2805 120 41 Bridle,
3874 2808 31 31 A
3920 2811 83 38 good
4030 2813 164 44 Stanhope
4209 2817 88 39 GIG,
4323 2817 65 31 and
4403 2814 131 33 Harness
4534 2814 19 33 ,

3521 2843 124 33 various
3660 2846 91 31 other
3765 2846 135 33 Effects:

4553 2855 13 50 4
4565 2855 27 50 01
4592 2855 14 50 ,

3523 2883 79 41 May
3614 2883 39 33 be
3668 2887 120 31 viewed
3806 2898 41 22 on
3863 2888 200 43 the-Mornin
4063 2888 22 43 g
4106 2894 17 30 o
4123 2894 17 30 f
4159 2894 16 36 S
4175 2894 16 36 a
4191 2894 17 36 l
4208 2894 35 36 e,
4266 2894 43 31 an
4309 2894 22 31 d
4354 2891 187 39 Catalogues

3849 2946 49 41 By
3912 2945 88 31 order
4011 2948 33 39 of
4058 2954 11 25 t
4090 2962 17 19 e
4156 2964 33 17 Or
4200 2964 110 30 gagee.

3521 2983 52 28 On
3584 2981 150 41 FRIDAY,
3759 2984 52 31 the
3825 2986 71 31 14th
3909 2984 61 39 day
3981 2987 36 28 of
4036 2987 180 33 December
4228 2994 87 35 net,
4342 2995 33 27 at
4394 2991 47 30 six
4463 2965 65 50 o'cl
4528 2965 66 50 ock'

3559 3019 52 31 the
3625 3024 148 41 evening,
3797 3028 17 28 a
3814 3028 17 28 t
3844 3025 33 31 th
3877 3025 17 31 e
3912 3024 102 35 Willi
4014 3024 43 35 am
4071 3028 35 31 th
4106 3028 17 31 e
4137 3028 20 33 F
4157 3028 65 33 our
4290 3002 318 61 Williainson-sclldsere

3559 3058 124 38 subject
3698 3066 36 27 to
3745 3063 77 31 such
3843 3061 35 33 co
3877 3061 126 33 ndition
4003 3061 19 33 s
4036 3068 17 30 o
4054 3068 17 30 f
4088 3068 31 30 sa
4120 3068 16 30 l
4135 3068 17 30 e
4175 3080 36 19 as
4312 3069 19 31 b
4331 3069 20 31 e
4373 3069 19 31 t
4392 3069 19 31 h
4411 3069 38 31 en
4463 3057 14 38 a
4477 3057 46 38 rid
4542 3061 14 19 I
4556 3061 14 19 ,

3559 3098 170 41 produced,

4551 3112 38 41 11
4589 3112 19 41 0

3523 3139 137 71 ALL
3679 3140 71 30 that
3762 3139 249 33 MESSUAGE
4031 3154 17 20 o
4049 3154 19 20 r
4088 3146 110 30 DWF
4224 3135 302 44 ,LING-HOUSE,
4572 3151 11 33 t
4583 3151 25 33 he

3616 3178 69 41 58,)
3717 3178 145 41 together
3880 3178 76 31 with
3976 3180 50 33 the
4054 3184 94 33 Land
4208 3187 140 41 joining,
4378 3186 110 31 situate
4513 3176 46 41 on,
4570 3183 25 43 00
4595 3183 14 43 1

3518 3216 183 33 south-west
3715 3219 66 30 side
3795 3217 36 31 of
3843 3217 192 41 Seel-street,
4050 3224 17 31 i
4068 3224 17 31 n
4099 3224 39 33 Li
4181 3227 98 39 rpool,
4302 3224 187 38 containing
4501 3211 39 52 inL
4540 3211 13 52 i
4553 3211 13 52 o
4565 3211 43 52 tli

3518 3254 123 35 thereto
3655 3258 63 31 and
3731 3261 35 28 at
3780 3257 52 33 the
3846 3257 83 30 back
3942 3263 85 38 sever
4027 3263 17 38 a
4044 3263 35 38 ll
4079 3263 17 38 y
4109 3265 39 30 33
4161 3265 69 36 feet,
4249 3265 63 30 and
4326 3265 142 36 running
4483 3265 30 22 in

3518 3294 183 33 backwards
3715 3298 39 33 49
3765 3298 63 30 feet
3841 3298 20 30 6
3871 3294 118 38 inches,
4014 3299 35 31 in
4060 3301 54 31 the
4126 3302 191 41 occupation
4331 3304 35 31 of
4386 3302 61 30 Mr.
4465 3291 101 47 Sterr;;
4565 3291 14 47 r
4580 3291 14 47 e
4594 3291 16 47 ,

3518 3339 112 27 tenant
3643 3335 129 38 thereof,
3797 3340 33 28 at
3841 3335 54 30 the
3907 3337 109 39 yearly
4035 3346 72 25 rent
4121 3343 35 28 of
4175 3343 63 30 £3l
4261 3343 61 31 10s.
4365 3340 68 31 The
4447 3335 93 33 above

3517 3373 94 35 mises
3625 3384 54 20 are
3690 3375 85 31 held,
3784 3376 49 30 for
3846 3384 19 20 a
3879 3378 80 27 term
3972 3376 35 30 of
4019 3376 55 33 120
4088 3391 101 31 years,
4214 3380 230 33 determinable
4458 3383 41 24 on
4512 3365 47 55 thl
4559 3365 31 55 rc
4591 3365 17 55 e

3518 3413 139 39 piration
3671 3416 35 30 of
3724 3427 19 19 a
3756 3416 85 30 lease
3860 3413 82 30 from
3956 3414 54 31 the
4020 3416 19 44 C
4039 3416 38 44 or
4077 3416 19 44 p
4096 3416 58 44 ora
4154 3416 39 44 ti
4194 3416 39 44 on
4247 3420 17 31 o
4265 3420 17 31 f
4301 3413 38 46 Li
4339 3413 57 46 ver
4395 3413 19 46 p
4414 3413 19 46 o
4433 3413 38 46 ol
4483 3413 46 30 for

3517 3452 77 30 lives
3619 3454 60 36 (all
3691 3454 35 30 in
3740 3454 112 39 being)
3876 3450 65 33 and
3953 3457 194 41 twenty-one
4159 3469 102 31 years.
4532 3458 50 49 JO
4583 3458 25 49 S

3557 3491 135 31 Further
3706 3491 187 41 particulars
3909 3502 74 31 may
4000 3494 39 31 be
4063 3498 63 31 had
4139 3510 43 19 on
4203 3494 194 52 application
4416 3499 33 27 to
4461 3487 60 35 Mr.

3517 3529 195 39 ATKINSON,
3731 3529 159 38 Solicitor,
3907 3531 279 46 Bank-buildings,
4203 3532 225 33 Castle-street.

4520 3557 52 55 00)
4572 3557 17 55 1
4589 3557 19 55 '

3518 3597 405 38 B.ATFIS„READING
3945 3598 140 39 ROOM,
4113 3602 101 30 AND
4236 3598 227 36 BILLIARD
4490 3591 22 22 pot
4526 3602 20 44 -

3556 3635 60 30 AT
3636 3635 274 41 WATERLOO,
3932 3639 156 33 GREAT
4107 3639 194 41 CROSBY,
4328 3636 128 36 NEAR
4477 3631 25 31 L

3556 3674 132 43 POOL,

3518 3713 52 31 On
3586 3713 135 33 FRIDAY
3739 3717 87 35 next,
3847 3713 54 33 the
3915 3717 74 30 30th
4011 3717 129 38 instant,
4162 3721 35 28 at
4211 3729 60 22 one
4285 3720 123 33 o'clock
4425 3717 30 28 in
4471 3707 50 31 the
4534 3706 14 57 n
4548 3706 60 57 iver

3556 3762 94 28 noon,
3666 3757 35 28 at
3713 3753 54 31 the
3781 3751 183 33 Clarendon
3978 3754 129 39 Rooms,
4131 3757 102 33 South
4247 3761 20 31 J
4268 3761 22 31 o
4290 3761 22 31 h
4312 3761 22 31 n
4335 3757 14 33 -
4350 3757 14 33 s
4364 3757 14 33 t
4378 3757 14 33 r
4392 3757 58 33 eet,
4474 3748 33 27 ill

3556 3792 82 39 pool,

3513 3831 145 38 rill-1E
3680 3830 397 36 ESTABLISHMENT
4096 3836 36 30 of
4150 3836 35 31 th
4184 3836 19 31 e
4227 3835 162 38 BATHS,
4419 3820 126 49 REA
4545 3794 61 47 111°

4513 3816 28 31 D
4567 3827 9 41 l
4576 3827 28 41 id.

3531 3869 43 33 1
3605 3869 142 41 ROOM,
3764 3869 63 33 and
3841 3869 228 36 BILLIARD
4087 3876 140 41 ROOM,
4244 3883 33 27 at
4293 3869 162 39 Waterloo
4466 3854 19 43 a
4485 3854 80 43 fore

3554 3910 104 31 There
3674 3921 52 20 are
3742 3910 71 31 four
3827 3910 121 41 private
3964 3912 113 35 Warm
4091 3915 112 39 Baths,
4227 3928 36 22 co
4274 3898 5 57 %
4309 3898 183 55 eniently.a
4491 3898 74 55 rran
4565 3898 38 55 „Y

3517 3950 74 31 with
3605 3961 20 20 a
3641 3951 156 39 Dressing
3813 3951 104 31 Room
3939 3953 148 33 attached
4107 3959 33 28 to
4156 3956 93 39 each;
4287 3957 36 30 he
4340 3956 94 30 water
4449 3954 25 25 is
4488 3939 115 63 sUigrisvo

3515 3989 82 30 from
3625 3991 52 30 the
3702 3991 61 31 Sea
3781 3991 46 43 by
3847 4002 110 22 means
3978 3994 36 30 of
4038 4003 88 33 pump
4126 4003 24 33 s
4173 4006 30 20 co
4203 4006 31 20 .,
4263 3992 54 36 %un
4317 3992 17 36 i
4334 3992 17 36 c
4351 3992 93 36 ating
4471 3980 60 33 wit.
4562 3986 38 36 the

3517 4028 87 39 large
3620 4030 178 31 reservoirs.
3852 4031 68 30 The
3942 4038 19 36 a
3961 4038 38 36 pp
3998 4038 57 36 ara
4055 4038 19 36 t
4074 4038 39 36 us
4134 4036 16 30 f
4150 4036 31 30 or
4208 4036 8 11 `
4238 4035 104 41 tering
4356 4030 63 33 and
4435 4020 47 36 hea
4482 4020 31 36 ti

3515 4071 96 27 water
3627 4068 25 31 is
3666 4069 165 46 complete,
3854 4069 65 33 and
3931 4082 43 20 on
3987 4072 54 30 the
4055 4077 83 27 most
4202 4072 110 33 %roved
4326 4065 161 49 principle.
4526 4094 9 16 4
4554 4060 14 43 a
4569 4060 31 43 nd

3554 4106 69 31 The
3652 4109 150 39 Reading
3830 4109 104 33 Room
3959 4112 63 30 and
4043 4112 99 31 Billia
4211 4117 8 11 '
4233 4123 71 22 oom
4326 4121 52 22 are
4403 4098 113 49 spacion-

3515 4145 227 41 conveniently
3757 4146 143 31 situated.
4532 4157 13 31 f
4564 4140 11 35 t
4575 4140 25 35 he

3554 4183 30 30 A
3613 4184 214 31 commodioui
3855 4186 161 43 Dwelling
4044 4189 120 38 House,
4194 4191 50 30 for
4263 4192 35 31 th
4298 4192 17 31 e
4337 4184 157 36 residence
4515 4173 16 54 0
4531 4173 16 54 e
4564 4184 36 28 be'

3517 4219 224 44 Bath-keeper,
3772 4222 25 30 is
3825 4225 157 38 attached,
4013 4227 143 43 together
4183 4228 76 33 with
4283 4241 17 20 a
4324 4227 80 46 good
4425 4217 69 36 Cott
4496 4213 30 54 ag
4526 4213 16 54 s
4553 4206 31 50 an
4584 4206 16 50 d

3517 4257 87 38 hind,
3627 4260 101 30 called
3750 4261 52 30 the
3822 4261 20 33 B
3843 4261 20 33 a
3863 4261 44 33 th
3931 4265 17 39 C
3948 4265 17 39 o
3965 4265 36 39 tt
4002 4265 54 39 age
4055 4265 19 39 ,
4098 4268 43 30 an
4140 4268 22 30 d
4184 4269 17 31 t
4202 4269 17 31 h
4219 4269 52 31 ere
4285 4280 54 20 are
4354 4272 60 27 two
4430 4250 88 41 Stab
4518 4288 16 20 o
4535 4276 31 27 ne
4580 4243 25 41 of

3517 4294 87 30 three
3624 4296 88 43 large
3735 4299 91 33 enclo
3827 4299 38 33 se
3865 4299 19 33 d
3904 4302 20 31 Y
3924 4302 41 31 ar
3965 4302 20 31 d
3986 4302 22 31 s
4030 4304 175 46 belonging
4224 4313 31 28 to
4277 4309 52 33 the
4345 4294 208 49 Property,
4553 4283 54 50 and.

3517 4335 102 38 which
3635 4335 106 33 Yards
3753 4350 41 19 wa
3794 4350 22 19 s
3838 4342 170 44 originally
4024 4343 150 33 intended
4194 4350 49 28 for
4263 4361 19 17 a
4304 4328 172 49 Market-pl
4476 4328 43 49 ace
4518 4328 16 49 '

3518 4376 58 28 two
3594 4373 102 43 Shops
3713 4376 63 31 and
3791 4387 19 22 a
3827 4378 85 33 Shed
3926 4391 54 22 are
3994 4384 35 31 at
4041 4391 129 35 present
4184 4386 126 31 erected
4323 4380 132 38 therein.
4513 4391 30 36 ac
4543 4391 16 36 e
4575 4376 25 50 °,

3553 4414 69 31 The
3644 4416 98 31 whole
3764 4419 38 30 of
3824 4419 35 31 th
3858 4419 17 31 e
3907 4420 19 33 P
3926 4420 58 33 rem
3984 4420 19 33 i
4003 4420 61 33 ses
4087 4435 121 35 occupy
4230 4438 19 19 a
4277 4416 80 49 super
4357 4416 31 49 fi
4389 4416 16 49 c
4405 4416 50 49 ial
4480 4406 36 58 sP
4517 4406 17 58 p
4534 4406 55 58 oth

3518 4454 74 33 1134
3614 4465 110 31 square
3746 4457 102 43 yards,
3874 4469 35 22 or
3929 4460 211 43 thereabouts,
4162 4465 76 33 with
4260 4476 19 20 a
4298 4466 143 35 frontage
4461 4454 28 27 to
4520 4452 80 49 wit?'

3515 4494 77 31 road
3606 4498 36 30 of
3655 4496 35 31 18
3704 4498 110 46 yards,
3825 4501 65 30 and
3904 4504 31 28 to
3951 4501 189 33 East-street
4154 4506 35 28 of
4198 4506 39 28 63
4252 4504 102 39 yards,
4373 4510 35 20 or
4422 4491 49 43 the
4471 4491 33 43 re
4504 4487 19 57 a
4523 4487 19 57 n
4542 4487 20 57 d
4581 4483 9 30 i
4591 4483 11 30 s

3556 4535 165 33 Waterloo
3751 4537 25 31 is
3805 4550 33 20 in
3866 4539 77 44 high
3972 4542 181 33 estimation
4181 4543 49 31 for
4252 4543 63 31 Sea
4337 4535 146 41 Bathill,
4507 4531 5 52 .
4543 4531 11 39 s
4554 4531 49 39 itu'

3515 4576 98 30 much
3633 4578 186 38 frequented
3838 4591 35 19 as
3896 4591 19 20 a
3937 4581 90 39 place
4044 4583 35 30 of
4094 4583 198 30 fashionable
4310 4583 106 30 resort.
4458 4559 68 58 it!
4537 4573 13 36 c
4550 4573 54 36 osi'

3517 4616 72 31 ated
3603 4627 41 20 on
3658 4616 54 31 the
3734 4617 99 38 shore,
3857 4624 33 27 at
3910 4619 54 31 the
3986 4624 153 30 entrance
4159 4620 35 31 of
4211 4620 52 31 the
4285 4620 83 31 river
4391 4611 126 55 MerseC
4534 4609 71 41 ever'

3515 4655 156 41 manding
3685 4666 41 20 an
3742 4658 162 30 extensive
3921 4658 76 31 view
4011 4669 19 20 o
4030 4669 19 20 v
4049 4669 39 20 er
4101 4660 52 30 the
4170 4660 16 30 I
4186 4660 16 30 r
4202 4660 16 30 i
4217 4660 17 30 s
4235 4660 17 30 h
4268 4655 38 35 Ch
4306 4655 19 35 a
4324 4655 98 35 nnel.
4468 4657 13 49 l
4480 4657 14 49 e
4510 4655 28 52 po
4539 4655 30 52 rt
4580 4650 25 44 e,

3515 4694 137 41 varying
3666 4706 93 20 scene
3775 4698 35 30 of
3825 4696 52 31 the
3894 4698 150 43 shipping
4058 4699 98 41 going
4172 4699 49 31 int
4220 4699 17 31 o
4252 4699 65 31 and
4331 4701 54 28 out
4398 4691 33 33 of
4447 4682 39 63 th
4487 4682 19 63 c
4506 4682 99 63 hesht

3518 4732 178 41 Liverpool,
3715 4735 167 30 combined
3896 4737 74 31 with
3986 4748 17 20 a
4019 4748 74 30 very
4102 4739 250 30 extensive-view
4367 4735 36 30 of
4413 4729 50 31 the
4490 4745 19 36 d
4509 4745 41 36 os
4562 4735 41 22 Pi'

3515 4772 65 31 and
3594 4772 54 33 the
3663 4772 112 33 Welsh
3789 4780 112 33 coasts,
3918 4776 65 31 and
3997 4778 36 31 of
4043 4776 52 33 the
4110 4783 71 35 port
4194 4778 36 31 of
4241 4772 180 46 Liverpool,
4436 4765 35 31 re
4471 4765 17 31 n

4542 4794 47 46 bou
4589 4794 17 46 t

3517 4813 150 30 situation
3682 4813 187 31 unrivalled.

3553 4850 69 31 The
3638 4852 268 33 communication
3921 4854 74 33 with
4013 4855 180 43 Liverpool,
4217 4857 102 31 which
4342 4854 25 31 is
4381 4827 82 72 distanc
4463 4827 11 72 e
4474 4827 35 72 ket
4509 4827 11 72 6
4520 4827 60 72 ..bos
4580 4827 13 72 a
4592 4827 13 72 t

3515 4890 60 31 five
3598 4891 101 39 miles,
3723 4891 27 30 is
3772 4901 74 31 easy
3866 4893 65 31 and
3951 4894 109 39 cheap,
4085 4906 35 22 as
4142 4894 143 33 Coaches
4299 4893 63 35 and
4381 4901 19 20 a
4422 4882 33 60 Pa
4455 4882 16 60 c
4471 4882 50 60 the
4540 4885 47 50 bol
4587 4885 16 50 a

3515 4939 55 22 are
3597 4931 183 41 constantly
3800 4932 137 41 passing.
3981 4934 68 31 The
4071 4935 91 30 roads
4189 4946 17 19 a
4206 4946 36 19 re
4272 4932 90 44 good,
4392 4934 41 24 an
4436 4918 17 31 d
4477 4943 31 35 de
4509 4943 31 35 cs

3515 4969 63 31 and
3598 4969 71 31 firm
3688 4970 91 31 shore
3802 4975 139 28 between
3962 4972 165 35 Waterloo
4148 4973 63 33 and
4235 4965 169 47 Liverpool
4424 4964 52 28 ren

4545 4989 9 43 .
4554 4989 9 43 3
4564 4989 20 43 11
4594 4989 9 43 Y

3515 5008 66 30 ride
3597 5019 41 20 or
3647 5009 85 30 drive
3748 5008 176 43 deligtful.

3554 5047 68 31 The
3650 5049 101 30 above
3781 5009 49 79 Pre
3830 5009 16 79 h
3846 5009 102 79 mises,
3978 5050 101 33 which
4107 5063 55 20 are
4189 5054 101 39 newly
4320 5046 63 35 and
4411 5035 68 35 subs
4531 5014 9 27 t
4540 5014 11 27 '
4553 5036 28 35 ro(
4581 5036 11 35 )

3515 5087 90 38 built,
3628 5098 54 20 are
3707 5085 161 35 Ffeehold
3885 5091 36 30 of
3942 5090 214 39 Inheritance,
4178 5091 63 31 and
4263 5090 101 44 might
4386 5085 31 28 at
4438 5083 17 22 a

3515 5126 107 33 derate
3636 5139 137 28 expense
3797 5128 38 33 be
3849 5131 271 41 advantageously
4134 5131 113 33 conver
4247 5131 58 33 ted
4326 5131 66 28 into
4411 5123 41 27 an

4542 5143 28 47 ra
4570 5143 30 47 af

3517 5165 61 30 Inn
3594 5176 36 20 or
3644 5165 142 43 Boarding
3786 5165 17 43 ,
3803 5165 126 43 :housc.

3605 5217 17 19 e
3644 5206 135 31 Billiard
3798 5208 112 36 Table,
3935 5208 143 43 Bathing
4104 5209 167 31 Machines
4293 5205 63 33 and
4373 5180 52 54 Fur
4425 5180 106 54 niture

3515 5244 38 30 be
3570 5246 106 35 taken,
3693 5246 27 30 if
3731 5246 154 41 required,
3901 5247 41 43 by
3957 5247 52 31 the
4025 5249 180 39 purchaser,
4222 5254 35 27 at
4271 5258 17 20 a
4304 5231 294 63 valuation.zrAcor,

3554 5283 68 30 The
3657 5285 159 41 Property
3849 5298 72 30 may
3956 5287 38 30 be
4030 5288 31 36 vi
4061 5288 16 36 e
4077 5288 83 36 wed,.
4194 5287 63 31 and
4290 5282 121 33 further
4443 5279 17 30 P
4474 5274 20 54 .;
4494 5274 20 54 41
4520 5277 25 44 0
4545 5277 27 44 0
4572 5277 27 44 0

3515 5321 117 33 known
3647 5335 41 19 on
3704 5324 192 41 application
3918 5331 33 27 to
3973 5328 126 31 Messrs.
4115 5328 132 31 AVISON
4271 5323 63 33 and
4350 5312 184 41 WronTA
4534 5312 20 36 C
4556 5315 14 24 O

3518 5362 172 38 Solicitors,
3720 5364 219 41 Cook-street;
3975 5376 35 19 or
4036 5369 31 27 to
4096 5365 63 31 Mr.
4191 5365 22 33 M
4213 5365 44 33 AS
4257 5365 69 33 ON,
4361 5346 93 41 SOliCl
4454 5346 47 41 tOr

3517 5400 91 31 Exeh
3619 5413 83 20 •nge,
3726 5402 298 31 Brunswick-street

4655 813 5 41 ,
4677 813 43 39 toi

4654 854 9 19 1
4674 855 14 25 t
4688 855 16 25 .
4704 855 16 25 ,

4652 880 68 50 6.--11

4676 1050 11 30 t
4687 1050 13 30 ,

3580 5461 145 30 fi(inter
3737 5476 27 20 U,
3784 5463 47 28 the
3846 5466 153 35 Assigne,a
4195 5469 209 27 Crel
4405 5472 14 8 ..

4247 5465 99 39 1t,404
4372 5466 19 19 a
4431 5452 13 47 -
4444 5452 27 47 ‘-
4471 5452 27 47 ',
4498 5452 43 47 6oe
4540 5452 14 47 -
4576 5469 22 30 0

3520 5499 50 30 On
3587 5499 19 30 F
3608 5472 27 58 R
3641 5510 91 27 IDAY,
3748 5499 54 31 the
3822 5501 52 33 7th
3898 5501 61 39 day
3981 5501 35 31 of
4033 5499 178 35 December
4233 5504 85 30 next,
4335 5499 33 27 at
4387 5494 60 27 two
4460 5487 16 20 °
4491 5483 11 58 h
4502 5483 49 58 iect
4551 5483 13 58 '

3554 5537 54 31 the
3628 5540 178 38 afternoon,
3830 5543 33 30 at
3887 5542 54 28 the
3969 5540 104 41 Royal
4096 5542 107 38 Hotel,
4231 5542 30 30 D
4296 5521 129 47 e-street
4425 5521 66 47 ,stl

3557 5578 76 30 such
3649 5578 178 36 conditions
3841 5589 35 22 as
3891 5581 63 28 will
3967 5580 39 28 be
4020 5580 76 35 then
4118 5580 66 31 and
4203 5581 52 31 the
4310 5567 191 49 producen,,,

3600 5616 58 31 LL
3674 5611 71 36 that
3765 5616 137 35 PIECE
3924 5628 35 24 or
3984 5617 184 31 PARCEL
4187 5619 35 30 of
4258 5613 24 36 -
4282 5613 98 36 AND,
4395 5603 102 63 ett'Li
4498 5603 16 63 v
4513 5603 52 63 era
4565 5603 17 63 k
4583 5603 17 63 t

3524 5654 63 31 Lt
3627 5655 173 35 north,.side
3816 5657 35 28 of
3861 5657 93 31 West
3969 5657 230 41 Derby-street,
4244 5650 192 47 adingfroin
4488 5666 14 31 t
4502 5666 16 31 p

3518 5691 165 38 aforesaid,
3699 5698 33 25 to
3746 5693 170 39 Edge-hill,
3934 5696 35 30 in
3983 5693 91 33 West
4096 5696 88 46 De*
4233 5696 98 38 being
4345 5699 31 24 in
4398 5682 80 58 frond

3518 5729 224 44 Derby-street
3754 5732 65 31 and
3843 5737 38 27 at
3898 5734 52 30 the
3970 5734 82 31 back
4076 5745 72 25 seve
4249 5734 35 35 19
4299 5728 101 47 yards,
4414 5724 39 27 411
4488 5723 19 47 0
4507 5723 57 47 011
4576 5718 8 52 '
4584 5718 16 52 of
4622 5732 11 93 1

3518 5769 33 31 in
3569 5784 69 19 rear
3652 5784 35 19 or
3701 5772 98 43 depth
3811 5773 184 31 backwards
4011 5784 41 20 on
4066 5772 52 33 the
4134 5778 68 30 east
4214 5773 65 35 and
4296 5773 72 30 west
4383 5757 77 36 sides
4485 5789 13 22 s
4499 5756 52 49 tree
4551 5756 14 49 t
4576 5778 24 30 es

3518 5809 39 31 30
3581 5813 104 43 yards,
3710 5824 36 20 or
3770 5813 211 39 thereabouts,
4003 5813 146 35 bounded
4173 5825 41 19 on
4239 5814 50 30 the
4313 5809 66 30 east
4398 5800 71 46 Ili'
4501 5794 102 55 ilonshe

3518 5849 74 35 lane
3606 5838 129 61 leading
3748 5852 68 31 into
3839 5852 93 31 West
3957 5854 228 39 Derby-street,
4209 5863 41 20 on
4274 5850 52 30 the
4348 5841 55 36 wes
4403 5841 19 36 t
4518 5844 28 31 at
4562 5830 8 25 t

3518 5891 66 31 and
3609 5893 157 30 Premises
3792 5893 176 41 belonging
3992 5896 31 27 to
4047 5888 60 35 Mr.
4131 5893 68 30 Jas.
4213 5891 46 31 'O.
4280 5888 123 30 Watson
4403 5888 22 30 ,
4439 5874 38 25 a°
4562 5893 38 38 lig

3518 5934 83 31 back
3616 5932 43 39 by
3672 5942 19 20 a
3706 5935 98 27 street
3816 5932 35 30 of
3860 5932 61 30 five
3935 5931 93 39 yards
4044 5932 88 30 wide.

3557 5970 79 33 This
3652 5970 157 39 Property
3824 5967 27 33 is
3865 5969 72 31 held
3948 5969 101 33 under
4063 5981 19 19 a
4096 5970 83 31 lease
4195 5970 49 30 for
4255 5967 39 33 60
4307 5967 90 39 years
4411 5951 49 58 enT
4460 5951 17 58 s
4498 5943 43 54 ehg
4540 5943 30 54 ll

3523 6011 71 33 15th
3609 6009 87 41 May,
3715 6008 83 38 1830,
3814 6008 124 39 subject
3951 6011 33 27 to
3998 6019 19 19 a
4033 6008 91 31 small
4137 6008 124 43 ground
4276 6006 79 33 rent,
4370 5989 20 39 a
4391 5989 43 39 nd
4556 6019 19 36 1;
4580 6014 9 27 i
4589 6014 11 27 r

3521 6049 135 33 situated
3671 6049 47 30 for
3734 6047 154 39 Building
3904 6057 94 28 upon.
4480 6036 57 46 and

3561 6090 68 35 For,
3639 6087 123 31 further
3776 6085 187 41 particulars
3980 6087 98 39 apply
4094 6090 31 28 to
4148 6088 129 30 Messrs.
4299 6069 161 43 BARTL%I

3524 6137 115 24 sans,
3660 6126 173 36 Solicitors,
3847 6124 30 38 2,
3893 6124 68 38 Dale
3961 6124 16 38 7
3976 6124 120 38 street,
4115 6123 181 41 Liverpool.

4680 1203 19 39 L
4699 1203 19 39 o

4655 1247 9 20 t
4665 1247 11 20 o
4688 1246 27 36 16

4657 1269 43 47 Ito

4680 1983 19 43 t
4699 1983 19 43 o

4657 2050 13 33 6
4680 2061 39 41 RE

4658 2294 46 74 ~L3
4706 2317 14 22 0

4660 2359 60 58 IBS

4650 3613 13 88 l
4663 3613 57 88 i.~`

3757 6195 54 58 he

3814 6183 88 28 order
3913 6184 39 39 of
3969 6184 47 28 the
4035 6187 157 38 respect;ve
4206 6183 198 36 Moityayees•
4507 6197 11 14 ,
4584 6183 6 43 t

4480 6162 88 47 ~lal‘
4580 6143 19 31 la

3521 6225 52 30 On
3587 6225 148 33 FRIDAY,
3757 6220 54 33 the
3825 6222 52 30 7th
3893 6222 61 41 day
3969 6222 35 30 of
4025 6222 181 31 December
4219 6224 87 31 next,
4315 6216 47 52 ,at
4373 6208 36 46 TW
4409 6208 19 46 O
4428 6208 19 46 ,
4450 6202 8 58 _
4458 6202 8 58 °
4466 6202 28 58 lol
4494 6202 9 58 .
4504 6195 3 72 -
4520 6205 36 39 str
4556 6205 13 39 e
4570 6197 11 50 ~e
4583 6195 8 55 0
4591 6195 8 55 :
4683 6195 5 72 .
4712 6205 8 36 I

3557 6263 52 31 the
3633 6261 176 38 afternoon,
3839 6265 33 27 at
3890 6260 52 31 the
3964 6261 310 35 Clarendon-rooms',
4306 6252 98 35 South
4425 6249 9 41 0
4435 6249 54 41 °,,,,
4501 6260 35 30 be
4551 6246 24 33 IP
4680 6230 16 43 6
4696 6230 16 43 0

3562 6301 181 41 Liverpool,
3765 6301 124 39 subject
3909 6304 31 28 to
3965 6301 52 31 the
4039 6301 178 33 conditions
4252 6299 17 30 f
4285 6296 65 31 sale
4373 6287 54 31 the
4427 6287 19 31 n
4461 6290 25 11 w

3523 6381 25 115 on
3548 6381 13 115 l
3561 6381 13 115 ;
3573 6381 13 115 o
3586 6381 13 115 s
3598 6381 13 115 t
3611 6381 25 115 it
3636 6381 13 115 l
3649 6381 13 115 u

4515 6329 16 35 d
4550 6299 11 49 °
4561 6299 36 49 olr

3559 6342 113 36 duced,
3699 6342 3 36 '

3521 6381 249 197 hinogusien.atl---eAon

3643 6499 82 31 from

3657 6540 85 30 front
3740 6499 20 71 Otxof
3762 6496 219 39 Oxford-street;

3839 6499 27 71 rdo-

3850 6420 208 71 nwteisaLlsyidbeuoilft

4077 6460 104 28 Grove

4183 6458 118 31 -street,

4340 6370 43 117 -g-'7
4383 6370 8 117 '
4391 6370 8 117 n
4398 6370 17 117 -I
4416 6370 35 117 :_,,
4450 6370 17 117 ,o
4468 6370 8 117 r
4476 6370 8 117 p
4483 6370 8 117 t
4491 6370 8 117 o
4499 6370 8 117 t
4507 6370 17 117 ti
4524 6370 17 117 to
4542 6370 9 117 r
4551 6370 9 117 i
4561 6370 9 117 o
4570 6370 28 117 ,l)
4680 6380 16 91 4,
4696 6380 9 91 .
4707 6362 3 124 ;
4710 6362 5 124 1
4715 6362 5 124 1

3780 6370 55 120 Piece
3835 6370 57 120 thst:
3891 6381 38 30 of
3946 6381 140 36 LAND,
4110 6389 27 20 w
4161 6340 3 150 .
4198 6378 54 31 the
4272 6353 189 54 convenient
4474 6348 39 41 ilil
4537 6340 20 52 n
4557 6340 41 52 or

4569 6524 9 46 (
4578 6524 20 46 01

3523 6576 194 38 backwards,
3732 6578 38 33 37
4526 6553 22 39 01
4548 6553 11 39 ,
4559 6553 11 39 .
4587 6564 9 31 it

3809 6540 224 33 Grove-street,

3893 6504 8 65 t
3901 6504 8 65 e
3909 6504 8 65 r
3917 6504 8 65 -
3924 6504 8 65 e
3932 6504 8 65 s
3940 6504 8 65 e
3948 6504 9 65 t

3959 6504 6 63 r
3965 6504 8 63 t
3973 6523 8 44 ,
3981 6523 9 44 e

3992 6509 9 65 e
4002 6509 9 65 n
4011 6509 22 65 t,
4033 6509 11 65 e
4047 6507 8 60 a
4055 6507 8 60 i
4063 6507 9 60 r
4072 6507 9 60 ;

4093 6499 16 79 N.
4109 6499 8 79 A
4117 6499 9 79 ,

4115 6498 9 69 a
4124 6498 9 69 b
4134 6498 11 69 r
4145 6498 11 69 e
4156 6498 11 69 d
4167 6498 11 69 r
4178 6498 11 69 s
4189 6498 11 69 e
4205 6504 11 61 r
4216 6504 11 61 a
4227 6504 11 61 o
4238 6504 11 61 n
4249 6504 11 61 m
4260 6504 13 61 d
4274 6493 11 69 b
4285 6493 11 69 2
4296 6493 11 69 y
4307 6493 25 69 ie
4332 6493 13 69 s
4346 6496 8 60 q
4354 6496 9 60 e
4365 6490 39 66 zit

4409 6482 60 63 andve;
4488 6496 28 33 in
4529 6477 44 35 der
4638 6477 3 68 •

3784 6578 93 43 yards
3893 6587 35 20 or
3942 6575 211 33 thereabouts.

3562 6616 77 33 This
3652 6617 47 31 lot
3712 6617 25 31 is
3754 6616 176 35 Leasehold
3945 6614 102 31 under
4060 6614 52 30 the
4128 6614 25 33 C
4288 6578 6 72 •
4370 6597 14 31 f
4395 6594 14 30 1
4425 6578 99 41 iverP°
4561 6578 22 31 ot

4157 6614 181 39 orporation
4350 6611 19 20 o
4411 6611 9 11 •
4509 6602 43 35 the
4680 6597 39 33 .....c,

4406 6627 36 33 ed
4455 6625 39 27 on
4510 6630 9 11 '

3523 6655 54 31 the

3589 6657 121 31 residue

3726 6658 36 30 of
3780 6669 19 19 a
3811 6661 80 27 term
3906 6655 36 30 of
3956 6655 39 30 75
4006 6663 101 31 years,
4126 6620 54 74 '
4181 6652 44 33 which
4241 6644 162 36 commenc
4406 6627 36 33 ed
4562 6636 36 52 0
4682 6620 9 36 I

3523 6694 175 43 February,
3715 6696 83 31 1831.
4409 6704 27 25 a
4465 6671 63 55 10
4528 6671 31 55 0
4580 6680 19 33 (I'

3561 6734 28 33 2.
3611 6735 31 31 A
3652 6745 91 33 piece
3756 6735 35 31 of
3800 6732 140 38 LAND,
3954 6731 74 31 with
4041 6731 54 33 the
4107 6732 58 30 Six
4181 6710 268 50 DWELLIN--
4504 6729 17 27 I,
4540 6702 24 36 le
4564 6702 13 36 i
4592 6709 8 43 f
4680 6709 39 33 bni

4427 6740 38 35 Ar
4465 6740 38 35 ee
4521 6745 49 41 iso
4580 6732 3 60 o
4583 6732 3 60 i
4594 6732 5 60 ,

3523 6773 129 33 thereon
3669 6773 135 41 eiected,
3820 6773 113 31 situate
3948 6783 41 20 on
4005 6770 54 33 the
4072 6767 175 36 north-side
4263 6764 35 31 of
4309 6756 96 35 Oakes-

3524 6814 55 41 ing
3594 6817 55 28 out
3661 6814 35 30 of
3707 6814 249 38 Dattlby-street,
3981 6811 172 39 adjoining,
4153 6811 17 39 -
4181 6819 41 19 on
4238 6805 50 31 the
4306 6797 72 33 east,
4392 6789 33 30 to
4439 6770 16 60 0
4455 6770 33 60 11
4488 6770 50 60 ;i°
4548 6775 24 36 le
4572 6775 13 36 e
4586 6797 13 33 i
4680 6786 22 36 Vf
4704 6794 16 28 e'

3524 6852 63 33 Mr,
3603 6852 87 31 John
3706 6850 126 36 Stubbs,
3855 6850 189 39 containing
4066 6850 33 31 in
4121 6852 87 28 front
4228 6849 33 27 to
4276 6816 213 55 Oakes-street

4498 6805 20 63 _
4518 6805 41 63 OO
4559 6805 22 63 O
4631 6824 19 22 •.,
4680 6827 39 36 fiti

3524 6890 33 33 in
3569 6891 94 43 depth
3680 6901 41 20 on
3737 6891 52 30 the
3803 6894 69 27 east
3891 6890 66 31 side
3969 6891 38 31 57
4022 6890 63 31 feet
4096 6890 22 31 3
4129 6887 120 33 inches,
4272 6874 63 36 and
4348 6879 41 25 on
4405 6861 50 31 tha
4469 6855 93 55 1,00.
4562 6855 19 55 0
4581 6855 19 55 ,
4682 6868 9 36 t
4691 6868 28 36 l4,

3524 6932 96 39 along
3635 6942 19 20 a
3668 6940 132 30 passage
3814 6931 33 28 of
3855 6932 20 30 4
3888 6931 63 30 feet
3964 6931 20 31 6
3997 6931 110 31 inches
4120 6926 90 36 wide,
4222 6921 39 31 68
4272 6918 63 30 feet
4348 6918 33 22 or
4394 6894 47 47 ther
4441 6894 11 47 r
4452 6894 13 47 e
4465 6894 13 47 a
4477 6894 25 47 ,.
4517 6904 14 36 t
4531 6904 28 36 he
4569 6891 16 60 1
4584 6891 17 60 4
4680 6893 8 49 )
4688 6893 8 49 4
4696 6893 8 49 .
4704 6893 8 49 1
4712 6893 8 49 ,

3562 6970 79 31 This
3661 6970 46 30 lot
3721 6969 25 31 is
3762 6970 66 30 also
3844 6970 176 33 Leasehold
4038 6967 102 33 under
4153 6965 54 31 the
4220 6946 219 50 Corporation;
4447 6934 52 49 I°'
4510 6932 58 52 pi'
4682 6942 25 39 ri
4707 6942 13 39 n

3524 7009 88 31 sidue
3625 7009 36 33 of
3677 7019 19 19 a
3718 7013 77 27 term
3811 7009 36 30 of
3865 7011 36 30 75
3921 7020 101 30 years,
4046 7008 101 30 which
4164 6989 203 46 commen,ed
4384 6989 39 27 00
4444 6972 24 33 w
4468 6972 24 33 e
4683 6981 27 39 bl.
4710 6981 9 39 O

4573 7000 25 33 (t'
4683 7011 11 36 i

3524 7049 134 41 AiTust,
3677 7047 82 31 18.4).
4532 7017 44 41 e'''t
4584 7017 5 72 i
4696 7022 11 36 h
4707 7022 13 36 t

3562 7088 137 31 Furthtr
3710 7088 187 41 particulars
3910 7099 74 28 may
3997 7088 38 28 he
4044 7080 150 35 obtained
4208 7085 41 24 on
4263 7058 187 63 arpticatioP
4461 7049 27 27 le
4517 7069 8 25 ,
4524 7069 8 25 t
4688 7071 8 11 ,

4384 7096 14 25 ;
4398 7096 14 25 ,
4413 7096 16 25 4
4428 7096 16 25 ,
4491 7079 19 28 et
4510 7079 9 28 ,
4535 7079 6 43 '

3520 7129 106 30 WMK
3636 7139 99 20 INSOS
3759 7128 61 31 and
3835 7088 5 74 .
3854 7129 93 30 CHAT
3969 7132 90 27 WAS'
4087 7121 175 36 Solicitors,
4272 7088 5 74 -
4285 7112 151 39 rolow---
4449 7088 39 31 /41.

3951 7140 14 19 h
4036 7137 246 25 _,•
4685 7093 17 44 N
4702 7093 17 44 I

3521 7178 49 22 vet
3578 7167 82 39 pool.
4690 7132 20 74 1...
4717 7132 3 74 f

164 3946 66 30 ei,ut
250 3948 58 27 .mel
320 3956 39 19 on,
373 3953 49 20 tne
436 3946 50 27 ben
504 3948 239 27 ilaceetaks.--A
765 3951 31 22 re
820 3946 66 28 ulcer
906 3953 123 22 hacker.

510 3981 65 31 For
597 3983 243 30 HAVANNA.

431 4017 72 35 The
517 4019 142 41 superior
672 4019 110 33 armed
806 4020 69 31 Bri.

364 4057 239 35 COUNTESS
639 4060 55 28 OF
732 4060 50 28 LI
794 4060 30 31 N
890 4060 101 39 ALE,

431 4099 143 30 DANIEL
597 4096 157 36 GROOME,
822 4101 98 36 aster;

76 4140 36 30 In
129 4139 118 39 King's
265 4140 112 35 Dock;
400 4137 137 30 burthen
553 4148 57 28 per
631 4135 132 39 register
814 4137 11 27 ;
872 4142 80 33 tons,
981 4140 72 36 Al,
1082 4148 54 30 cop-

31 4178 96 41 pered
154 4178 65 30 and
246 4175 287 44 copper-fastened,
572 4175 121 33 British
720 4173 90 38 built,
838 4178 161 38 expressly
1025 4178 47 30 for
1101 4178 52 31 the

31 4217 99 38 trade,
148 4219 33 28 in
198 4217 101 30 which
315 4216 139 39 Captain
465 4214 139 31 Groome
616 4216 25 28 is
649 4211 209 44 particularly
872 4214 69 28 well
950 4216 202 39 acquainted.

65 4257 71 31 -For
164 4255 117 41 freight
307 4266 35 19 or
370 4265 143 28 passage,
551 4254 120 39 having
698 4250 129 39 elegant
854 4254 299 39 accommodations,

27 4298 98 39 apply
139 4299 31 27 to
200 4293 142 41 Captain
372 4293 148 36 Groome,
542 4301 43 22 on
606 4290 117 39 board;
748 4293 31 25 to
795 4288 129 30 Messrs.
948 4290 203 41 TENNANTS,

33 4337 128 30 MOORE
176 4334 25 30 &
224 4334 58 30 Co.
306 4331 197 38 Merchants,
531 4342 35 22 or
580 4335 33 28 to
702 4331 6 38 •

575 4372 31 30 J.
631 4364 189 36 NELSON
844 4365 142 31 WOOD
1008 4367 27 28 &
1057 4367 58 30 Co.
