4721 7502
449 159 280 68 iliberpool
773 162 306 58 Atinbarb.

397 294 272 44 MORNING,
694 294 313 38 NOVEMBER
1030 291 60 41 23,
1120 287 24 35 H
1143 287 74 35 32.

164 427 17 38 ,
181 427 38 38 At
244 427 63 35 the
332 427 134 35 instant
480 425 39 36 of
539 427 157 47 inditing
720 427 58 35 the
803 424 74 36 first
901 424 94 35 lines
1011 417 41 36 of
1071 427 66 24 our
1162 427 74 25 new

118 498 126 36 paper,
268 498 22 24 a
307 487 115 49 single
439 487 124 49 glance
581 485 83 43 will,
688 483 162 49 perhaps,
874 483 44 33 be
934 472 184 57 pardoned
1132 477 36 31 to
1186 487 50 31 us,

118 550 39 31 at
173 545 74 38 that
271 546 227 36 tremendous
512 546 102 33 crisis
638 545 39 33 in
693 543 47 35 all
764 553 65 24 our
844 539 159 38 national
1027 532 118 46 affairs
1170 535 66 35 and

52 594 6 55 _
117 605 176 44 interests,
321 608 38 35 in
375 605 113 35 which
513 605 28 35 it
557 603 31 33 is
611 602 47 35 its
683 600 52 36 lot
759 605 36 30 to
811 606 203 28 commence
1031 594 46 33 its
1093 602 123 25 course
1227 594 6 55 !

113 663 96 39 That
225 668 28 35 it
269 665 128 49 begins
411 661 87 36 with
512 660 58 35 the
586 658 206 49 beginning
808 657 39 35 of
857 668 20 22 a
893 652 91 38 New
998 647 71 36 Era
1085 647 38 35 in
1139 646 72 50 Eng-

112 724 69 39 lish
214 726 148 43 history,
395 721 46 35 all
466 731 96 30 men,
594 717 165 36 however
784 710 186 39 otherwise
995 706 239 49 disagreeing,

112 786 74 35 will
208 784 80 49 join
312 780 181 44 distinctly
523 783 39 30 to
592 780 134 38 assert;
753 775 74 38 but,
852 783 38 24 as
921 773 38 30 to
983 764 96 36 what
1093 764 30 35 is
1139 767 36 31 to
1191 765 43 36 be

110 844 63 35 the
186 838 181 39 historical
384 836 178 36 character
572 835 38 33 of
622 831 76 36 that
707 828 91 38 New
808 827 162 41 Era,—it
984 824 30 33 is
1033 820 74 35 that
1123 820 113 49 which,

110 904 31 35 is
159 901 60 35 the
236 902 113 33 secret
375 901 36 30 to
425 896 44 33 be
487 890 167 38 unveiled
665 891 8 31 !
723 888 60 33 An
797 879 225 41 established,
1049 890 22 24 a
1085 879 148 38 familiar

109 972 121 38 power
246 957 39 35 in
301 954 60 36 the
378 953 247 36 Government
638 948 44 35 of
701 946 58 35 the
786 942 176 43 Country,
986 937 39 35 of
1038 937 128 36 known
1183 942 31 33 ef-

106 1020 83 38 fect,
205 1014 69 38 and
288 1011 161 49 pending
465 1008 58 35 the
542 1005 187 49 operation
748 1000 38 35 of
795 995 19 43 -
814 995 117 43 which,
951 997 36 33 in
1005 995 58 36 the
1085 998 145 47 general

107 1076 175 38 direction
312 1071 38 35 of
373 1068 63 36 the
458 1065 120 50 public
600 1061 181 35 interests,
814 1054 83 35 that'
913 1052 175 49 Country,
1123 1057 36 33 in
1191 1068 39 24 so

107 1135 101 47 large
225 1145 22 24 a
261 1132 145 46 degree,
422 1126 65 36 has
502 1112 331 60 prospered;—this
849 1123 120 35 power
981 1110 65 36 has
1060 1113 91 36 been
1169 1117 39 33 ob-

107 1191 178 39 literated,
317 1186 71 38 and
417 1197 22 24 a
469 1191 82 27 new
584 1186 80 27 one,
691 1169 115 38 either
830 1170 41 35 of
882 1169 139 49 :wholly
1047 1172 180 35 unknown

106 1250 115 39 effect,
231 1260 38 24 or
280 1246 39 35 of
328 1257 47 24 an
386 1241 209 38 effectmore
603 1231 87 36 than
707 1228 205 47 suspicious,
929 1227 63 36 has
1008 1228 91 36 been
1115 1230 93 35 intro-

106 1307 113 38 duced
241 1307 77 35 into
340 1302 46 33 its
408 1298 101 46 place
521 1306 8 19 :
567 1290 38 35 in
630 1287 101 35 other
745 1285 126 44 words,
896 1287 58 36 the
980 1285 113 50 safety
1110 1288 38 35 of
1167 1288 60 35 the

104 1364 236 38 institutions,
367 1354 71 36 and
458 1353 60 33 the
542 1348 225 47 prosecution
783 1345 39 36 of
841 1346 58 36 the
917 1346 165 36 interests
1099 1346 39 36 of
1156 1346 71 36 this

106 1424 106 46 great
225 1416 71 36 and
320 1413 143 36 ancient
485 1406 181 47 kingdom,
693 1405 88 36 have
805 1405 113 36 either
932 1406 93 33 been
1050 1406 109 46 given
1175 1416 49 35 up

104 1483 39 30 to
159 1487 68 24 one
244 1474 39 35 of
294 1471 61 35 the
370 1468 139 35 boldest
523 1465 39 35 of
570 1465 249 46 experiments,
847 1476 39 22 or
901 1463 74 38 else
991 1461 231 36 surrendered

104 1542 38 28 to
159 1532 58 36 the
235 1532 91 35 least
343 1524 206 49 scrupulous
559 1523 39 38 of
605 1523 148 36 factions
764 1507 6 66 !
806 1521 102 36 More
923 1521 85 36 than
1025 1507 79 54 this,
1117 1521 88 35 sacri-

104 1592 82 36 fices
195 1602 38 22 so
250 1591 79 31 vast
335 1584 91 35 have
441 1584 93 35 been
542 1583 113 41 made,
666 1586 38 31 to
712 1592 151 36 appease
874 1591 20 24 a
901 1578 148 46 popular
1057 1576 162 47 divinity,

102 1649 120 35 whose
233 1643 167 43 stomach,
411 1643 91 36 after
509 1641 58 43 all,
578 1639 85 47 they
674 1650 66 25 can
750 1649 110 25 never
874 1635 60 43 fill,
945 1635 71 36 and
1027 1635 120 35 whose
1156 1627 61 43 an-

102 1718 79 38 ger,
192 1702 69 38 and
269 1702 118 36 whose
392 1701 104 43 bolts,
504 1710 82 36 may
592 1702 61 44 yet
663 1698 135 35 remain
808 1699 36 31 to
849 1696 52 39 be
902 1691 164 41 dreaded,
1079 1691 102 36 when
1194 1693 22 31 it

101 1764 91 38 shall
208 1764 68 36 feel
290 1764 47 35 its
353 1757 309 50 disappointment,
672 1754 71 35 and
753 1753 83 35 seek
857 1762 203 36 vengeance
1077 1750 139 46 against

99 1825 49 35 its
154 1822 180 36 deceivers
346 1824 8 31 I
381 1817 69 36 We
460 1817 101 39 have,
570 1813 150 39 besides,
729 1822 20 24 a
756 1809 94 35 band
863 1820 38 24 or
909 1805 112 39 bands
1031 1806 39 35 of
1077 1805 120 44 revolu-

98 1882 142 36 tionists
255 1880 38 36 in
310 1876 142 38 Church
468 1872 69 36 and
553 1869 112 41 State,
682 1869 39 35 in
737 1866 165 49 England
915 1865 71 36 and
1009 1865 38 36 in
1065 1865 151 41 Ireland,

98 1940 69 36 and
175 1940 99 33 those
283 1935 118 38 intent
408 1943 96 36 upon
512 1931 137 46 change
658 1931 39 33 in
706 1928 46 36 all
759 1926 239 47 departments
1006 1924 39 35 of
1054 1935 65 24 our
1126 1924 72 33 nati-

99 1998 80 36 onal
186 2005 181 30 concerns,
376 1989 194 39 Domestic,
581 1986 156 47 Foreign
743 1984 69 35 and
822 1983 175 35 Colonial.
1020 1981 69 35 We
1101 1981 88 35 have
1195 1994 20 22 a

101 2057 170 44 Ministry
282 2052 118 35 whose
411 2047 101 39 lives,
521 2046 69 35 and
602 2043 117 36 whose
731 2041 272 39 achievements,
1016 2039 106 36 while
1132 2038 82 47 they

96 2113 91 36 have
198 2104 324 50 alreadyproduced
531 2102 175 36 sufficient
715 2101 38 35 of
756 2099 115 35 actual
885 2099 69 35 evil
983 2098 6 57 •
1003 2099 55 33 ive
1069 2098 146 38 ruinous

96 2169 304 47 encouragement
413 2165 47 46 by
476 2164 94 35 their
581 2157 178 49 supposed
772 2157 176 36 inclinaf.
1027 2150 61 49 .49
1104 2167 110 28 more,

96 2228 71 36 and
181 2230 46 43 by
241 2225 60 36 the
321 2222 175 36 imitation
507 2217 115 36 which
636 2217 83 46 they
731 2216 124 41 invite,
869 2213 129 47 and'bk
1009 2213 60 35 the
1083 2203 113 44 excite-

94 2279 230 43 ment-Which
337 2280 85 44 they
449 2282 129 35 create,
592 2287 107 28 warm
729 2274 74 35 into
819 2272 117 36 action
948 2280 109 36 every
1071 2269 143 36 restless

96 2342 71 38 and
180 2353 107 33 every
304 2339 197 46 malignant
517 2334 113 47 spirit,
663 2331 71 35 and
762 2329 167 49 proclaim
959 2342 19 22 a
1002 2328 135 46 jubilee
1162 2324 52 36 for

94 2409 109 35 every
214 2398 170 47 ignorant
397 2394 71 35 and
483 2391 106 46 every
605 2386 299 38 narrow-minded
915 2384 176 43 disturber
1104 2386 38 35 of
1154 2384 58 36 the

91 2455 120 46 public
239 2454 101 36 weal.
403 2450 68 35 We
501 2449 88 35 have
625 2458 22 24 a
682 2446 181 44 Ministry,
899 2441 126 41 which,
1057 2443 157 39 whether

93 2518 38 31 at
148 2513 101 33 home
261 2524 39 22 or
317 2509 142 38 abroad,
474 2507 61 35 has
553 2504 142 46 already
723 2501 126 36 loaded
877 2501 58 35 the
951 2502 150 43 country
1126 2499 85 35 with

90 2569 178 47 Calamity,
285 2565 71 36 and
370 2564 118 35 whose
502 2573 132 28 names,
652 2572 91 22 even
770 2561 46 44 by
847 2556 91 38 their
965 2567 80 25 own
1063 2556 145 35 indirect

90 2624 346 46 acknowledgment,
463 2630 83 24 men
575 2616 192 46 habitually
781 2620 150 30 connect
945 2613 87 36 with
1057 2613 58 35 the
1132 2624 58 35 pro-

90 2685 148 44 bability
250 2680 39 36 of
298 2679 137 35 further
449 2676 181 47 suffering,
649 2685 39 22 as
701 2671 80 35 well
797 2683 39 20 as
852 2676 36 28 to
904 2683 66 24 our
983 2672 165 31 interests
1173 2680 38 22 as

85 2746 39 30 to
139 2753 65 20 our
209 2734 236 39 institutions!
466 2745 9 9 •
488 2731 47 33 At
543 2732 60 31 the
620 2731 71 33 late
702 2729 128 33 dinner
839 2737 93 35 upon
943 2724 96 38 Lord
1050 2726 156 46 Mayor's

87 2797 98 44 Day,
200 2797 38 35 in
255 2791 164 38 London,
436 2786 83 36 Earl
532 2784 99 46 Grey
647 2784 83 33 took
743 2783 172 41 occasion,
928 2786 36 33 in
976 2783 60 36 the
1049 2787 93 30 most
1153 2794 35 22 so-

88 2854 96 35 lemn
197 2858 162 28 manner,
378 2850 36 30 to
430 2847 145 43 protest,
592 2839 76 38 that
683 2838 139 35 neither
835 2839 142 35 himself
987 2850 66 22 nor
1066 2838 55 35 his
1137 2839 52 33 col-

90 2910 148 44 leagues
254 2906 68 35 had
339 2901 176 47 anything
537 2910 39 22 so
589 2896 104 35 much
720 2901 38 28 at
783 2901 109 35 heart,
909 2909 38 22 as
975 2901 36 28 to
1039 2896 165 35 cultivate

85 2965 173 47 fruitfully
277 2973 107 35 every
416 2953 159 41 national
608 2954 161 39 interest,
784 2951 71 35 and
879 2953 57 35 to
935 2951 87 36 send
1041 2953 101 36 down
1165 2961 38 31 to

83 3025 172 49 posterity
272 3035 109 35 every
397 3016 203 41 institution
625 3013 39 38 of
688 3011 58 38 the
773 3014 161 43 country,
962 3011 36 35 in
1024 3011 58 36 the
1107 3019 88 31 same

82 3085 192 50 perfection
293 3083 38 36 in
346 3080 113 39 which
474 3079 28 36 it
518 3076 63 38 has
603 3069 197 41 descended
820 3076 38 31 to
882 3068 180 38 ourselves
1077 3068 5 68 !
1132 3072 63 41 For

79 3157 68 25 our
162 3153 87 41 part,
279 3154 54 25 we
361 3140 151 49 entirely
537 3139 139 38 believe
696 3135 60 38 the
784 3131 117 38 Noble
929 3124 178 50 Premier;
1137 3132 58 36 but

76 3208 63 36 the
156 3206 137 36 serious
310 3205 183 46 questions
521 3198 137 36 remain
680 3189 320 50 behind,:whether
1025 3187 58 36 the
1104 3202 69 25 mea-

79 3279 101 24 sures
192 3266 39 35 of
243 3261 143 39 himself
394 3258 69 38 and
477 3258 55 36 his
548 3257 203 46 colleagues
762 3266 60 24 are
831 3247 150 50 adapted
995 3254 35 31 to
1044 3247 57 38 the
1112 3250 83 36 end..

74 3323 115 38 which
206 3321 83 47 they
301 3320 91 36 have
408 3318 36 35 in
460 3312 243 49 view;-=and,
715 3313 54 36 far
783 3310 140 47 beyond
939 3309 46 38 all
1002 3307 80 43 this,
1101 3309 69 35 whe-

74 3383 82 35 ther
169 3380 102 36 those
283 3387 183 27 measures
479 3386 61 24 are
556 3376 63 31 not
633 3372 145 49 paving,
792 3369 69 36 and
874 3369 88 36 have
975 3372 61 30 not
1052 3364 137 39 already

72 3439 115 47 paved
200 3439 58 33 the
276 3447 91 36 way,
395 3435 54 33 for
472 3433 60 35 the
559 3431 157 36 erection
745 3428 39 36 of
808 3439 24 24 a
849 3431 165 43 tyranny,
1033 3425 68 35 and
1132 3422 58 38 the

72 3498 131 38 arrival
219 3496 41 36 of
268 3509 24 22 a
310 3491 219 41 convulsion,
548 3488 85 36 such
660 3499 41 24 as
729 3480 140 41 neither
896 3483 55 41 he,
970 3494 65 24 nor
1050 3482 54 36 his
1121 3482 61 38 col.

71 3556 161 47 leagues,
247 3565 68 25 nor
331 3564 68 35 any
417 3546 186 38 Ministers
630 3545 61 38 the
709 3543 194 36 successors
918 3542 39 36 of
969 3542 123 41 either,
1118 3542 65 35 wili

72 3616 44 33 be
132 3613 82 35 able
228 3617 38 30 to
282 3611 106 35 resist
403 3620 38 24 or
455 3606 88 36 calm
557 3608 13 30 ?
602 3605 79 35 The
698 3602 231 49 protestation
946 3600 39 35 of
995 3598 61 35 the
1071 3597 112 38 Nobb.

72 3669 94 39 Earl,
178 3680 58 22 we
250 3669 93 38 take,
357 3668 38 33 in
411 3666 60 33 the
491 3665 205 36 meantime,
710 3672 39 22 as
773 3671 46 22 an
836 3669 90 33 open
942 3658 220 44 acknowledg-

69 3731 112 35 ment,
198 3726 85 38 first,
291 3724 76 33 that
383 3721 60 35 the
455 3723 164 31 interests
630 3717 69 36 and
712 3717 220 35 institutions
943 3713 41 36 of
989 3713 60 36 the
1063 3713 96 35 Coun-

69 3789 55 41 try
143 3794 60 27 are
231 3776 154 49 actually
405 3773 243 49 enpangered;
672 3773 69 36 and
757 3769 146 44 second,
904 3765 85 41 'that
998 3770 87 36 both
1096 3769 66 36 him-

68 3843 72 36 self
150 3839 69 38 and
236 3839 55 36 his
306 3836 205 46 colleagues
524 3831 213 47 sufficiently,
748 3831 113 39 know,
879 3828 77 36 that
978 3830 27 33 it
1020 3831 30 33 is
1071 3828 90 33 them-

68 3901 128 38 selves,
213 3898 71 39 and
299 3896 93 35 their
405 3893 233 33 continuance
652 3891 38 31 in
701 3890 109 39 (Alice,
827 3887 110 35 which
953 3899 60 24 are
1028 3887 128 47 publicl
1164 3901 14 22 v

68 3957 148 47 pointed
230 3961 47 38 at,
296 3965 38 25 as
351 3953 60 36 the
425 3961 140 25 sources
581 3946 39 36 of
631 3946 58 36 the
706 3946 151 46 danger!

112 4027 123 36 While
252 4025 99 35 these
378 4020 132 44 things,
529 4020 71 36 too,
614 4013 146 39 breathe
778 4013 83 49 only
877 4014 135 47 dismay
1028 4014 76 36 into
1121 4013 57 36 the

63 4082 277 49 contemplation
351 4077 39 36 of
402 4076 60 36 the
474 4074 129 41 future,
620 4071 60 38 the
696 4076 143 41 present
855 4071 96 39 itself
962 4072 30 36 is
1008 4071 65 38 rife
1094 4072 83 33 with

63 4142 101 41 evils,
191 4140 69 36 and
276 4135 87 38 with
386 4135 61 36 the
469 4131 202 35 immediate
685 4139 123 22 means
824 4129 39 35 of
872 4131 99 41 evils,
989 4129 115 36 which
1120 4139 58 24 are

58 4200 148 46 already
235 4209 110 22 come.
405 4187 157 46 Already
586 4187 61 33 the
669 4184 123 35 nation
817 4186 30 31 is
874 4187 159 47 plunged
1057 4187 79 35 into
1156 4198 22 20 a

58 4258 161 39 warfare,
244 4255 68 36 and
329 4255 77 36 into
422 4260 46 24 an
485 4246 159 39 alliance,
663 4239 112 38 which
791 4239 121 49 hardly
923 4246 176 47 anything
1113 4246 63 35 but

60 4313 265 46 revolutionary
340 4302 209 55 partialities
565 4313 65 25 can
646 4296 140 50 explain
798 4309 9 31 ;
833 4298 142 46 already
992 4301 58 35 the
1068 4301 87 38 Colo-

57 4369 80 44 nies
159 4383 61 27 are
246 4364 180 41 desolated
449 4361 85 35 with
559 4361 57 33 the
643 4357 180 41 visionary
838 4353 139 44 politics
1002 4356 39 31 of
1058 4357 88 35 dema-

58 4443 140 38 gogues
220 4427 69 35 and
315 4424 148 35 fanatics
474 4433 11 27 ;
510 4417 142 46 already
671 4428 25 20 a
720 4413 181 41 desperate
923 4409 129 35 faction
1077 4413 98 35 dares

57 4490 106 35 assail
189 4487 58 33 the
276 4477 153 47 English
452 4469 307 52 Monarchy—the
775 4466 151 49 English
942 4465 137 38 United
1101 4466 50 36 Go-

58 4546 197 36 vernment,
285 4532 189 47 Temporal
506 4532 69 38 and
614 4523 170 57 Spiritual
795 4537 9 31 ;
844 4524 69 39 and
945 4524 143 49 already
1117 4524 60 36 the

60 4602 164 38 Election
265 4595 54 35 for
346 4605 20 22 a
398 4591 91 38 New
521 4589 219 38 Parliament
775 4584 30 33 is
838 4587 36 31 at
906 4597 65 24 our
1002 4584 98 43 door,
1131 4595 44 24 an

57 4661 109 33 event
181 4654 113 36 which
312 4661 124 25 reason
452 4649 202 35 commands
672 4657 54 27 us,
743 4641 71 35 and
830 4654 63 25 our
907 4646 169 35 domestic
1091 4655 60 25 ene-

55 4718 90 35 mies
159 4724 60 24 are
236 4709 85 36 loud
337 4709 38 35 in
391 4707 129 43 telling
537 4713 54 30 us;
616 4706 181 35 threatens
820 4698 58 38 the
893 4702 280 36 consummation

54 4775 41 35 of
106 4769 214 49 everything
334 4764 113 38 which
463 4773 46 24 an
524 4756 231 54 enlightened
772 4754 231 52 Englishman
1019 4773 66 24 can
1101 4761 72 38 fear

54 4830 69 39 and
146 4828 186 47 deprecate
362 4822 55 35 for
441 4820 55 35 his
528 4824 148 39 country
687 4817 8 33 !
742 4813 77 39 The
849 4817 129 44 future,
1011 4817 98 47 then,
1142 4822 31 35 is

52 4888 112 47 really
180 4885 121 35 before
317 4891 61 31 us;
403 4879 77 33 that
493 4877 118 36 future
625 4872 115 36 which
764 4874 58 36 the
839 4876 161 52 Country
1017 4879 71 36 and
1110 4880 60 36 the

50 4946 220 41 LIV,ERPOOL
296 4939 209 36 STANDARD
523 4946 61 24 are
602 4939 35 30 to
654 4939 176 41 traverse;

181 5013 68 33 But
261 5006 153 41 shadows,
428 5002 121 43 clouds,
564 5002 66 35 and
644 5002 153 35 darkness
813 5009 65 28 rest
890 5017 87 30 upon
989 5008 27 31 it

93 5137 50 31 To
156 5137 50 36 be,
220 5135 154 38 however,
392 5145 17 22 a
420 5132 82 33 little
517 5142 93 22 more
620 5131 153 41 cheerful,
800 5142 83 31 upon
906 5132 140 31 occasion
1057 5131 39 35 of
1107 5131 60 33 this

43 5203 58 22 our
120 5192 68 31 first
202 5192 123 39 display
339 5191 30 31 in
384 5191 121 41 public,
523 5191 44 30 let
581 5198 36 22 us
635 5187 85 38 look,
735 5197 36 22 so
787 5180 82 52 long
890 5180 20 52 4
931 5180 41 52 ye
983 5198 87 30 may,
1082 5197 85 31 upon

44 5247 83 30 what
150 5244 82 36 little
252 5244 151 30 sunshine
427 5243 50 30 the
499 5254 142 30 prospect
663 5243 161 41 brightens
849 5241 99 39 wit;
950 5243 82 46 Viand
1046 5243 117 31 sustain

44 5310 58 20 our
126 5298 106 31 minds
246 5298 43 38 by
304 5296 52 33 the
378 5294 169 35 reflection,
564 5294 68 30 that
658 5296 41 30 all
726 5296 135 31 troubles
876 5285 145 61 ruifinot
1035 5307 87 20 come
1137 5306 30 20 at

46 5362 87 27 once,
153 5351 60 30 and
233 5350 66 30 that
321 5348 96 28 much
439 5346 36 30 of
494 5346 52 28 the
572 5346 194 41 threatening
792 5356 131 33 tempest
946 5359 72 30 may
1035 5359 33 22 at
1088 5351 77 30 least

38 5408 82 39 keep
169 5414 87 30 away
287 5402 80 30 from
400 5409 36 20 us
465 5398 47 30 for
540 5409 19 19 a
589 5400 87 28 time.
737 5400 128 30 Faction
899 5402 61 30 and
984 5403 52 28 the
1066 5413 80 20 news-

38 5469 117 36 papers
172 5468 50 22 are
243 5455 90 33 black
351 5454 74 31 with
444 5452 50 31 the
518 5450 83 30 show
620 5450 35 30 of
666 5461 112 20 storms
794 5454 80 36 that,
890 5454 71 38 they
980 5455 54 30 tell
1050 5465 49 30 us,
1115 5465 50 24 are

38 5526 33 25 to
101 5515 102 41 bring,
235 5512 129 33 without
389 5518 19 20 a
439 5517 110 30 pause,
576 5506 63 30 this
706 5506 143 30 dreadful
877 5506 110 41 pother
1019 5507 63 30 o'er
1110 5517 57 20 our

209 5570 58 30 but
285 5565 54 33 the
357 5562 145 38 thunder,
528 5570 85 22 more
627 5570 35 20 or
680 5559 76 41 less,
781 5559 61 31 will
858 5561 170 43 assuredly,
1050 5561 47 30 for
1121 5569 31 24 to-

36 5631 76 39 day,
131 5628 39 30 be
184 5625 110 31 driven
312 5620 80 31 from
417 5628 47 27 us,
491 5617 60 31 znd
578 5617 76 43 only
669 5616 93 31 heard
789 5624 30 25 to
843 5624 115 25 mutter
980 5617 33 31 in
1036 5616 54 31 the
1102 5616 63 31 dis-

35 5691 101 25 tance.
186 5680 31 33 It
244 5680 27 31 is
299 5672 178 44 commonly
493 5674 157 43 amusing,
677 5672 117 44 during
809 5683 90 35 every
917 5685 96 22 recess
1028 5672 36 33 of
1088 5672 77 33 Par.

36 5740 134 35 lament,
202 5743 31 25 to
258 5735 134 30 observe
420 5729 52 33 the
502 5739 203 35 extravagent
732 5740 165 24 assertions
921 5731 61 31 and
1009 5731 154 31 doctrines

36 5792 104 35 which
156 5792 52 31 the
224 5797 197 35 newspapers
436 5787 107 33 invent
557 5798 33 19 or
606 5789 107 39 repeat
726 5798 9 27 ;
754 5781 77 36 such
844 5787 117 31 tumult
972 5798 31 19 as
1019 5795 54 25 not
1088 5787 76 43 only

265 5850 82 30 With
362 5850 60 27 fear
435 5852 31 27 of
476 5852 109 33 change
598 5850 154 36 perplexes

36 5917 60 31 but
128 5910 107 44 Might
266 5910 69 35 well
372 5910 131 41 perplex
532 5907 76 33 with
639 5907 54 33 the
717 5917 85 20 same
825 5907 76 39 fear,
929 5907 44 31 all
995 5907 113 31 classes
1131 5907 36 30 of

36 5970 83 31 their
129 5969 140 39 subjects
282 5978 9 24 ;
317 5975 35 20 ao
367 5964 79 39 that,
471 5962 90 31 when
584 5962 167 39 observing
769 5962 79 30 their
869 5962 173 41 dispersion
1060 5969 31 24 at
1110 5962 52 31 the

41 6024 68 35 first
132 6022 36 31 of
187 6020 52 33 the
266 6019 250 39 Parliamentary
535 6027 57 20 sun
617 6027 83 30 upon
729 6017 79 30 their
828 6016 162 39 darkness,
1019 6025 44 22 we
1085 6017 77 30 have

36 6077 101 39 often,
153 6083 76 22 even
244 6074 107 31 before
367 6072 50 30 the
430 6076 124 38 present
565 6071 151 46 lowering
728 6071 153 39 occasion,
894 6069 170 31 meditated
1077 6069 83 41 upon

39 6129 55 33 the
120 6129 194 39 importance
328 6126 35 30 of
387 6124 52 31 the
465 6124 126 39 adjunct
606 6123 36 30 of
661 6135 19 19 a
699 6124 63 30 free
778 6124 194 30 Parliament
997 6131 33 24 to
1055 6134 20 20 a
1099 6124 65 30 free

41 6184 106 35 Press,
172 6180 35 31 as
230 6180 54 31 the
310 6180 118 30 latter's
455 6187 161 28 necessary
631 6176 63 30 and
710 6178 126 28 natural
849 6176 173 30 corrective.
1071 6178 90 38 11ow,

39 6236 99 33 under
172 6231 151 33 reference
354 6239 30 22 to
416 6231 54 30 the
493 6228 98 41 grand
617 6228 65 31 aim
704 6228 36 30 of
761 6228 52 31 the
843 6239 66 24 new
934 6231 227 43 revolutionary

39 6294 191 33 movement,
254 6285 139 41 namely,
420 6283 68 33 that
507 6283 113 36 which,
646 6280 76 33 with
745 6293 35 20 so
798 6293 98 31 many
910 6283 142 35 different
1066 6288 79 33 inter-

39 6345 183 49 pretations,
250 6343 30 30 is
307 6340 96 33 called
433 6337 129 33 Church
592 6337 129 33 Reform
732 6348 11 27 ;
769 6348 46 22 we
839 6348 74 33 may
935 6348 61 25 rest
1020 6345 137 41 assured,

38 6406 71 33 that
132 6409 74 22 even
235 6397 76 33 Earl
339 6397 82 39 Grey
446 6392 61 33 and
534 6392 50 31 his
609 6392 187 43 colleagues,
824 6403 35 22 so
879 6395 76 43 long
969 6408 33 22 as
1016 6398 71 43 they
1102 6411 55 20 can

39 6447 74 36 hold
140 6455 44 31 up
213 6443 123 43 against
361 6439 52 31 the
433 6438 142 31 Political
592 6436 132 38 Unions,
750 6438 63 31 will
835 6439 41 31 do
891 6441 55 31 but
961 6443 80 31 little
1055 6444 36 31 of
1110 6446 44 31 all

39 6496 68 31 that
123 6488 101 33 which
241 6488 52 30 the
309 6483 231 43 revolutionists
554 6480 72 43 they
644 6480 93 33 foster
751 6491 110 35 expect
872 6485 60 31 and
945 6487 55 31 ask
1014 6488 36 30 of
1063 6488 91 33 them.

39 6537 79 33 Earl
129 6537 96 36 Grey,
246 6529 72 33 with
334 6529 43 31 all
391 6528 49 31 his
450 6537 110 28 errors,
578 6526 27 31 is
614 6534 33 24 at
660 6528 76 30 least
746 6535 39 22 an
800 6529 132 41 English
946 6532 186 30 Gentleman
1146 6545 9 22 ;

39 6580 43 31 he
96 6580 55 30 has
167 6578 52 30 the
236 6573 176 38 education,
431 6578 88 31 taste,
545 6570 60 31 and
624 6569 131 43 feelings
773 6572 36 30 of
822 6583 38 20 an
880 6575 132 41 English
1031 6576 128 30 Gentle-

41 6631 76 22 man
129 6633 11 22 ;
161 6620 39 31 he
217 6620 63 33 will
298 6617 72 31 lend
384 6614 132 33 himself
528 6620 31 25 to
576 6624 79 22 none
669 6614 38 31 of
720 6614 52 33 the
791 6616 57 30 low
865 6620 208 39 conceptions,
1096 6619 61 31 and

41 6665 150 30 sectarian
220 6672 175 25 meanness,
424 6660 35 31 of
487 6658 50 31 the
565 6658 170 41 starveling
770 6660 104 31 minds
904 6663 65 30 that
995 6663 101 41 aspire
1126 6672 31 22 to

41 6706 90 30 mark
157 6706 49 31 his
220 6706 77 39 path
309 6717 11 24 ;
343 6713 57 20 nor
416 6712 31 22 to
460 6713 60 30 any
537 6702 36 30 of
598 6702 52 31 the
676 6706 112 39 vulgar
809 6706 157 39 crudities,
992 6707 117 30 fanatic
1123 6717 35 20 or

43 6746 206 41 philosophic,
265 6746 36 31 of
310 6746 76 31 such
398 6757 35 19 as

375 6809 63 27 Call
449 6808 65 28 half
520 6809 146 35 thinking,
676 6808 137 39 thinking
820 6811 60 28 free

47 6861 36 33 in
98 6871 20 20 a
132 6860 94 35 word,
252 6861 43 28 he
318 6863 98 30 would
441 6863 106 31 rather
567 6865 65 30 lose
654 6866 52 30 his
728 6866 93 38 head,
850 6877 36 20 or
909 6874 113 35 twenty
1046 6869 110 35 heads,

46 6902 77 36 than
139 6901 41 30 do
200 6901 219 35 &thousandth
435 6912 69 35 part
517 6906 36 31 of
562 6907 83 30 what
660 6907 50 33 the
723 6910 135 31 enemies
874 6910 36 31 of
921 6912 52 31 the
994 6913 164 31 National-

50 6946 41 35 Ch
91 6946 20 35 u
112 6946 65 35 rch
206 6943 120 36 require
348 6946 35 30 of
408 6946 76 33 him.
534 6950 50 31 He
614 6951 61 30 will
699 6954 148 39 probably
869 6956 128 39 (should
1022 6956 39 30 he
1087 6965 68 25 con,

49 6994 90 31 time
157 6984 30 33 in
206 6983 60 31 offit
276 6984 33 38 e)
323 6987 120 30 meddle
460 6991 71 30 with
556 6992 120 31 Tithes,
702 6997 57 27 and
786 6995 69 30 with
885 6998 77 30 Poor
987 6998 157 35 Benefices

49 7036 58 47 per
107 7036 19 47 h
126 7036 20 47 a
146 7036 41 47 ps
213 7025 71 31 with
299 7025 80 31 little
387 7028 175 43 advantage
584 7033 31 30 in
633 7036 96 28 either
743 7047 88 25 case;
858 7046 55 27 but
935 7043 39 30 he
1003 7044 60 30 will
1093 7054 47 22 cer-

50 7080 99 39 tainly
175 7074 43 31 do
246 7077 38 24 tat
307 7077 83 20 more
447 7072 61 35 He,
532 7074 60 28 and
614 7077 47 28 his
683 7079 172 49 colleagues
883 7085 76 35 also,
991 7096 82 30 upon
1106 7088 52 30 the

50 7128 17 31 ,
68 7128 35 31 on
102 7128 17 31 t
120 7128 17 31 r
137 7128 74 31 ary,
235 7110 60 33 will
307 7107 39 33 do
362 7107 80 33 their
457 7117 124 30 utmost,
605 7117 36 30 inti
661 7118 77 28 their
761 7129 76 30 way,
893 7129 35 22 t,,,
942 7128 72 28 send
1035 7129 83 28 down,
1129 7137 28 22 to

220 7161 17 33 ~
238 7161 71 33 ,cry
335 7151 31 27 in
372 7150 129 30 qtitUtiOn
580 7153 47 28 tho
647 7159 88 36 cottnt
735 7159 14 36 r
750 7159 30 36 y,
861 7159 47 31 the,
929 7173 77 22 same
1028 7170 77 33 statif
1126 7170 31 39 of

41 7178 76 69 popeF'
117 7178 13 69 4
129 7178 14 69 `
145 7195 9 39 •
154 7195 9 39 i
164 7195 11 39 •
285 7187 17 38 w
403 7187 22 31 it
439 7187 55 33 has
506 7189 164 33 de4c4nded
682 7195 31 28 to
713 7195 16 28 -
729 7198 140 28 aursolues

167 7211 36 22 lot
346 7211 3 36 •
378 7211 5 36 -
402 7225 9 5 -
510 7211 5 36 ,
545 7211 5 36 .

1337 137 99 38 After
1455 140 58 35 the
1529 142 123 33 merits
1668 142 69 35 and
1756 135 176 41 incidents
1956 142 41 35 of
2005 142 60 36 the
2083 139 121 38 Dutch
2222 139 96 46 War,
2342 142 60 39 the

1285 198 93 44 topic
1397 198 38 33 of
1452 203 93 30 most
1562 198 202 36 immediate
1789 197 71 38 and
1887 202 165 46 pressing
2066 198 120 49 public
2211 198 146 36 interest
2375 202 27 33 is

1283 252 76 36 that
1375 255 39 35 of
1425 255 58 35 the
1499 255 238 49 approaching
1754 254 161 39 General
1926 254 172 39 Election.
2126 257 33 35 It
2175 254 30 36 is
2222 261 79 28 now
2313 258 87 39 said,

1282 310 142 38 thatthe
1433 317 145 44 present
1595 310 219 41 Parliament
1828 310 71 36 will
1915 313 43 36 be
1975 315 176 38 dissolved
2167 323 96 36 upon
2279 313 60 38 the
2356 315 46 36 2d

1279 370 274 46 of-December;
1580 372 74 35 that
1671 373 58 35 the
1751 372 110 35 Writs
1877 370 52 36 for
1945 373 58 36 the
2022 373 162 36 EleCtion
2200 370 39 35 of
2265 369 137 52 Repre:

1279 428 195 44 sentatives
1485 431 36 33 in
1537 443 22 22 a
1573 428 91 38 New
1672 431 220 36 Parliament
1906 430 69 35 will
1991 431 43 35 be
2046 433 36 33 in
2101 431 60 35 the
2175 428 110 36 hands
2302 431 39 33 of
2351 430 47 35 all

1279 483 60 36 the
1356 490 189 46 returning
1570 491 134 33 officers
1734 491 36 33 in
1800 485 60 36 the
1876 487 169 50 kingdom
2068 502 47 22 on
2137 490 60 35 the
2220 485 83 47 4th;
2329 488 69 35 and

1277 543 76 36 that
1372 543 57 36 the
1447 546 150 36 election
1616 550 39 33 of
1666 546 312 47 Representatives
1994 550 54 33 for
2063 543 191 49 Liverpool
2263 557 80 35 may
2353 548 44 33 be

1277 603 172 43 expected
1466 609 35 30 to
1517 606 82 33 take
1611 606 99 46 place
1728 605 115 36 either
1860 605 35 33 in
1912 605 58 35 the
1986 606 129 35 second
2134 617 39 24 or
2189 602 93 35 third
2301 605 94 35 week

1276 658 39 35 of
1335 657 61 38 the
1414 661 139 36 'month.

1321 739 60 35 No
1394 753 99 24 more
1510 742 85 36 than
1613 743 99 36 three
1732 740 227 47 Candidates,
1986 756 38 24 as
2047 746 76 44 yet,
2153 742 91 35 have
2263 739 128 36 offered

1274 795 211 39 themselves
1496 802 101 43 here;
1616 802 58 35 the
1685 806 69 28 two
1770 800 76 35 first
1854 802 110 46 being
1973 802 58 35 the
2046 805 146 43 present
2205 798 184 41 members,

1272 854 69 36 and
1359 855 58 36 the
1435 857 104 44 third,
1567 858 68 36 Mr.
1652 858 195 47 Thornely.
1904 858 145 49 Among
2061 857 150 38 'several
2238 857 153 46 subjects

1272 913 39 33 of
1323 913 208 38 threatened
1556 917 282 49 Parliamentary
1863 918 231 43 discussion,
2094 928 109 38 grave
2227 926 39 24 as
2282 926 107 35 many

1272 972 39 33 of
1321 972 94 35 them
1435 980 94 30 must
1559 987 140 35 appear,
1720 975 58 35 the
1803 981 143 41 gravest
1978 976 38 35 of
2043 976 60 35 the
2120 972 113 38 whole
2258 973 30 33 is
2312 973 77 39 that

1269 1028 113 36 which
1397 1044 170 24 concerns
1592 1033 58 35 the
1674 1035 217 46 perpetuity,
1923 1035 154 46 dignity,
2104 1031 69 36 and
2208 1030 178 39 exclusive

1268 1090 249 35 maintenance
1542 1091 39 33 of
1608 1098 76 28 our'
1696 1091 143 36 Church
1865 1091 288 39 Establishment,
2186 1091 200 47 commonly

1268 1146 110 36 called
1395 1139 65 44 the
1468 1148 294 36 United-Church
1778 1150 216 47 ofEngland
2008 1151 69 33 and
2093 1146 161 44 Ireland;
2279 1150 69 35 and
2359 1153 27 33 it

1268 1205 41 41 is,
1342 1205 187 43 therefore,

1551 1208 61 41 .for
1636 1208 80 41 this,
1754 1220 38 22 as
1816 1209 55 33 for
1893 1220 39 22 so
1956 1220 107 33 many
2088 1206 102 39 other
2224 1216 154 35 reasons,

1268 1261 74 35 that
1375 1261 58 36 the
1468 1265 181 46 professed
1674 1266 173 47 religious
1865 1268 209 33 sentiments
2099 1265 39 36 of
2162 1261 60 36 the
2247 1266 135 35 several

1268 1318 228 46 Candidates,
1521 1335 52 28 or,
1586 1323 90 50 with
1701 1329 140 43 greater
1858 1326 191 38 strictness,
2066 1323 93 35 their
2175 1318 208 41 sentiments

1266 1387 99 39 upon,
1381 1376 63 36 our
1461 1376 80 38 civil
1562 1381 219 35 institutions
1800 1369 41 47 a
1860 1381 165 47 religion,
2043 1380 94 43 here,
2153 1392 39 22 as
2209 1380 36 47 in
2274 1381 107 47 every

1266 1435 101 36 other
1389 1441 79 41 part
1493 1438 39 35 of
1559 1436 58 36 the
1636 1439 180 47 kingdom,
1843 1439 150 36 demand
2017 1439 60 36 the
2091 1438 148 47 deepest
2263 1443 96 33 atten-

1263 1494 77 43 tion
1376 1494 39 33 of
1433 1494 233 49 enlightened
1694 1496 169 43 Electors,
1890 1501 36 31 in
1945 1496 126 49 giving
2101 1496 94 35 their
2208 1501 102 30 votes
2326 1502 54 30 -et

1261 1550 60 35 the
1343 1551 172 36 Election.
1587 1553 35 35 It
1652 1557 30 31 is
1713 1562 65 39 not
1791 1556 96 35 from.
1907 1556 58 35 the
1986 1550 170 44 numbers
2181 1565 69 22 nor,
2279 1554 99 35 other

1260 1609 162 47 strength
1441 1609 41 35 of
1491 1624 65 22 our
1570 1613 167 35 domestic
1753 1614 170 43 enemies,
1940 1602 112 46 uaer
2068 1613 69 33 this
2153 1616 131 41 aspect,
2301 1611 76 35 that

1260 1668 52 31 we
1329 1665 90 38 have
1436 1679 68 35 any
1521 1668 106 49 thing
1641 1676 38 27 to
1693 1669 93 44 fear;
1802 1672 65 33 bUt
1882 1669 219 47 everything
2110 1669 90 33 from
2216 1680 66 22 our
2296 1680 79 22 own

1260 1721 203 47 ignorance,
1479 1726 69 35 and
1562 1732 93 28 want
1671 1728 39 35 of
1721 1729 189 44 particular
1928 1728 209 46 knowledge
2145 1728 39 35 of
2195 1728 58 33 the
2263 1728 110 33 moral

1258 1780 68 33 and
1342 1781 157 44 political
1518 1783 101 43 value
1630 1784 47 33 'of
1696 1795 65 24 our
1776 1784 142 36 Church
1935 1784 285 36 Establishment.

1315 1858 71 36 But
1403 1861 38 43 if,
1458 1863 197 46 under,,this
1672 1866 101 43 view,
1792 1879 55 24 we
1871 1868 80 35 look
1976 1869 76 33 into
2068 1868 58 38 the
2142 1869 135 36 several
2301 1871 68 35 Ad_

1257 1918 139 36 dresses
1414 1921 41 33 of
1466 1932 65 25 our
1548 1920 225 46 Candidates,
1786 1924 93 36 what
1891 1926 30 33 is
1937 1928 28 33 it
1981 1926 74 35 that
2069 1937 54 24 we
2140 1928 71 35 find
2227 1929 36 35 in
2277 1928 91 36 them

1258 1981 35 30 to
1310 1978 82 46 give
1409 1991 43 22 us
1468 1980 58 35 the
1545 1983 167 44 required
1728 1983 216 44 satisfaction
1956 1987 11 30 ?
2017 1984 43 35 In
2077 1984 96 43 each,
2191 1984 99 36 there
2307 1987 30 33 is
2351 1998 17 22 a

1255 2036 213 46 paragraph,
1479 2036 159 44 devoted,
1666 2039 146 47 directly
1841 2052 41 24 or
1896 2039 200 49 indirectly;
2123 2049 39 30 to
2175 2043 69 35 this
2268 2046 101 46 great

1252 2094 169 44 question
1438 2094 39 33 of
1488 2094 58 36 the
1564 2096 159 46 Church;
1748 2099 69 33 and
1843 2098 58 36 the
1929 2101 113 41 times,
2060 2113 39 22 as
2121 2113 52 22 we
2192 2101 88 36 have
2306 2102 41 35 de-

1255 2150 135 35 scribed
1414 2150 107 46 them,
1542 2154 161 41 demand,
1724 2154 88 36 from
1838 2154 280 52 Parliamentary
2134 2157 230 43 Candidates,

1255 2220 96 33 upon
1364 2206 77 36 that
1457 2213 254 44 question,,the
1723 2213 121 38 fullest
1858 2216 69 35 and
1951 2222 91 28 most
2066 2219 137 44 precise
2220 2220 124 31 enunci-

1255 2268 126 33 ations.
1430 2266 55 36 To
1496 2269 83 47 give
1597 2269 69 36 this
1682 2271 260 41 clearness_and
1956 2276 187 46 precision,
2161 2274 99 36 there
2274 2277 31 33 is
2323 2288 44 22 no

1255 2321 93 33 need
1367 2321 39 35 of
1431 2335 106 38 many
1559 2329 126 41 words,
1702 2342 65 22 nor
1783 2331 44 35 do
1844 2342 52 24 we
1913 2331 118 35 dream
2049 2332 39 35 of
2115 2332 167 47 exacting
2301 2335 44 33 mi-

1254 2383 87 28 nute
1367 2380 157 50 pledges.
1573 2384 69 36 We
1660 2392 94 30 want
1770 2387 151 49 nothing
1935 2391 65 33 but
2011 2391 135 35 solemn
2162 2391 205 36 assurances

1255 2436 39 35 of
1304 2436 93 36 fixed
1411 2439 167 39 devotion
1595 2450 35 28 to
1647 2446 60 36 the
1732 2447 164 35 interests
1913 2449 39 33 of
1972 2449 58 35 the
2049 2449 143 35 Church
2208 2449 39 33 of
2266 2449 74 49 Eng-

1255 2493 80 35 land
1351 2498 68 35 and
1431 2498 150 44 Ireland,
1598 2515 38 24 as
1652 2517 80 24 now
1754 2501 46 50 by
1822 2506 68 35 law
1913 2507 220 35 established.
2186 2504 69 36 We
2269 2513 94 28 must

1252 2550 102 43 refer,
1372 2557 118 44 again,
1509 2561 36 35 in
1559 2561 69 35 this
1644 2561 109 46 place,
1773 2567 36 28 to
1825 2562 61 33 the
1902 2565 112 33 words
2030 2565 39 33 of
2082 2564 83 35 Earl
2191 2561 112 49 Grey,
2328 2570 35 30 at

1252 2606 58 36 the
1329 2606 91 41 Lord
1436 2614 156 50 Mayor's
1608 2617 151 38 Dinner.
1808 2617 60 36 No
1885 2620 85 36 form
1986 2622 39 35 of
2035 2620 124 44 words,
2178 2620 38 36 of
2225 2620 137 52 mighty

1252 2666 137 47 import,
1405 2676 102 35 could
1521 2677 79 33 well
1614 2679 44 33 be
1671 2679 120 41 fewer,
1806 2680 65 33 but
1879 2679 83 47 they
1981 2693 90 24 were
2088 2679 154 47 enough.
2293 2679 68 38 We

1249 2734 148 38 propose
1409 2732 94 36 them
1521 2745 38 24 as
1573 2735 134 35 models
1723 2735 52 35 for
1787 2735 47 33 all
1849 2735 214 38 Candidates
2079 2743 36 30 at
2132 2739 57 35 the
2208 2740 153 47 ensuing

1250 2778 154 46 General
1417 2789 172 39 Election.
1639 2792 69 36 Let
1718 2794 94 35 them
1824 2800 121 41 repeat
1953 2797 101 35 those
2063 2797 123 41 words,
2198 2806 39 24 or
2247 2798 112 35 words

1249 2844 214 46 equivalent,
1479 2849 69 35 and
1564 2857 121 41 repeat
1702 2850 93 36 them
1816 2850 146 38 without
1976 2855 131 35 mental
2126 2855 228 43 reservation,

1244 2896 68 39 and
1329 2915 52 25 we
1397 2906 63 35 ask
1485 2920 47 22 no
1556 2921 109 24 more.
1713 2909 69 36 Let
1811 2921 90 22 even
1926 2913 107 36 those
2058 2913 79 36 Who
2161 2912 132 49 profess
2320 2920 38 28 to

1236 2969 150 39 .support
1403 2964 60 36 the
1479 2965 169 49 Ministry
1663 2967 38 35 of
1712 2969 82 35 Earl
1811 2965 112 49 Grey,
1940 2983 145 35 express
2096 2983 93 36 upon
2203 2969 57 36 the
2271 2972 61 35 hus-

1244 3019 104 49 tings,
1367 3024 83 46 only
1461 3022 98 38 their
1575 3020 184 52 Sympathy
1784 3024 87 36 with
1896 3024 90 46 their
2013 3028 139 44 master-
2151 3028 19 44 -
2170 3028 80 44 -let
2250 3028 19 44 -
2269 3028 82 44 them

1239 3091 61 36 say
1317 3094 39 25 as
1373 3083 43 35 he
1433 3083 61 36 has
1510 3083 76 36 said
1595 3085 129 43 ;—and
1732 3098 65 30 we,
1808 3083 54 36 for
1879 3094 63 25 our
1950 3091 90 43 part,
2049 3088 88 35 shall
2145 3090 44 35 be
2202 3088 148 47 entirely

1238 3143 162 30 content!

1282 3224 43 35 In
1342 3224 58 36 the
1417 3224 156 36 Address
1589 3225 39 36 of
1639 3224 60 38 the
1713 3222 91 38 Lord
1822 3220 173 44 Viscount
2011 3224 153 44 Sandon,
2180 3236 54 24 we
2250 3220 98 43 fincta

1233 3282 200 49 paragraph
1449 3283 156 47 relating
1617 3288 36 28 to
1671 3283 58 33 the
1756 3280 154 43 Church,
1937 3285 36 31 in
1998 3279 123 47 whieh,
2135 3279 135 54 though
2296 3296 52 25 we

1233 3340 124 33 should
1373 3339 88 36 have
1479 3340 94 35 liked
1589 3342 28 33 it
1630 3346 38 28 to
1683 3342 44 33 be
1742 3351 99 22 more
1858 3340 106 44 plain,
1978 3353 52 24 we
2047 3354 150 33 suppose
2211 3342 74 43 that
2293 3351 54 28 We

1233 3409 60 24 see
1307 3397 153 49 nothing
1472 3398 65 36 but
1553 3398 60 36 the
1627 3398 181 47 language
1827 3397 39 35 of
1877 3409 22 25 a
1912 3398 126 38 friend.
2088 3398 68 38 His
2170 3398 175 52 Lordship

1231 3457 183 47 expressly
1427 3457 157 38 confines
1594 3455 143 36 himself
1748 3460 36 31 to
1794 3455 58 36 the
1863 3461 69 30 two
1943 3458 131 47 objects
2085 3458 38 35 of
2134 3458 61 36 the
2203 3471 142 25 sources

1230 3513 39 33 of
1279 3512 61 36 the
1359 3513 170 36 Church's
1553 3524 184 30 revenues,
1756 3513 69 35 and
1844 3515 38 35 of
1891 3515 60 35 the
1975 3517 254 49 apportioning
2244 3515 101 38 those

1230 3584 173 24 revenues
1419 3573 126 36 within
1559 3572 57 35 the
1630 3573 112 35 bosom
1756 3576 44 41 of
1809 3573 58 35 the
1885 3573 142 36 Church

1302 3650 49 30 To
1592 3660 72 30 says
1690 3650 55 28 the
1770 3650 106 30 Noble
1901 3650 187 41 Candidate,
2151 3654 120 44 having
2296 3658 47 31 for

1227 3699 82 31 their
1331 3701 106 36 object
1458 3698 77 31 such
1548 3691 43 38 an
1605 3698 169 30 alteration
1787 3698 35 30 in
1847 3698 52 31 the
1923 3701 91 31 mode
2036 3702 35 30 of
2088 3702 170 44 collecting
2279 3709 63 30 and

1225 3748 227 39 apportioning
1482 3746 54 31 the
1564 3757 153 33 revenues
1743 3746 36 31 of
1808 3746 52 31 the
1888 3750 139 41 Church,
2061 3764 44 27 as,
2142 3754 91 30 while
2266 3757 76 41 they

1227 3806 124 24 remove
1365 3798 118 31 defects
1499 3797 63 33 and
1578 3798 93 33 avoid
1685 3798 162 33 occasions
1863 3802 35 31 of
1907 3802 184 41 dissention,
2112 3816 74 31 may
2200 3805 140 41 improve

1225 3847 55 31 her
1299 3849 164 43 efficiency
1482 3849 66 33 and
1575 3850 107 31 insure
1710 3850 57 35 her
1792 3850 150 44 stability,
1967 3852 16 33 I
2006 3854 82 33 shall
2110 3854 77 33 lend
2203 3861 30 25 'a
2247 3855 94 35 'most

1224 3901 181 30 favourable

1266 3980 85 43 But,
1370 3981 38 33 in
1424 3980 61 36 the
1501 3980 154 35 Address
1672 3980 39 35 of
1731 3978 69 41 Mr.
1819 3978 131 44 Ewart,
1965 3981 61 35 the
2049 3994 154 38 passage
2227 3983 109 38 which

1219 4050 169 22 concerns
1403 4039 154 44 religion
1573 4039 31 31 is
1620 4049 68 24 one
1706 4036 124 43 which,
1841 4039 191 46 especially
2047 4041 102 35 when
2167 4043 120 41 taken,
2298 4057 38 22 as

1217 4091 30 36 it
1261 4099 94 31 must
1370 4094 57 41 be,
1441 4094 88 36 with
1545 4094 178 36 reference
1740 4099 36 31 to
1794 4094 61 36 the
1871 4098 189 35 rumoured
2071 4098 170 49 religious
2258 4101 57 46 opi-

1219 4150 104 35 nions
1334 4150 71 35 and
1420 4150 227 38 inclinations
1665 4153 39 35 of
1713 4153 76 35 that
1805 4154 206 47 gentleman
2033 4154 69 36 and
2118 4156 55 38 his
2189 4156 143 43 friends,

1217 4211 131 31 cannot
1364 4205 44 36 be
1425 4206 85 33 read
1524 4206 150 35 without
1690 4209 157 46 inviting
1872 4220 20 22 a
1917 4211 224 46 disquietude
2157 4214 58 36 the
2241 4216 94 31 most

1217 4265 254 36 unfavourable
1496 4268 36 30 to
1556 4261 57 35 his
1636 4261 348 49 election-prospects
2009 4269 85 33 with
2118 4283 107 33 every
2241 4272 93 46 loyal

1216 4324 69 36 and
1301 4320 272 41 well-informed
1591 4320 142 36 elector.
1783 4320 69 36 Mr.
1871 4321 118 36 Ewart
2005 4326 173 44 professes
2195 4329 140 35 himself

1214 4383 153 50 friendly
1383 4387 36 31 to
1436 4381 60 38 the

1791 4380 74 44 .and
1885 4380 290 43 disenthralment
2192 4386 39 38 of
2249 4387 68 36 reli-

1398 4441 104 44 Now,
1537 4441 30 35 if
1592 4439 60 38 the
1682 4452 80 25 case
1787 4441 31 35 is
1841 4446 65 30 not
1929 4443 153 49 entirely
2104 4443 173 49 hopeless,
2304 4447 28 35 it

1216 4496 117 33 would
1348 4501 137 44 greatly
1502 4501 120 47 oblige
1635 4501 191 43 ourselves,
1854 4501 80 41 and,
1959 4502 170 47 possibly,
2154 4513 101 25 serve
2271 4506 61 35 the

1219 4550 165 39 interests
1397 4556 39 35 of
1447 4556 71 35 Mr.
1534 4557 132 43 Ewart,
1682 4561 31 33 if
1723 4561 57 39 he,
1798 4573 41 22 or
1855 4562 30 33 if
1896 4573 69 33 any
1976 4562 39 35 of
2031 4562 55 33 his
2102 4562 209 39 electioneer-

1216 4606 65 47 ing
1294 4609 192 44 partizans,
1496 4613 117 35 would
1625 4620 82 28 turn
1723 4616 71 36 this
1808 4630 150 36 passage
1975 4620 76 36 into
2063 4635 159 27 common
2233 4620 72 49 Eng-

1214 4665 79 43 lish,
1310 4665 71 36 and
1397 4666 61 36 tell
1476 4679 52 31 us,
1554 4669 83 36 with
1663 4671 244 46 distinctness,'
1917 4676 94 46 What
2019 4677 39 44 is,
2080 4679 169 36 intended
2263 4691 44 25 un-

1214 4724 63 38 der
1293 4724 60 36 the
1370 4726 115 35 words
1784 4732 54 33 •of
1861 4734 150 50 religion
2011 4734 19 50 i
2090 4737 71 36 and
2184 4739 94 36 what
2299 4740 36 36 is.

1214 4784 74 36 that
1597 4789 39 35 of
1808 4787 19 47 .
1836 4791 90 46 from

1937 4795 19 44 .
1956 4795 101 44 which
2074 4795 27 35 it
2112 4797 28 33 is
2156 4798 173 46 proposed

1213 4850 35 30 to
1263 4846 145 35 achieve
1422 4857 22 24 a
1460 4846 241 35 deliverance?

1255 4926 38 36 If
1304 4928 58 36 the
1380 4926 113 39 words
1518 4926 39 36 of
1578 4926 69 36 Mr.
1676 4926 107 44 Ewalt
1783 4926 22 44 ;
1822 4929 175 44 however,
2025 4943 60 25 are
2101 4934 222 49 perplexing,

1247 4997 63 25 Lose
1326 4976 39 46 of
1376 4986 69 35 Mr.
1463 4984 181 47 Thornely
1660 4983 66 36 are'
1737 4983 233 54 Mounding!
2011 4991 110 36 'Here
2137 4987 30 39 is
2192 5005 22 24 a
2238 5006 85 33 gen-

1213 5043 131 38 tleman
1373 5044 91 41 who,
1499 5044 151 49 offering
1683 5043 142 38 himself
1855 5058 41 25 as
1921 5060 22 24 a
1973 5047 197 49 Candidate
2202 5043 38 44 to
2239 5043 19 44 -
2271 5063 35 25 re-

1209 5107 142 41 present
1380 5113 22 24 a
1428 5102 93 47 body
1553 5101 39 36 of
1617 5101 55 35 his
1706 5099 285 54 fell6W-subjects
2024 5107 38 35 in
2094 5107 227 46 Parliament,

1208 5159 112 36 under
1350 5173 22 22 a
1409 5159 246 36 Government
1688 5159 36 35 in
1762 5159 143 41 Church
1935 5165 71 35 and
2043 5165 101 38 State
2191 5180 39 24 as
2268 5181 36 24 es-

1209 5217 173 36 tablished
1398 5220 38 33 in
1455 5217 101 43 1688,
1583 5217 69 36 and
1669 5216 87 50 long
1770 5220 131 43 before,
1924 5222 69 36 and
2014 5224 113 36 under
2143 5236 22 25 a
2191 5225 131 38 Crown

1208 5265 112 47 which
1332 5277 123 35 claims
1471 5283 36 30 to
1523 5268 313 46 be.kcclesiastical
1846 5291 39 22 as
1894 5280 79 36 well
1984 5293 38 24 as
2033 5280 113 47 Civil;
2164 5285 69 35 and
2244 5285 77 38 who

1205 5340 72 39 yet,
1298 5335 30 35 is
1343 5335 154 49 actually
1528 5337 46 47 by
1595 5335 54 36 his
1676 5335 321 55 own:declaration,
2019 5345 65 30 not
2112 5343 83 46 only
2227 5343 30 35 is
2272 5356 47 24 no

1413 5394 39 36 of
1458 5395 60 36 the
1535 5394 148 38 Church.
1694 5395 38 36 of
1961 5400 63 33 but
2039 5411 20 22 a
2076 5395 157 44 member
2249 5402 39 35 of
2299 5414 20 22 a

1208 5450 85 33 rival
1310 5452 68 33 and
1395 5452 129 36 hostile
1764 5454 76 36 that
1855 5460 101 43 great
1969 5457 113 47 body,.
2094 5457 58 38 the
2167 5457 129 38 Dissen-

1208 5510 69 27 ters
1294 5507 38 33 of
1342 5507 115 36 Great
1728 5518 107 41 great
1844 5513 87 46 body
1942 5512 76 47 just
2027 5528 38 22 as
2076 5517 102 41 much
2187 5518 129 36 known

1206 5565 36 28 to
1261 5562 57 33 the
1335 5562 244 44 Constitution
1603 5569 39 33 of
1665 5569 173 47 England,
1866 5583 39 22 as
1929 5573 30 33 is
1989 5572 58 35 the
2072 5573 247 49 Birmingham

1206 5616 162 47 Political
1387 5617 139 38 Union!
1576 5622 74 35 Not
1666 5627 165 38 satisfied,
1854 5633 71 35 too,
1943 5628 83 33 with
2046 5631 68 35 this
2129 5631 191 36 audacious

1206 5676 145 43 avowal,
1370 5687 44 25 on
1431 5674 60 36 the
1509 5676 65 47 lips
1586 5677 39 35 of
1636 5690 20 24 a
1672 5677 194 39 Candidate
1877 5682 52 35 for
1945 5696 20 22 a
1983 5691 76 30 seat
2076 5688 36 36 in
2129 5688 58 38 the
2202 5690 93 47 Impe-

1205 5737 65 38 rial
1287 5735 219 41 Parliament
1521 5735 41 35 of
1581 5732 113 38 Great
1720 5735 135 38 Britain
1882 5742 68 36 and
1976 5743 151 47 Ireland,
2146 5748 60 41 the

2219 5761 101 36 .poor

1203 5795 211 41 bewildered
1433 5795 203 50 gentleman
1663 5806 87 38 goes
1767 5809 57 22 on.
1839 5792 145 44 to•show
2013 5814 52 30 us,
2083 5803 38 36 in
2137 5805 54 39 the
2191 5805 19 39 ,
2222 5819 94 24 same

1203 5855 132 43 breath,
1365 5855 60 38 the
1443 5855 255 50 Anti-English
1729 5857 102 38 fruits
1865 5849 39 46 of
1932 5858 101 38 those
2058 5861 258 50 Anti-English

1203 5907 209 55 principles;
1436 5917 55 33 for
1506 5915 43 36 he
1565 5928 151 35 vapours
1743 5918 184 47 (unhappy
1951 5932 82 22 man
2046 5924 24 41 !)
2088 5923 107 35 about
2220 5935 96 24 some

1203 5973 200 47 imaginary
1420 5973 214 49 Dissenting
1650 5976 145 41 virtues,
1809 5976 38 35 of
1858 5976 110 35 which
1980 5980 28 33 it
2022 5980 30 33 is
2061 5980 101 46 quite
2173 5981 143 47 enough

1203 6031 52 35 for
1271 6030 231 49 Englishmen
1520 6038 36 30 to
1573 6033 115 41 know,
1706 6033 76 36 that
1795 6033 150 49 English
1962 6035 77 41 law,
2054 6047 38 25 as
2109 6036 142 49 broadly
2276 6052 38 24 as

1203 6091 219 46 reasonably,
1441 6090 154 36 declares
1620 6091 96 36 them
1735 6093 112 35 vices!
1899 6091 99 36 With
2022 6106 39 22 so
2083 6096 104 35 much
2203 6096 93 38 child-

1203 6145 54 36 ish
1272 6146 69 50 and
1354 6148 222 47 melancholy
1584 6150 203 47 ignorance,
1802 6151 137 41 indeed,
1953 6151 83 33 does
2054 6150 68 35 Mr.
2132 6151 183 52 Thornely

1202 6208 91 33 strut
1317 6206 69 35 and
1413 6206 123 36 mouth
1561 6208 38 41 it,
1625 6208 38 35 in
1694 6208 55 35 his
1773 6206 214 47 Dissenting
2002 6209 98 44 garb,
2126 6211 104 38 while
2255 6214 58 36 the

1202 6265 109 38 world
1324 6266 31 35 is
1370 6265 176 49 laughing
1561 6271 36 31 at
1613 6266 49 36 its,
1672 6272 60 30 cat
1748 6266 71 38 and
1843 6265 346 49 trimmings,—that,
2217 6272 93 35 filled

1200 6324 85 36 with
1301 6324 60 35 the
1376 6324 82 49 god,
1476 6324 44 35 he
1534 6324 153 46 actually
1702 6324 197 47 proclaims,
2038 6321 90 49 hope
2143 6329 39 35 of
2192 6331 121 46 public

1198 6384 134 41 favour,
1350 6395 46 22 no
1413 6383 74 35 fear
1502 6383 39 35 of
1565 6384 120 46 public
1710 6384 230 47 displeasure,
1972 6378 88 35 shall
2077 6391 83 31 ever
2186 6389 128 36 induce

1198 6454 57 24 me
1271 6444 38 33 to
1317 6439 112 36 'flinch
1443 6439 88 36 from
1543 6441 77 35 that
1646 6446 101 43 great
1767 6438 173 50 principle
1957 6435 39 35 of
2009 6433 203 47 Protestant
2228 6444 63 39 Dis-

1198 6506 90 35 sent,
1302 6499 58 35 the
1380 6499 96 47 right
1487 6499 39 35 of
1537 6499 195 38 individual
1743 6498 194 49 judgment
1951 6493 36 33 in
2003 6501 145 36 matters
2164 6506 41 43 of
2214 6502 77 38 Reli-

1375 6556 50 35 As
1443 6554 30 36 if
1594 6562 102 41 great
1710 6551 175 50 principle
1902 6548 39 36 of
1954 6550 58 36 the
2038 6554 94 49 right
2157 6562 44 35 of•
2220 6562 72 38 indi-

1195 6613 120 38 vidual
1328 6611 191 49 judgment
1540 6616 38 35 in
1600 6619 146 30 matters
1780 6608 38 36 of
2057 6624 93 30 were
2180 6620 38 35 in
2241 6631 69 38 any

1195 6683 148 27 manner
1359 6672 157 44 peculiar
1528 6677 36 30 to
1625 6669 203 36 Protestant
2076 6685 38 25 as
2126 6677 31 35 if
2165 6680 28 33 it
2217 6691 93 25 were

1197 6735 61 30 not
1272 6729 58 36 the
1346 6739 159 24 common
1521 6726 173 49 principle
1713 6724 38 33 of
1761 6726 60 35 the
1838 6728 113 35 whole
1969 6724 203 46 Protestant
2180 6737 107 35 world
2299 6751 9 30 ;

1195 6800 39 24 as
1252 6787 30 35 if
1293 6787 28 35 it
1335 6795 96 25 were
1447 6791 63 30 not
1535 6786 60 33 the
1611 6780 184 49 published
1811 6784 71 36 and
1898 6784 164 49 practical
2077 6794 172 46 principle
2276 6797 41 35 of

1195 6847 60 35 the
1271 6843 139 38 United
1425 6839 143 36 Church
1583 6838 38 35 of
1631 6836 164 52 England
1819 6844 69 36 and
1906 6843 157 49 Ireland;
2090 6861 49 30 or,
2157 6863 38 22 as
2213 6852 30 33 if
2249 6854 60 35 the

1195 6902 169 47 adoption
1392 6898 69 35 and
1476 6896 214 47 application
1715 6902 39 35 of
1776 6904 76 35 that
1866 6902 172 49 principle
2052 6909 101 35 could
2176 6909 38 35 in
2239 6921 69 36 any

1195 6973 79 36 way
1288 6956 169 39 interfere
1474 6953 85 38 with
1575 6965 20 24 a
1611 6954 91 49 loyal
1721 6962 71 36 and
1817 6962 261 36 conscientious
2094 6965 214 38 attachment

1195 7027 38 31 to
1249 7006 76 49 that
1342 7011 154 44 Church,
1513 7025 38 24 as
1569 7027 77 25 now
1661 7019 47 47 by
1721 7020 65 36 law
1802 7019 213 38 established
2025 7022 8 33 !
2082 7022 72 36 But
2170 7022 69 36 this
2254 7025 36 49 ig-

1195 7082 129 35 norant
1339 7072 230 38 calumniator
1584 7076 39 35 of
1639 7077 58 36 the
1724 7080 220 35 institutions
1961 7077 41 36 of
2013 7079 52 38 his
2088 7085 161 43 country,
2266 7083 28 35 li-

1197 7137 90 38 bels.
1301 7135 94 35 them
1425 7132 146 36 because
1594 7135 44 36 he
1663 7137 83 35 does
1762 7143 63 28 not
1857 7135 214 38 understand
2099 7139 115 44 them;
2239 7142 69 35 and

1195 7195 181 47 performs,
1409 7192 142 49 agaii.St
1581 7194 150 44 himself,
1762 7195 69 44 and
1860 7192 224 47 beforaiand,
2109 7195 58 38 the
2191 7198 118 44 public

2446 143 83 47 duty
2564 146 39 35 of
2624 148 291 49 demonstrating,
2964 154 38 33 in
3038 156 153 44 practice
3219 156 109 50 along
3365 161 85 35 with
3485 157 57 35 the-

2446 213 72 35 ory,
2537 202 80 38 how
2639 206 124 47 totally
2786 206 88 36 unfit
2898 209 54 36 for
2975 224 30 22 a'
3016 217 77 30 seat
3115 214 38 35 in
3178 213 60 36 the
3268 213 228 55 Legislature
3526 213 38 35 of

2444 258 60 36 the
2521 258 194 50 Kingdom,
2734 265 30 33 is
2781 265 57 36 the
2855 279 82 24 man
2954 269 117 36 whose
3088 269 197 46 edUcation,
3310 276 98 46 early
3425 276 41 35 6r
3474 269 82 44 late,

2443 320 159 43 parental
2619 332 39 22 or
2674 320 246 47 self-selected,
2935 326 63 36 has
3013 331 91 35 been
3113 328 150 39 without
3276 331 58 38 the
3351 332 79 47 pale
3449 332 39 36 of
3499 317 60 49 the

2443 372 211 50 Kingdom's
2669 376 350 54 laws!—Subjoined
3041 387 30 33 is
3087 386 58 35 the
3170 391 150 36 amiable
3351 395 76 31 text
3443 387 115 39 which

2441 428 63 36 has
2532 436 162 44 supplied
2726 449 66 24 our
2814 447 252 43 commentary.
3115 443 69 35 Mr.
3203 446 194 49 Thornely,

2441 498 85 38 easy
2674 496 153 47 actually
2849 502 72 31 sets
2946 506 61 30 out
3031 501 83 36 with
3139 513 20 22 a
3186 501 77 39 half
3287 510 206 43 expression
3521 506 43 36 of

2441 550 164 44 Surprise,
2625 553 85 41 that,
2728 554 102 36 when
2844 557 150 47 offering
3006 559 145 36 himself
3162 561 52 35 for
3224 575 20 22 a
3254 569 76 30 seat
3340 565 36 33 in
3394 576 46 24 an
3458 565 72 47 Eng-

2439 602 72 38 lish
2529 605 228 47 Parliament,
2775 613 30 36 it
2817 616 31 31 is
2876 616 157 46 objected
3049 624 36 30 to
3101 617 72 35 him
3191 620 76 36 that
3290 622 44 35 he
3361 624 30 35 is
3455 628 63 30 not
3534 635 22 22 a

2438 665 156 41 member
2609 666 39 35 of
2660 668 57 35 the
2732 668 140 38 Church
2890 672 39 35 of
3129 690 113 24 —nor
3258 680 41 35 of
3318 680 60 36 the
3411 680 142 38 Church

2438 718 39 35 of
2485 718 165 41 Scotland
2663 728 60 31 !

2636 794 85 30 been
2734 794 157 33 informed
2921 798 68 39 that
3003 798 25 31 it
3050 802 27 30 is
3091 802 146 38 objected
3252 808 31 27 to
3310 816 52 20 me
3386 806 69 33 that
3468 808 17 31 I
3499 819 50 30 am

2433 843 57 25 not
2502 850 19 19 a
2534 843 142 30 member
2690 844 36 30 of
2740 846 54 30 the
2809 846 128 33 Church
2953 850 36 28 of
3006 850 161 41 England.
3211 854 30 30 It
3261 854 27 31 is
3312 858 154 41 perfectly
3482 863 68 27 true

2433 887 68 33 that
2529 890 16 31 I
2570 901 52 20 am
2649 904 61 20 one
2726 894 35 30 of
2778 894 69 33 that
2868 894 90 44 great
2984 901 101 41 Body,
3107 902 55 31 the
3187 906 183 38 Dissenters
3391 910 36 30 of
3452 910 98 31 Great

2433 935 134 43 Britain,
2597 942 68 31 who
2690 943 88 33 build
2792 942 94 36 'their
2913 961 69 19 own
2998 962 106 28 paces
3126 954 36 30 of
3178 954 151 43 Worship
3345 957 63 31 and
3427 970 61 30 pay
3502 961 47 30 for

2431 986 94 39 them,
2551 991 68 30 who
2647 994 80 30 elect
2742 994 83 31 their
2838 1006 69 20 own
2935 998 164 41 Ministers
3115 1003 63 30 and
3200 1011 131 35 support
3348 1008 202 38 them,—and

2430 1047 41 20 on
2499 1038 191 43 the'snbjeCt
2704 1044 36 28 of
2756 1054 55 31 my
2825 1055 68 20 own
2921 1047 150 43 religious
3099 1054 156 38 opinions,
3279 1066 33 20 as
3337 1057 16 30 I
3373 1057 79 33 have
3474 1069 74 20 ever

2428 1087 82 31 been
2537 1090 33 30 in
2594 1091 161 33 reference
2781 1098 33 27 to
2839 1096 113 39 others,
2983 1099 54 31 the
3060 1110 98 22 warm
3183 1102 118 33 Friend
3329 1107 36 30 of
3383 1107 165 43 Religious

2430 1137 140 43 Liberty,
2589 1140 65 31 and
2677 1142 16 30 I
2706 1140 120 35 believe
2841 1145 77 31 have
2942 1146 113 38 joined
3082 1150 33 31 in
3129 1161 93 33 every
3239 1154 142 33 Petition
3394 1157 71 30 that
3490 1159 57 30 has

2427 1187 80 35 been
2521 1192 169 36 presented
2701 1194 83 30 from
2805 1195 63 31 this
2882 1197 99 31 Town
3003 1198 33 31 in
3049 1202 113 31 favour
3175 1205 36 28 of
3227 1205 146 31 Catholic
3395 1208 131 31 Emanci-

2425 1238 118 39 pation,
2559 1250 35 19 so
2619 1241 33 30 in
2677 1254 55 28 my
2745 1254 69 20 own
2841 1257 71 20 case
2929 1247 14 31 I
2959 1249 71 41 give
3047 1258 61 31 you
3134 1252 63 31 this
3225 1249 178 46 assurance,
3420 1258 68 31 that
3504 1269 41 22 no

2425 1287 80 41 hope
2521 1290 35 30 of
2572 1291 107 39 public
2699 1293 120 41 favour,
2844 1307 43 20 no
2901 1298 68 33 fear
2991 1301 35 30 of
3041 1302 109 39 public
3167 1296 192 50 displeasure
3375 1309 83 33 shall
3471 1321 74 20 ever

2424 1334 115 43 Induce

2550 1342 76 38 .me:
2638 1343 143 33 to•flinch
2809 1346 80 31 from
2915 1350 69 31 that
3008 1357 91 33 great
3124 1356 159 41 principle
3309 1359 36 30 of
3362 1356 183 36 Protestent

2425 1386 140 46 Dissent,
2608 1391 52 31 the
2688 1394 85 43 right
2800 1398 36 30 of
2866 1397 175 36 individual
3071 1405 175 41 judgment
3285 1406 33 35 in
3353 1402 131 41 matters
3512 1413 35 30 of

2701 1436 3 39 '

2466 1499 83 38 And
2562 1515 52 25 we
2628 1507 109 46 speak
2751 1509 47 36 all
2819 1510 99 38 those
2934 1513 121 50 things
3071 1521 195 47 .earnestly,
3280 1524 71 36 and
3365 1535 54 27 we
3433 1531 104 43 speak

2420 1550 106 50 them,
2545 1565 69 39 too,
2628 1565 85 33 with
2726 1569 211 36 confidence.
2986 1573 79 36 The
3077 1575 249 43 Church—the
3339 1583 198 52 Monarchy

2417 1616 79 35 —is
2512 1617 181 50 avowedly
2709 1625 131 47 sought
2855 1631 35 30 to
2907 1628 44 35 be
2965 1631 102 35 made
3080 1646 20 22 a
3113 1646 87 36 prey
3216 1650 9 30 ;
3252 1638 58 36 the
3329 1639 134 39 hounds
3477 1657 60 24 are

2419 1676 36 31 in
2472 1674 61 35 full
2551 1674 80 50 cry;
2658 1680 44 33 its
2718 1685 156 35 enemies
2890 1698 60 24 are
2965 1691 124 44 active,
3118 1694 68 35 and
3214 1696 82 47 they
3320 1698 106 38 know
3444 1702 93 36 what

2417 1731 83 47 they
2521 1745 60 24 are
2606 1735 128 46 about;
2761 1742 46 31 its
2827 1739 131 38 friends
2976 1757 60 22 are
3054 1753 63 30 not
3132 1762 38 22 so
3186 1754 104 33 much
3317 1756 164 43 inactive,
3499 1772 38 22 as

2419 1787 82 49 they
2517 1803 60 24 are
2598 1795 220 36 uninformed
2836 1798 39 35 of
2899 1800 93 36 what
3019 1805 117 38 would
3150 1808 44 35 be
3211 1809 93 38 their
3321 1811 87 36 loss!
3457 1816 79 36 The

2417 1846 142 55 Rpforrn
2584 1850 39 35 of
2644 1850 228 49 Parliament,
2901 1860 69 35 and
2997 1861 60 36 the
3087 1861 157 43 General
3274 1869 175 44 Election,
3474 1887 60 24 are

2416 1902 115 39 hailed
2548 1920 39 22 as
2598 1909 60 35 the
2666 1921 123 27 means
2806 1917 39 33 of
2857 1917 58 35 the
2926 1918 216 39 destruction
3153 1924 131 49 sought
3296 1929 76 46 for;
3391 1931 69 35 and
3469 1932 28 33 it
3504 1932 30 33 is

2416 1962 57 36 the
2499 1964 219 46 Dissenters,
2751 1972 202 52 Dissenting
2953 1972 20 52 .
3003 1978 241 46 Protestants,
3276 1986 74 36 real
3381 2000 41 24 or
3452 2002 60 35 pre-

2414 2020 139 44 tended,
2584 2025 112 36 which
2712 2028 102 38 make
2962 2043 104 39 great
3238 2043 77 36 thot
3329 2050 82 41 puts
3438 2047 99 36 itself

2414 2076 148 41 forward
2578 2087 36 30 to
2630 2083 58 36 the
2706 2088 109 35 work.
2863 2090 71 36 For
2957 2091 216 50 Dissenting
3198 2096 235 50 Protestants,
3457 2106 72 35 real

2414 2145 38 22 or
2460 2139 203 44 pretended,
2674 2146 36 30 to
2723 2143 140 36 address
2872 2148 213 36 themselves
3099 2154 38 30 to
3151 2150 356 57 Dissenting'Protes-

2414 2195 102 36 tants,
2534 2195 74 35 also
2622 2197 72 36 real
2707 2213 39 22 or
2757 2205 205 41 pretended,
2978 2206 33 33 is
3025 2209 150 43 natural,
3192 2213 69 35 and
3272 2227 82 36 may
3369 2219 120 38 insure
3507 2233 20 22 a

2411 2247 150 36 suitable
2575 2258 121 31 return
2707 2258 123 41 ;—but
2841 2258 55 35 for
2923 2260 225 43 Churchmen
3162 2272 35 30 to
3211 2269 90 36 elect
3323 2272 205 41 Dissenters

2413 2306 83 43 (and
2513 2306 38 35 in
2561 2309 104 36 times
2680 2313 71 36 like
2770 2315 115 46 these)
2896 2320 118 35 would
3022 2323 44 35 be
3082 2326 156 46 political
3249 2329 156 50 insanity
3416 2306 6 74 !
3449 2335 77 36 The

2411 2362 131 49 People
2572 2367 46 46 of
2633 2365 283 50 Englancl-the
2945 2376 93 49 body
3063 2383 41 35 of
3121 2383 235 49 Englishmen
3381 2392 77 36 who
3482 2394 44 35 do

2408 2428 60 28 not
2483 2422 134 35 dissent
2630 2422 87 36 from
2734 2428 58 35 the
2808 2433 154 46 religion
2978 2438 71 35 and
3063 2441 173 47 religious
3254 2446 219 39 institutions
3493 2454 39 33 of

2408 2479 323 50 England—these,
2748 2490 69 36 too,
2836 2499 60 24 are
2923 2498 22 16 ‘,
2956 2506 20 22 a
2995 2501 101 39 great
3263 2504 69 35 and
3356 2518 60 24 are
3441 2509 61 47 hap-

2406 2539 69 49 pily
2494 2539 39 36 of
2540 2539 148 35 another
2698 2542 121 35 mould
2830 2546 9 30 f
2879 2545 63 36 'To
2954 2550 96 33 them
3063 2553 30 31 is
3107 2565 65 22 our
3183 2561 124 44 appeal
3318 2576 11 28 ;
3354 2564 60 35 the
3424 2565 80 36 Elec-

2406 2598 74 35 tion
2499 2598 28 35 is
2548 2598 60 35 the
2631 2597 69 49 day
2723 2598 41 35 of
2783 2600 99 44 trial;
2909 2605 71 33 and
2995 2606 28 33 it
3039 2606 31 33 is
3085 2619 47 24 no
3146 2614 161 36 needless
3323 2620 110 36 alarm
3449 2625 74 35 that

2405 2669 128 30 we,are
2543 2657 151 46 seeking
2712 2663 35 31 to
2761 2661 134 33 create!
2945 2661 79 36 The
3038 2666 113 35 entire
3164 2679 148 41 country
3326 2679 99 46 rings
3438 2682 83 33 with

2405 2715 55 36 the
2477 2717 137 46 danger
2627 2713 113 38 which
2756 2729 54 24 we
2825 2731 88 35 urge
2931 2732 96 35 upon
3044 2723 93 36 them
3148 2739 60 20 :

2474 2795 68 31 The
2570 2805 71 22 case
2668 2795 38 31 of
2918 2809 71 33 says
3014 2814 20 20 a
3061 2803 135 31 London
3225 2805 197 44 Newspaper
3450 2813 66 39 (the

2400 2843 106 44 Atlas)
2532 2847 38 31 of
2586 2847 63 31 this
2674 2847 99 41 week,
2835 2861 101 31 grows
2951 2855 129 30 serious.
3137 2857 31 30 It
3195 2857 27 30 is
3255 2861 195 33 surrounded
3479 2865 38 41 by

2398 2898 187 39 implacable
2603 2901 148 31 enemies.
2794 2902 69 30 The
2879 2904 131 31 Church
3030 2906 27 28 is
3082 2906 115 41 falling
3217 2907 101 41 down,
3335 2910 65 35 like
3414 2924 19 19 a
3447 2915 52 43 sky-

2398 2948 110 31 rocket
2534 2950 69 33 that
2622 2956 85 27 went
2732 2964 41 28 up
2798 2953 33 30 in
2858 2954 131 36 ablaze,
3014 2954 61 30 and
3104 2954 25 33 is
3151 2957 99 43 likely
3250 2965 72 28 —to
3351 2964 123 35 borrow
3496 2980 19 20 a

2397 2995 135 44 thought
2543 3002 83 31 from
2649 3013 19 20 a
2682 3006 317 38 contemporary—to
3019 3016 90 22 come
3123 3006 91 35 down
3233 3020 43 24 an
3290 3014 225 44 extinguished

2439 3121 83 44 But,
2539 3126 31 35 if
2587 3126 71 38 this
2682 3128 39 35 is.
2734 3129 113 47 really
2861 3142 50 30 so,
2932 3131 28 35 it
2984 3132 30 36 is
3038 3134 85 38 time
3145 3135 54 38 for
3222 3139 233 49 Englishmen
3477 3146 33 33 to

2395 3181 99 47 rally,
2513 3184 71 35 and
2598 3197 47 24 no
2661 3184 128 50 longer
2811 3194 38 30 to
2872 3191 117 47 bandy
3008 3194 302 39 milk-and-water
3335 3202 175 46 mincings

2394 3239 83 36 with
2493 3239 219 47 Dissenters,
2737 3257 38 24 or
2797 3246 85 38 with
2898 3247 169 39 Jacobins
3091 3254 112 36 under
3222 3255 57 36 the
3298 3257 213 49 Dissenting

2392 3309 113 25 name.
2677 3315 93 36 your
2798 3309 106 39 tents,
2934 3306 35 36 0
3178 3312 69 36 and
3309 3313 112 36 Come
3449 3324 61 27 out

2392 3357 85 35 from
2493 3357 60 36 the
2576 3361 106 35 midst
2707 3364 39 33 of
2910 3365 85 41 will,
3013 3367 54 35 for
3085 3369 101 36 these
3211 3383 154 30 reasons,
3383 3373 44 36 be
3444 3386 63 24 our

2389 3427 79 22 own
2485 3416 82 35 loud
2580 3417 69 35 and
2658 3422 178 35 continual
2860 3424 99 35 cries.
3008 3424 58 36 No
3090 3427 118 43 doubt,
3227 3428 99 35 there
3350 3430 30 35 is
3403 3443 22 22 a
3449 3431 39 36 de-

2350 3472 2 60 '
2387 3472 106 36 mand
2517 3472 54 36 for
2633 3476 142 38 Church
2992 3487 54 31 set
3069 3494 46 36 up
3140 3487 46 44 by
3211 3498 146 35 persons
3383 3490 123 36 within

2387 3528 58 36 the
2471 3529 143 39 Church
2641 3534 99 35 itself
2750 3548 9 31 ;
2784 3537 63 35 but
2871 3537 60 36 the
2954 3539 150 38 demand
3121 3542 271 41 without-doors
3408 3550 30 35 is
3452 3542 55 44 for

2387 3587 142 36 Church
2556 3589 246 38 Annihilation
2817 3597 294 41 ;—annihilation
3145 3602 38 33 of
3209 3602 58 36 the
3296 3605 143 38 Church
3466 3620 38 25 as

2384 3650 79 41 part
2479 3647 69 35 and
2570 3650 117 44 parcel
2704 3650 38 33 of
2761 3650 58 36 the
2836 3650 99 38 State
2945 3655 129 43 ;—and
3090 3658 28 33 it
3132 3660 30 35 is
3178 3661 38 33 in
3233 3661 58 35 the
3310 3665 191 46 ignorance

2384 3702 69 35 and
2466 3704 263 50 inconsistency
2745 3709 41 35 of
2803 3707 235 47 Churchmen,
3057 3715 69 35 and
3148 3721 63 33 not
3233 3720 38 33 in
3291 3720 60 35 the
3380 3724 104 36 bitter-

2384 3770 80 24 ness
2480 3761 69 33 and
2564 3764 222 49 consistency
2803 3765 39 33 of
2852 3764 90 36 their
2959 3761 131 57 raging
3099 3775 167 43 enemies,
3282 3776 77 36 that
3373 3791 52 25 we
3441 3794 60 24 are

2383 3820 36 30 to
2436 3816 137 35 discern
2589 3814 60 41 the
2666 3824 71 33 real
2751 3824 101 46 signs
2865 3819 46 38 'of
2926 3827 145 49 danger.
3121 3828 68 38 We
3219 3833 104 36 know
3335 3836 164 50 nothing,

2383 3876 35 33 in
2431 3876 58 35 the
2504 3887 104 22 mean
2624 3879 96 41 time,
2745 3880 39 35 of
2805 3879 60 35 the
2879 3880 154 47 Church,
3054 3887 63 33 but
3132 3899 38 22 as
3186 3891 30 33 it
3230 3893 30 33 is
3276 3893 58 35 the
3351 3894 124 36 founda-

2383 3932 74 36 tion
2469 3932 39 38 of
2529 3932 57 38 the
2613 3932 206 52 Monarchy,
2835 3935 113 41 andas
2956 3942 77 38 that
3046 3943 148 38 without
3208 3950 115 36 which
3340 3953 60 36 the
3414 3953 54 36 Mo-

2380 3991 131 49 narchy
2532 3992 102 36 could
2658 3992 87 38 have
2772 4006 47 25 no
2841 3995 137 41 further
3005 4003 200 44 existence;
3230 4008 69 35 and
3315 4022 54 24 we
3392 4013 104 36 know

2380 4049 151 49 nothing
2545 4052 39 35 of
2595 4050 216 44 Dissenters,
2830 4066 39 24 or
2883 4057 39 33 of
2929 4058 85 36 such
3025 4072 39 24 as
3079 4071 107 38 usurp
3203 4061 60 36 the
3280 4065 213 57 Dissenting

2378 4118 115 30 name,
2521 4117 126 39 except
2669 4124 39 22 as
2735 4110 83 50 they
2839 4115 101 35 boast
2964 4115 209 38 themselVes
3195 4120 58 35 the
3279 4131 157 33 enemies
3460 4132 41 33 of

2378 4161 74 38 that
2466 4162 170 49 Spiritual
2650 4167 231 50 Prerogative
2899 4173 38 36 of
2948 4173 60 36 the
3022 4175 143 43 Crown,
3181 4178 148 36 without
3343 4184 58 33 the
3414 4198 60 33 pos-

2375 4220 135 36 session
2534 4224 39 33 of
2595 4224 112 38 which
2734 4227 58 38 the
2817 4230 98 47 royal
2945 4243 132 25 wearer
3107 4231 38 36 of
3170 4233 57 36 the
3244 4235 131 39 Crown
3400 4249 93 30 must

2375 4287 112 30 cease,
2504 4279 90 31 from
2608 4280 60 33 the
2683 4293 87 35 very
2794 4290 88 30 term
2899 4287 104 39 itself,
3019 4291 38 28 to
3068 4290 83 31 bear
3159 4290 65 44 the,
3241 4302 101 25 name
3359 4296 41 35 of
3414 4298 54 35 Mo-

2376 4332 106 35 narch
2499 4332 6 57 !
2534 4334 43 35 In
2591 4335 58 33 the
2663 4339 159 33 columns
2835 4342 39 31 of
2882 4353 63 20 our
2962 4354 206 35 newspaper
3184 4357 54 22 we
3260 4361 58 22 are
3334 4362 49 22 no
3395 4354 79 33 theo-

2375 4391 140 46 logians
2526 4405 11 31 ;
2554 4392 140 36 neither
2710 4394 87 36 have
2811 4408 55 24 we
2877 4398 178 47 anything
3068 4406 36 30 to
3120 4402 43 35 do
3181 4405 52 43 (at
3249 4406 90 35 least
3348 4409 38 33 in
3402 4413 71 44 poli-

2375 4447 80 36 tical
2468 4454 244 46 controversy)
2740 4450 91 38 with
2841 4465 69 38 any
2923 4460 110 31 man's
3047 4458 170 50 religious
3239 4465 175 47 opinions,
3430 4480 41 25 ex-

2373 4512 79 41 cept
2468 4520 38 22 as
2518 4509 60 35 the
2591 4504 150 49 hollers,
2751 4523 39 24 or
2802 4515 194 46 pretended
3003 4517 139 38 holders
3153 4521 39 35 of
3202 4521 98 38 those
3312 4524 178 49 opinions,

2375 4565 99 36 think
2502 4580 129 36 proper
2655 4575 35 30 to
2718 4570 148 50 identify
2891 4573 76 36 that
2995 4576 146 52 holding
3164 4581 85 36 with
3276 4595 46 24 an
3346 4597 143 39 express

2373 4624 157 49 hostility
2548 4631 36 30 to
2609 4641 65 24 our
2688 4628 224 41 Established
2934 4635 258 49 Government,
3208 4655 22 20 a
3243 4654 244 38 government,

2370 4683 46 46 by
2433 4683 44 35 its
2493 4683 74 36 first
2581 4687 202 49 principles,
2802 4698 61 30 not
2879 4706 98 25 more
2989 4701 170 43 temporal
3173 4701 82 35 than
3274 4704 27 33 it
3323 4706 30 33 is
3370 4707 101 43 spirit-

2370 4742 69 41 ual,
2457 4754 39 22 or
2510 4750 63 30 not
2586 4743 69 38 less
2671 4746 162 49 spiritual
2847 4750 85 38 than
2956 4753 30 35 it
3002 4754 30 35 is
3050 4759 169 46 temporal
3230 4773 79 31 ;—a
3323 4759 140 39 Govern-

2369 4806 99 28 ment
2482 4802 121 43 which,
2622 4805 30 33 if
2666 4805 30 35 it
2712 4817 91 25 were
2822 4814 61 28 not
2899 4811 162 46 spiritual
3083 4820 38 30 at
3143 4816 58 35 the
3219 4828 96 22 same
3334 4817 94 46 time,
3447 4835 41 24 or

2369 4869 90 24 even
2474 4860 118 38 before
2608 4865 28 33 it
2652 4865 30 33 is
2699 4868 180 44 temporal,
2898 4876 106 35 must,
3020 4872 87 35 from
3131 4874 44 33 its
3189 4883 87 35 very
3291 4879 137 43 nature,
3441 4882 43 35 be

2367 4928 132 38 among
2524 4918 60 38 the
2605 4928 93 30 most
2721 4923 159 49 frightful
2909 4928 41 35 of
2970 4932 192 43 tyrannies.
3213 4929 68 36 We
3298 4931 104 41 know
3420 4951 43 24 no-

2369 4973 113 50 thing,
2493 4976 36 36 in
2545 4976 71 38 like
2631 4992 159 31 manner,
2811 4984 39 33 of
2861 4984 60 36 the
2932 4984 135 50 Clergy
3077 4987 39 36 of
3129 4987 57 36 the
3197 4987 285 52 Establishment,

2367 5035 61 35 but
2449 5047 39 22 as
2504 5035 83 47 they
2603 5049 60 24 are
2682 5038 60 36 the
2765 5047 159 31 servants
2934 5044 41 35 of
2995 5044 57 36 the
3074 5044 208 36 State—the
3304 5047 178 43 ministers

2365 5093 191 46 appointed
2584 5094 54 36 for
2660 5096 60 36 the
2745 5098 143 49 People.
2940 5101 68 38 We
3027 5117 58 22 are
3110 5107 63 30 not
3189 5102 194 52 bestirring
3403 5123 60 25 our-

2364 5151 115 35 selves
2494 5153 106 38 about
2617 5167 69 35 any
2702 5157 126 41 minor,
2844 5161 79 41 and,
2934 5162 39 33 in
2989 5162 60 35 the
3065 5165 106 30 worst
3184 5165 117 38 event,
3315 5173 71 38 any
3400 5180 61 27 con-

2364 5209 145 49 cluding
2524 5214 176 44 question,
2718 5216 83 35 such
2822 5228 39 22 as
2887 5219 117 35 would
3019 5220 43 35 be
3090 5219 74 35 that
3180 5220 41 33 of
3241 5219 60 36 the
3318 5230 161 39 personal

2364 5268 165 36 interests
2542 5269 43 36 of
2594 5271 58 35 the
2668 5274 157 47 existing
2838 5274 157 49 Clergy;
3020 5279 65 33 but
3099 5280 107 31 about
3224 5279 58 35 the
3296 5287 101 41 great
3414 5288 68 33 and

2362 5324 167 38 foremost
2553 5331 164 44 question
2742 5331 113 50 which
2871 5345 170 27 concerns
3058 5335 58 35 the
3132 5339 184 44 perpetual
3334 5340 145 50 People,

2362 5384 106 36 —the
2493 5387 82 46 only
2606 5386 241 49 People—the
2877 5392 85 44 only
2989 5391 132 49 People
3153 5394 39 35 of
3217 5395 69 36 this
3312 5402 107 35 realm
3447 5405 38 35 of

2364 5441 164 49 England
2537 5446 135 44 ;—that
2688 5447 41 41 is,
2748 5446 58 36 the
2822 5446 140 38 faithful
2984 5450 157 47 subjects
3159 5452 38 36 of
3209 5454 58 36 the
3290 5455 140 47 Crown,
3433 5482 47 6 —

2364 5501 60 35 the
2446 5502 93 47 loyal
2559 5502 71 35 and
2654 5502 151 38 devoted
2816 5507 153 47 subjects
2998 5509 39 35 of
3058 5509 74 36 that
3148 5510 153 47 Throne,
3320 5520 159 46 spiritual

2362 5559 69 35 and
2441 5561 180 46 temporal,
2633 5562 110 36 which
2757 5564 61 35 has
2833 5565 80 36 held
2926 5580 22 22 a
2959 5565 151 47 Nassau,
3126 5572 69 35 and
3211 5584 93 36 upon
3321 5576 115 39 which
3449 5581 30 33 is

2362 5617 126 47 sitting
2506 5630 20 22 a
2545 5617 219 39 Brunswick.
2830 5622 35 35 It
2888 5625 31 33 is
2951 5627 54 33 for
3035 5627 58 35 the
3126 5628 132 49 People
3277 5635 202 44 only—and

2359 5674 54 35 for
2427 5676 58 35 the
2504 5674 162 52 People's
2679 5677 154 44 Church,
2852 5680 58 36 the
2929 5680 140 39 Church
3087 5685 39 35 of
3137 5687 165 49 England
3318 5691 69 36 and
3403 5691 55 38 Ire-

2359 5732 104 46 land;
2479 5735 71 35 and
2564 5735 52 36 for
2627 5735 74 36 that
2718 5735 142 38 Church
2866 5740 83 46 only
2956 5753 39 22 as
3005 5743 28 33 it
3047 5743 28 33 is
3087 5743 58 35 the
3161 5745 206 39 foundation
3376 5751 39 33 of
3417 5751 60 36 the

2359 5791 206 49 Monarchy,
2587 5794 71 35 and
2674 5795 74 36 that
2764 5797 146 38 without
2923 5798 124 44 which,
3063 5802 139 36 neither
3213 5805 36 35 in
3266 5805 68 36 fact
3346 5819 65 24 nor
3438 5811 38 35 in

2359 5861 115 31 name,
2488 5852 104 35 could
2608 5854 98 35 there
2731 5855 43 35 be
2797 5868 71 35 any
2888 5857 153 49 English
3063 5872 66 22 nor
3153 5861 102 36 other
3280 5865 194 52 Monarchy

2359 5909 176 38 whatever
2548 5912 90 43 ;—it
2658 5913 30 33 is
2710 5912 54 35 for
2786 5913 71 35 this
2876 5915 76 35 that
2970 5928 55 25 we
3046 5920 109 35 bestir
3176 5923 178 38 ourselves
3364 5928 112 41 ;—for

2357 5967 69 35 this
2439 5969 76 35 that
2531 5981 54 24 we
2600 5970 66 35 call
2683 5983 93 35 upon
2800 5972 58 36 the
2879 5973 113 36 whole
3009 5975 132 49 People
3161 5983 36 30 to
3225 5980 112 38 bestir
3362 5983 88 38 them-

2357 6027 113 35 selves
2480 6027 129 43 ;—and
2624 6027 54 36 for
2693 6028 71 36 this
2781 6028 140 38 Church
2937 6031 30 35 it
2987 6033 30 33 is
3035 6031 74 36 that
3123 6046 52 24 we
3192 6036 71 35 will
3277 6038 44 35 do
3337 6052 65 24 our
3417 6049 36 30 ut-

2356 6090 102 35 most,
2474 6098 38 22 as
2528 6085 80 36 well
2627 6091 38 30 to
2679 6087 128 36 defend
2830 6090 28 33 it
2882 6090 142 46 against
3047 6091 46 33 its
3120 6094 159 36 external
3304 6101 167 43 enemies,

2356 6156 39 24 as
2405 6148 38 31 to
2455 6154 126 25 arouse
2605 6143 47 35 its
2676 6145 164 49 sleeping
2855 6146 131 47 family,
3005 6148 69 35 and
3099 6153 35 30 to
3162 6150 104 36 make
3283 6153 110 43 (what
3417 6170 54 24 we

2356 6202 137 36 believe
2517 6202 104 35 much
2636 6203 151 44 needed)
2806 6205 46 35 its
2880 6205 126 36 honest
3030 6205 254 46 well-wishers,
3310 6211 38 36 in
3375 6227 96 24 some

2354 6260 180 36 moderate
2565 6260 143 49 degree,
2737 6266 38 31 at
2805 6263 99 43 least,
2929 6260 115 43 aware
3074 6265 39 36 of
3135 6265 46 36 its
3208 6272 77 30 vast
3315 6271 154 46 political

2354 6318 115 41 value,
2482 6318 87 35 both
2584 6331 38 22 as
2646 6320 58 35 the
2729 6321 200 47 legitimate
2951 6335 123 24 source
3096 6323 39 36 of
3153 6323 50 35 all
3219 6324 77 47 just
3318 6342 129 35 govern-

2353 6381 99 31 ment
2471 6387 132 36 among
2625 6387 52 30 us,
2696 6378 68 35 and
2787 6391 38 24 as
2847 6380 58 36 the
2928 6383 118 46 origin
3061 6381 69 35 and
3146 6381 123 49 refuge
3285 6387 41 35 of
3342 6389 47 36 all
3406 6403 65 25 our
3506 6378 2 52 '

2354 6436 169 41 liberties,
2540 6435 93 35 alike
2649 6436 83 35 civil
2742 6436 71 36 and
2822 6439 183 47 religious.
3060 6439 167 36 Without
3255 6446 85 36 such
3356 6460 90 27 warn-

2354 6496 76 46 ing,
2449 6494 68 35 and
2529 6493 150 36 without
2690 6494 83 36 such
2787 6496 209 49 knowledge
3014 6498 39 35 of
3063 6498 60 35 the
3137 6501 156 38 treasure
3310 6506 112 38 which
3438 6510 30 33 is

2353 6557 39 30 at
2403 6553 83 41 risk,
2502 6564 54 24 we
2569 6564 82 35 may
2666 6551 139 47 happen
2819 6557 38 33 to
2872 6567 61 24 use
2956 6569 66 22 our
3038 6554 143 38 Church
3197 6567 39 28 as
3249 6572 54 27 we
3315 6576 63 25 use
3403 6580 65 24 our

2351 6611 101 35 other
2465 6609 142 39 friends,
2622 6609 69 35 and
2707 6620 38 24 as
2759 6622 66 24 our
2839 6613 87 35 time
2939 6627 58 20 :

2543 6680 63 30 We
2622 6679 44 30 let
2677 6690 58 20 our
2748 6680 120 31 friends
2880 6693 72 28 pass
2969 6683 41 41 by
3024 6693 46 28 us,
3085 6683 65 30 like
3164 6691 57 22 our
3235 6685 83 46 time,

2507 6718 58 31 Till
2580 6720 68 38 they
2663 6729 54 19 are
2724 6723 194 36 yone,—and
2932 6723 71 28 then
3017 6734 43 19 we
3076 6732 60 20 SEE
3150 6732 55 19 our
3217 6729 71 31 crim
3288 6729 19 31 e

2395 6792 153 36 Neither
2567 6802 61 24 are
2647 6800 54 25 we
2721 6792 191 36 insensible
2929 6792 39 36 of
2980 6792 93 36 what
3087 6795 27 33 it
3129 6794 43 41 is,
3184 6794 77 39 that
3271 6802 38 36 in
3320 6805 143 38 defence

2351 6854 39 35 of
2402 6861 63 25 our
2477 6847 258 38 Ecclesiastical
2756 6847 287 46 Establishment,
3058 6863 55 24 we
3126 6863 58 22 are
3198 6855 109 41 called
3320 6874 96 36 upon
3428 6869 35 30 to

2350 6910 172 36 confront.
2572 6906 148 35 Besides
2742 6906 58 35 the
2824 6910 200 46 possibility
3049 6910 39 33 of
3110 6910 132 38 certain
3266 6920 176 38 misunder-

2350 6969 195 46 standings,
2559 6970 200 41 temporary
2773 6976 39 22 or
2824 6965 142 52 lasting,
2984 6967 85 36 with
3083 6967 57 35 the
3157 6967 172 44 followers
3346 6980 41 33 of
3403 6981 58 35 the

2350 7024 142 38 Church
2506 7020 222 43 themselves,
2745 7033 54 24 we
2806 7020 88 41 have
2904 7033 36 30 to
2961 7028 106 33 brave
3085 7025 44 35 its
3142 7033 143 35 avowed
3294 7038 167 43 enemies,

2350 7083 69 35 and
2428 7088 36 30 to
2477 7083 90 39 deal,
2576 7085 36 31 at
2620 7091 68 24 one
2702 7085 169 39 moment,
2887 7085 85 36 with
2984 7096 19 22 a
3019 7085 79 44 pert
3113 7083 69 35 and
3191 7090 65 50 smi
3255 7090 22 50 r
3277 7090 44 50 ki
3321 7090 44 50 ng
3384 7094 58 47 phi-

2350 7140 159 47 losophy,
2524 7139 80 43 and,
2619 7140 38 33 at
2672 7137 57 36 the
2746 7142 98 36 next,
2861 7143 85 35 with
2959 7154 20 22 a
2995 7140 203 50 grovelling
3211 7150 230 49 superstition
3441 7150 20 49 ;

2348 7202 94 35 vices
2458 7200 55 36 ofa
2529 7197 150 38 kindred
2699 7195 102 38 order
2817 7198 39 35 of
2866 7200 126 43 minds,
3011 7198 69 35 and
3098 7200 194 55 belonging
3306 7214 36 30 to
3356 7209 101 39 kind-

3602 161 60 35 red
3671 164 195 35 modicums
3876 162 39 33 of
3920 164 176 50 learning,
4112 169 164 43 however
4293 183 202 46 unfriendly
4512 178 49 35 the

3600 228 74 27 sors
3698 220 41 36 of
3750 217 85 39 each
3855 220 134 36 toward
4003 224 58 35 the
4087 227 101 36 other
4200 243 60 20 :

3709 287 83 33 Both
3806 285 153 43 claiming
3970 291 98 33 truth,
4083 294 65 33 and
4162 299 87 30 truth
4269 299 206 49 disclaiming

3600 342 68 41 We
3685 350 88 35 shall
3787 346 162 49 perform,
3964 350 175 49 however,
4151 370 65 25 our
4230 361 99 49 duty.
4378 365 35 39 W
4413 365 35 39 e
4461 380 58 25 are
4534 354 50 43 not
4591 342 6 88 6
4597 342 16 88 ;j

3597 402 66 49 ing
3671 405 216 43 wind-mills,
3898 409 139 36 neither
4046 411 88 39 have
4145 419 132 49 sought
4288 420 60 38 the
4362 428 145 33 contest.
4532 414 39 39 Th
4572 414 20 39 e

3597 458 139 49 indeed,
3753 466 43 39 is,
3811 465 38 33 in
3863 476 107 38 every
3983 479 91 39 way,
4088 487 83 25 save
4186 479 74 35 that
4271 480 39 35 of
4321 480 87 50 duty
4427 483 93 47 only,
4537 463 57 82 113c6t
4594 463 19 82 io

3598 517 139 54 inently
3753 521 137 50 painful
3910 528 38 31 to
3973 539 17 30 u
3991 539 17 30 s
4008 539 17 30 ,
4044 531 20 35 b
4065 531 20 35 u
4085 531 22 35 t
4126 534 13 35 i
4139 534 14 35 t
4173 535 17 36 s
4191 535 17 36 h
4208 535 17 36 a
4225 535 35 36 ll
4277 540 44 33 be
4337 542 156 36 fulfilled.
4537 528 76 79 Viol

3597 584 148 39 senters,
3773 594 39 22 or
3841 589 83 27 men
3957 587 135 49 styling
4128 592 211 41 themselves
4373 598 186 38 Dissenters
4559 598 19 38 ,

3595 635 129 39 chosen
3742 644 36 30 to
3803 638 87 35 form
3915 639 211 44 themselves
4146 650 76 36 into
4244 654 93 38 what
4353 658 83 47 they
4460 657 101 36 calla

3734 698 69 38 and
3814 701 36 30 to
3865 699 93 36 seize
3973 713 94 36 upon
4080 706 60 38 the
4491 701 121 71 Ref°°l.,

3595 753 175 49 affording
3786 754 58 36 the
3868 756 128 41 instru
3995 756 63 41 men
4058 756 22 41 t
4101 765 47 36 an
4148 765 25 36 d
4189 769 19 36 t
4208 769 19 36 h
4227 769 20 36 e
4269 772 85 35 time
4378 775 54 35 for
4449 756 164 80 overthrle,

3595 811 57 35 the
3676 813 257 44 Constitution,
3948 817 49 44 by
4005 830 47 24 an
4076 824 19 35 a
4094 824 38 35 tt
4132 824 39 35 ac
4172 824 20 35 k
4214 836 96 36 upon
4328 830 58 35 the
4403 820 154 58 spiritual
4573 820 19 28 si

3594 868 44 35 its
3660 876 184 30 structure.
3893 871 99 50 They
4011 888 98 25 come
4123 880 173 50 furiously
4315 888 71 36 and
4405 887 128 46 noisily
4545 876 22 71 ta
4567 876 22 71 ln
4589 876 24 71 ,y

3592 928 93 39 field,
3699 928 68 33 and
3783 932 153 43 promise
3950 932 209 41 themselves
4175 953 22 22 a
4211 945 134 35 certain
4369 946 143 46 victory.
4556 931 13 38 I
4569 931 14 38 t
4611 928 2 71 e

3592 987 63 30 not
3674 984 44 35 be
3740 997 63 24 our
3825 987 98 44 fault,
3942 992 38 35 in
4005 994 58 35 the
4080 998 202 44 meantime,
4301 1002 36 41 if,
4356 1009 61 30 not
4443 1003 80 44 only
4537 994 49 36 the

3591 1052 83 35 cape
3691 1054 47 22 no
3751 1046 85 35 total
3852 1046 17 46 d
3869 1046 17 46 e
3887 1046 17 46 f
3904 1046 36 46 ea
3940 1046 38 46 t,
3991 1052 20 35 b
4011 1052 44 35 ut
4071 1054 30 35 if
4110 1054 20 49 t
4131 1054 20 49 h
4151 1054 44 49 ey
4211 1057 22 35 d
4233 1057 22 35 o
4271 1066 63 28 not
4348 1065 106 33 retire
4463 1055 60 39 wit
4523 1055 20 39 h
4551 1046 49 57 thin
4600 1046 13 57 ,

3589 1098 117 36 ranks.
3756 1101 33 36 It
3803 1102 88 39 shall
3907 1113 63 30 not
3981 1110 44 33 be
4038 1121 65 24 our
4118 1112 96 43 fault,
4224 1115 31 35 if
4271 1117 189 38 thousands
4474 1117 38 36 of
4520 1102 72 46 their
4600 1098 13 54 l;

3589 1161 79 30 sent
3685 1161 164 36 numbers
3861 1164 44 35 do
3918 1170 63 30 not
3997 1169 77 44 quit
4088 1169 93 36 them
4198 1173 38 33 in
4250 1173 139 49 disgust
4398 1175 90 46 ;—if
4499 1164 113 63 thou°,

3586 1225 82 24 now
3696 1228 131 38 among
3843 1220 63 43 the
3906 1220 20 43 m
3926 1220 22 43 ,
3973 1224 22 35 d
3995 1224 22 35 o
4041 1231 63 30 not
4117 1227 19 39 h
4135 1227 77 39 erea
4213 1227 19 39 f
4231 1227 60 39 ter
4313 1235 101 35 blush
4427 1235 74 35 that
4518 1227 68 38 they
4597 1216 16 71 eti

3586 1272 112 36 called
3728 1276 211 38 themselves
3967 1279 39 41 Di
4006 1279 80 41 ssen
4087 1279 20 41 t
4107 1279 61 41 ers
4169 1279 20 41 !
4255 1288 33 36 W
4288 1288 35 36 e
4351 1291 88 38 shall
4468 1290 20 35 d
4488 1290 22 35 o
4543 1274 46 41 all,
4603 1255 9 36 t

4609 1306 3 41 ti

3586 1329 38 35 in
3639 1331 238 38 self-defence.
3926 1335 33 35 It
3973 1339 31 33 is
4022 1345 61 31 not
4110 1342 58 36 the
4192 1343 142 41 Church
4354 1350 113 35 which
4483 1332 99 50 attael`
4583 1332 14 50 s

3584 1384 219 47 Dissenters,
3825 1392 65 36 but
3910 1394 39 38 th
3950 1394 20 38 e
3997 1395 208 41 Dissenters
4227 1405 54 35 wh
4280 1405 27 35 o
4331 1408 19 35 a
4350 1408 38 35 tt
4387 1408 38 35 ac
4425 1408 20 35 k
4468 1405 55 35 the
4540 1389 46 43 Ch

4580 1376 11 99 c
4591 1376 11 99 v
4602 1376 11 99 ,

4600 1428 13 36 to

3583 1444 43 35 In
3639 1446 58 35 the
3712 1449 110 36 words
3841 1450 39 36 of
3891 1465 68 25 one
3983 1455 19 35 o
4002 1455 20 35 f
4038 1455 38 36 th
4076 1455 20 36 e
4110 1457 77 49 Whi
4187 1457 52 49 gs
4257 1461 17 35 i
4274 1461 19 35 n
4310 1463 57 36 the
4391 1465 121 36 House
4532 1449 33 41 of

4580 1485 33 31 ~.41

3581 1513 101 25 mons
3699 1506 38 35 in
3762 1506 101 46 1688,
3882 1512 44 46 sp
3926 1512 22 46 o
3948 1512 22 46 k
3970 1512 46 46 en
4038 1513 19 35 i
4057 1513 20 35 n
4093 1515 39 39 re
4132 1515 19 39 f
4151 1515 120 39 erence
4291 1524 36 30 to
4348 1521 94 49 relig
4443 1521 19 49 i
4461 1521 57 49 ous
4540 1517 72 58 e°s

3581 1561 39 33 of
3631 1562 148 38 another
3794 1565 277 47 denomination,
4088 1583 54 24 we
4157 1586 65 24 can
4238 1580 159 47 securely
4414 1592 17 35 s
4431 1592 57 35 ay,
4510 1569 63 41 that

4600 1608 13 25 1.

3578 1617 44 33 do
3635 1625 65 28 not
3709 1624 117 33 attack
3843 1624 91 35 their
3946 1628 151 46 religion
4115 1644 11 30 ;
4151 1643 54 25 we
4219 1633 44 36 do
4279 1636 63 35 but
4357 1636 126 36 defend
4499 1636 57 31 our

3581 1674 68 36 We
3665 1676 128 38 defend
3813 1680 58 35 the
3888 1680 170 39 National
4076 1685 142 39 Church
4238 1691 293 41 Establishment;
4551 1683 14 77 a
4565 1683 31 77 li
4597 1683 16 77 o

3578 1743 38 22 so
3633 1732 120 49 doing,
3772 1739 195 49 we_defend
3984 1740 57 35 the
4066 1742 224 41 foundations
4306 1753 69 33 and
4398 1753 58 35 the
4472 1743 107 50 supers

3578 1792 77 31 ture
3671 1791 39 33 of
3718 1791 60 36 the
3791 1792 110 38 whole
3918 1794 277 43 Establishment
4208 1805 41 33 of
4258 1805 58 36 the
4334 1806 110 39 State.

3619 1924 44 35 In
3693 1928 60 36 the
3773 1931 153 38 Address
3953 1934 39 36 of
4017 1934 96 38 Lord
4140 1937 154 47 Sandon,
4312 1946 61 36 the
4403 1950 90 33 view
4502 1940 87 55 pre%

3573 1981 46 36 by
3636 1983 58 33 the
3712 1984 115 36 Noble
3841 1991 129 41 writer,
3984 1994 39 33 of
4036 1992 57 38 the
4106 1995 195 39 difficulties
4318 2003 112 36 which
4441 1997 134 43 Burroto

3575 2017 102 46 West
3699 2028 102 38 India
3822 2031 148 52 Slavery
3995 2035 189 52 Question,
4200 2046 154 49 bespeak
4370 2061 22 25 a
4408 2038 178 49 discrituilla

3573 2090 148 43 temper,
3740 2088 72 36 and
3833 2090 115 38 habits
3972 2098 39 33 of
4027 2099 90 35 calm
4139 2102 266 50 investigation,
4431 2106 82 38 such
4529 2106 33 28 as
4578 2077 25 41 nlu

3570 2143 131 47 always
3723 2146 52 31 be.
3791 2157 131 36 among
3945 2150 60 35 the
4030 2153 88 38 least
4142 2157 220 47 dispensable
4384 2146 200 66 qualificati
4584 2146 19 66 °

3570 2213 20 24 a
3606 2200 283 50 Parliamentary
3901 2203 296 47 Representative
4208 2228 9 20 :

3641 2272 49 30 To
3704 2269 52 33 the
3778 2269 124 41 subject
3915 2274 36 30 of
3972 2274 148 33 Colonial
4321 2288 87 43 (says
4427 2291 49 30 his
4491 2265 109 55 Lordslli,

3606 2321 16 31 I
3636 2323 74 31 look
3723 2323 76 31 with
3813 2324 76 39 pain
3901 2324 66 31 and
3980 2335 117 22 sorrow
4107 2329 35 30 of
4153 2329 101 35 heart.
4296 2335 16 30 I
4329 2348 52 20 see
4395 2353 19 19 a
4427 2345 80 28 state
4518 2331 31 36 of

3569 2372 101 31 which
3693 2380 85 27 must
3795 2375 39 31 be
3860 2373 156 43 injurious
4036 2383 31 27 to
4090 2380 52 31 the
4170 2383 102 33 moral
4293 2389 164 35 condition
4477 2391 35 33 of
4531 2380 28 33 th
4559 2380 14 33 e

4600 2413 8 20 e

3569 2420 90 33 while
3683 2425 25 31 it
3728 2427 30 30 is
3767 2425 178 44 degrading
3967 2420 33 39 to
4019 2428 69 33 that
4101 2433 36 30 of
4153 2431 35 33 th
4187 2431 19 33 e
4231 2443 117 36 many;
4370 2449 19 20 a
4414 2446 79 28 state
4507 2433 33 36 of
4554 2424 69 115 #hoilti

3570 2469 98 36 which
3693 2480 121 27 cannot
3830 2474 43 35 an
3872 2474 22 35 d
3912 2479 19 31 s
3931 2479 19 31 h
3950 2479 38 31 ou
3987 2479 39 31 ld
4055 2487 57 30 not
4129 2483 19 44 l
4148 2483 58 44 ong
4228 2488 102 39 stand,
4356 2498 55 33 yet
4433 2498 55 27 out
4507 2483 31 36 of
4556 2461 68 60 vfrtl

3567 2521 90 33 when
3682 2526 99 31 taken
3795 2528 74 30 with
3883 2529 44 31 all
3945 2531 39 31 its
4005 2537 205 43 accompanyi
4209 2537 41 43 ng
4250 2537 20 43 ,
4293 2540 19 31 b
4312 2540 19 31 u
4331 2540 20 31 t
4364 2539 157 36 essential,
4542 2523 82 65 ciretil

3565 2575 134 38 stances,
3720 2587 46 20 we
3784 2578 82 30 have
3887 2583 254 47 no,experience
4154 2591 41 25 -to
4216 2591 96 38 guide
4334 2603 36 20 us
4392 2598 33 27 to
4444 2594 52 30 the

3564 2625 99 39 safely
3677 2627 65 28 and
3754 2627 272 43 advantageously
4039 2635 161 43 escaping.

3636 2672 16 30 I
3666 2683 50 19 see
3732 2674 148 31 involved
3894 2677 33 28 in
3942 2679 61 31 this
4016 2685 209 41 experiment,
4241 2699 43 22 on
4293 2691 54 31 the
4359 2704 60 20 one
4435 2687 82 36 hand
4529 2679 20 33 t
4550 2679 22 33 o
4595 2691 8 47 0
4603 2691 19 47 1,

3562 2720 63 30 and
3647 2721 142 31 fortunes
3814 2724 35 30 of
3868 2724 38 36 th
3906 2724 94 36 ousan
4000 2724 19 36 d
4019 2724 20 36 s
4061 2734 35 30 of
4120 2746 55 30 my
4192 2739 274 44 fellow-subjects;
4488 2737 49 35 the

4551 2720 71 71 2_111::40

3562 2769 159 41 religious,
3742 2772 65 30 and
3830 2775 117 41 tempor
3946 2775 19 41 a
3965 2775 20 41 l
4011 2780 19 47 i
4030 2780 220 47 mprovement,
4277 2802 35 20 or
4326 2797 107 28 return
4455 2795 30 28 to
4499 2767 124 69 baru:j.io

3561 2817 65 31 and
3638 2819 178 43 indolence,
3831 2824 36 30 of
3877 2835 19 22 a
3910 2827 63 30 still
3987 2836 124 31 greater
4126 2839 142 39 number,
4283 2854 43 19 on
4340 2843 52 33 the
4406 2843 98 33 other.
4542 2827 13 33 I

3559 2869 82 41 peril
3655 2876 33 28 at
3701 2872 94 33 home
3808 2874 54 33 the
3877 2876 145 44 industry
4035 2882 36 30 of
4080 2893 99 35 many
4192 2890 181 43 thousands,
4397 2896 101 30 whose
4510 2879 27 63 0
4537 2879 28 63 1
4565 2879 57 63 °0

3557 2932 20 22 u
3587 2924 72 44 ring
3680 2926 66 31 and
3764 2928 206 33 commercial
3984 2935 93 38 occup
4077 2935 19 38 a
4096 2935 38 38 ti
4134 2935 57 38 ons
4213 2940 88 44 hang
4324 2956 85 31 upon
4425 2946 52 31 the
4496 2928 47 55 pro
4543 2928 47 55 sPe
4600 2956 20 30 ry

3557 2976 16 30 f
3583 2987 58 22 our
3654 2978 151 33 Colonies
3827 2991 9 28 ;
3858 2991 20 20 a
3893 2991 148 28 revenue,
4054 2983 128 47 largely
4195 2991 186 49 depending
4397 3008 41 20 on
4452 2973 123 54 colonial
4584 2973 36 61 p,o

3556 3027 91 39 duce,
3676 3030 65 31 and
3762 3031 131 41 already
3912 3030 35 31 in
3967 3041 19 20 a
4008 3036 80 31 state
4110 3043 57 25 not
4187 3046 31 25 to
4243 3044 77 31 bear
4339 3047 121 31 farther
4479 3019 79 61 defale
4557 3019 39 61 atj
4597 3019 13 61 o
4609 3019 14 61 ,

3556 3079 132 31 without
3707 3082 132 39 general
3855 3080 164 39 embarras
4019 3080 104 39 sment
4135 3091 43 30 an
4178 3091 22 30 d
4214 3094 82 33 ruin.
4340 3098 14 30 I
4370 3109 52 20 see
4436 3094 58 33 this
4515 3068 109 71 1)01)1e:ill

3554 3137 35 20 so
3603 3128 134 33 difficult
3751 3132 16 30 i
3767 3132 17 30 n
3798 3132 25 31 it
3824 3132 14 31 s
3854 3142 46 22 ow
3899 3142 24 22 n
3939 3135 52 38 nat
3991 3135 52 38 ure
4043 3135 17 38 ,
4077 3143 55 35 yet
4145 3151 33 20 so
4192 3153 170 38 necessary
4376 3154 31 25 to
4422 3150 36 27 be
4474 3124 28 49 so
4502 3124 14 49 l
4517 3124 14 49 v
4531 3124 46 49 ed,

3554 3176 123 35 further
3690 3183 211 41 complicated
3921 3183 41 41 by
3976 3189 52 27 too
4049 3187 254 41 indiscriminate
4326 3200 169 31 resistance
4512 3176 36 43 an
4548 3176 19 43 d
4622 3176 2 55 '

3553 3228 90 41 gious
3657 3236 208 39 persecution
3879 3246 41 20 on
3934 3235 52 30 the
4003 3247 60 20 one
4079 3238 104 46 hand;
4208 3246 44 43 by
4266 3249 206 46 intemperate
4488 3235 58 41 and
4564 3227 43 30 Or

3553 3280 85 33 rious
3654 3287 154 31 dictation
3822 3298 41 19 on
3879 3287 52 30 the
3945 3287 99 31 other.
4581 3317 8 2 _

4586 3320 38 30 or'

3622 3335 112 33 Under
3754 3339 87 33 these
3863 3335 255 44 circumstances,
4140 3346 134 35 anxious
4296 3364 17 24 a
4313 3364 17 24 s
4353 3357 17 30 I
4394 3353 80 30 have
4493 3342 52 35 bee
4545 3342 19 35 n
4575 3321 16 74 f
4591 3321 16 74 t
4606 3321 17 74 y

3551 3387 135 35 solution
3701 3389 36 31 of
3746 3389 63 38 this
3824 3387 162 41 difficulty,
4003 3387 16 33 I
4033 3395 126 31 confess
4173 3398 16 31 I
4203 3400 80 36 have
4299 3416 79 20 seen
4392 3405 24 30 it
4431 3395 115 39 neither
4559 3383 25 30 in
4608 3402 8 39 i
4616 3402 8 39 t

3550 3438 165 41 imperfect
3729 3439 63 31 and
3806 3438 192 41 ill-digested
4013 3443 65 44 legi
4077 3443 16 44 s
4093 3443 16 44 l
4109 3443 16 44 a
4124 3443 35 44 ti
4159 3443 35 44 on
4214 3457 35 30 of
4268 3457 55 30 the
4340 3454 19 30 O
4359 3454 19 30 r
4378 3454 19 30 d
4397 3454 61 30 ers
4472 3452 14 28 i
4487 3452 16 28 n
4518 3425 44 65 Cou
4562 3425 30 65 Pc
4592 3425 16 65 o
4608 3425 16 65 ,

3550 3499 58 20 nor
3622 3490 33 31 in
3671 3490 54 31 the
3737 3490 181 31 immediate
3931 3490 247 49 Emancipation
4192 3513 74 22 now
4272 3504 180 30 demanded
4466 3502 38 36 by
4512 3490 30 35 th
4542 3490 16 35 e
4570 3474 54 65 Let

3546 3537 65 33 don
3625 3540 227 39 Anti-Slavery
3868 3539 137 46 Society.
4049 3546 19 38 E
4068 3546 96 38 xtens
4164 3546 19 38 i
4183 3546 41 38 ve
4243 3551 16 41 i
4258 3551 50 41 nqu
4309 3551 17 41 i
4326 3551 17 41 r
4343 3551 17 41 i
4361 3551 35 41 es
4417 3554 16 31 i
4433 3554 49 31 nto
4496 3539 55 38 this
4562 3535 19 33 8

4592 3554 31 41 tibt

3537 3589 134 39 'subject
3685 3594 33 30 in
3732 3591 46 30 all
3791 3589 39 30 its
3850 3589 148 46 bearings
4019 3598 19 33 h
4038 3598 61 33 ave
4123 3602 20 31 b
4143 3602 61 31 een
4227 3602 178 44 instituted,
4427 3598 61 38 and
4507 3598 38 25 n°
4559 3595 16 50 u
4575 3595 31 50 te
4606 3595 17 50 e

3545 3639 65 31 will
3622 3639 39 33 be
3677 3638 145 35 resumed
3833 3639 41 41 by
3883 3641 76 35 both
3970 3647 20 35 H
3991 3647 106 35 ouses
4107 3654 17 30 o
4124 3654 17 30 f
4151 3652 19 35 P
4170 3652 38 35 ar
4208 3652 38 35 li
4246 3652 117 35 ament.
4392 3655 68 31 The
4472 3638 151 57 C01:°1/2-iir•

3545 3690 36 30 of
3589 3690 52 30 the
3658 3687 110 33 Houge
3783 3690 36 30 of
3835 3690 74 39 Com
3909 3690 99 39 Mons
4027 3710 88 22 more
4137 3702 181 46 especially,
4342 3718 35 20 as
4397 3687 109 52 moved
4529 3688 35 36 by

4584 3701 25 52 be
4609 3701 14 52 d

3543 3739 140 36 Buxton,
3699 3739 65 33 and
3776 3742 165 41 amended,
3954 3751 17 25 a
3972 3751 17 25 t
4000 3761 55 30 my
4068 3754 123 39 suggest
4191 3754 17 39 i
4208 3754 55 39 on,
4280 3757 46 41 by
4343 3754 83 35 Lord
4438 3742 16 43 A
4454 3742 16 43 l
4469 3742 16 43 t
4485 3742 85 43 horPt

4591 3761 22 36 th
4613 3761 11 36 e

3542 3791 50 31 for
3605 3791 39 31 its
3658 3791 109 39 object
3781 3791 52 31 the
3849 3792 222 46 investigation
4087 3803 35 28 of
4132 3803 52 31 the
4200 3805 71 31 best
4287 3819 112 20 means
4408 3806 36 30 of
4452 3783 132 49 effecting

3542 3839 153 35 abolition
3710 3841 35 31 of
3765 3841 143 44 Slavery,
3923 3850 35 27 at
3972 3858 33 22 as
4019 3850 93 44 early
4126 3865 19 20 a
4161 3855 110 39 period
4290 3869 35 20 as
4345 3858 25 33 is
4386 3836 176 54 compatible

3540 3891 54 33 the
3608 3894 102 41 safety
3723 3894 36 30 of
3769 3893 44 31 all
3827 3894 115 33 classes
3957 3898 35 31 in
4008 3901 52 31 the
4076 3902 162 41 Colonies,
4255 3909 63 31 and
4332 3910 33 31 in
4384 3888 176 54 conformity
4592 3917 20 27 iO
4613 3917 11 27 ,

3540 3940 54 33 the
3609 3942 205 35 Resolutions
3827 3943 36 33 of
3876 3945 71 43 1823
3946 3945 19 43 ;
3989 3950 36 39 an
4025 3950 36 39 d,
4083 3954 49 31 unt
4132 3954 35 31 il
4184 3954 17 33 t
4202 3954 17 33 h
4219 3954 17 33 e
4258 3959 181 31 conclusion
4455 3946 16 36 o
4471 3946 17 36 f
4506 3932 60 41 thos
4565 3932 16 41 e

4592 3965 22 28 tll
4614 3965 8 28 ,

3540 3994 126 43 quiries,
3682 4005 33 22 so
3729 3994 115 35 moved
3858 3997 63 31 and
3942 4002 180 41 supported,
4140 4005 14 31 I
4176 4005 113 36 should
4310 4009 90 33 deem
4420 4006 24 30 it
4463 3980 30 79 Pr
4493 3980 16 79 e
4509 3980 16 79 '
4524 3980 16 79 u
4540 3980 79 79 fstl/

3537 4057 57 20 ous
3608 4050 31 25 to
3654 4047 82 31 form
3756 4058 19 20 a
3795 4047 132 33 decided
3948 4054 93 38 opini
4041 4054 38 38 on
4101 4066 87 30 upon
4208 4058 17 31 t
4225 4058 17 31 h
4243 4058 17 31 e
4283 4061 33 38 su
4317 4061 33 38 bj
4350 4061 69 38 ect.
4461 4050 13 30 I
4493 4035 123 68 ear,-deo,s

3537 4096 82 41 hope
3636 4098 68 33 that
3723 4110 47 20 we
3789 4110 74 30 may
3877 4110 61 28 see,
3956 4112 16 20 a
3972 4112 17 20 s
4011 4102 35 31 th
4046 4102 19 31 e
4085 4107 66 31 resu
4151 4107 16 31 l
4167 4107 17 31 t
4206 4109 17 30 o
4224 4109 17 30 f
4260 4110 17 31 t
4277 4110 17 31 h
4294 4110 54 31 ose
4370 4091 14 49 i
4384 4091 60 49 nves
4444 4091 106 49 tigat''
4589 4098 28 38 of

3537 4148 96 31 series
3649 4148 35 31 of
3693 4157 170 30 measures,
3880 4153 164 41 grounded
4058 4164 41 20 on
4112 4165 20 22 a
4143 4167 87 22 more
4246 4164 148 28 accurate
4408 4142 112 54 knowle
4520 4142 19 54 u
4539 4142 19 54 '
4557 4142 19 54 u
4576 4142 38 54 ld

3535 4195 54 31 the
3603 4198 135 39 varying
3753 4202 244 30 circumstances
4016 4205 36 28 of
4066 4206 148 33 different
4236 4211 157 35 Colonies,
4413 4198 66 47 (and
4479 4198 17 47 ,
4513 4189 13 31 I
4556 4198 28 50 40
4584 4198 30 50 11

3534 4246 68 30 fain
3616 4246 90 41 hope,
3721 4258 87 28 upon
3822 4258 19 20 a
3855 4250 102 31 better
3970 4254 252 44 understanding
4236 4261 74 30 with
4326 4258 110 36 them,)
4454 4235 54 47 whi
4507 4235 36 47 ch
4576 4268 11 27 0
4587 4268 24 27 0,

3535 4294 154 38 comprise
3717 4296 110 31 within
3854 4298 44 33 its
3898 4298 14 33 e
3912 4298 30 33 lf
3965 4301 35 30 th
4000 4301 17 30 e
4047 4312 88 30 germ
4164 4306 17 31 o
4181 4306 17 31 f
4222 4318 41 22 no
4290 4310 74 31 slow
4392 4279 183 76 EmanciP:lti

3534 4343 146 36 together
3694 4343 74 30 with
3784 4346 135 41 security
3934 4350 16 28 f
3950 4350 33 28 or
4003 4350 35 30 th
4038 4350 17 30 e
4076 4354 76 33 cont
4151 4354 19 33 i
4170 4354 79 33 nued
4263 4359 145 41 industry
4422 4354 16 30 o
4438 4354 17 30 f
4472 4346 47 31 the

3537 4389 66 33 and
3616 4392 250 43 compensation,
3882 4395 104 33 where
4000 4409 178 35 necessary,
4192 4409 33 28 to
4238 4409 52 30 the

4589 4494 24 30 t°

3578 4521 79 38 Our
3680 4523 140 41 readers
3844 4526 71 38 will
3940 4528 90 50 rejoi
4030 4528 38 50 ce
4093 4535 19 35 t
4112 4535 20 35 o
4156 4535 22 46 k
4178 4535 94 46 now,
4299 4540 76 36 that
4397 4550 20 22 a
4441 4528 77 39 Pet—
4520 4513 39 41 iti°
4589 4553 24 31 to

3532 4583 68 35 His
3643 4583 143 50 Majesty
3786 4583 22 50 .
3831 4587 142 47 against
4005 4587 60 39 the
4096 4591 121 39 Dutch
4252 4595 98 44 War,
4391 4562 173 68 forwarded

3531 4643 58 35 the
3605 4643 109 36 Duke
3732 4644 39 33 of
3783 4643 235 52 Wellington,
4043 4650 54 33 for
4112 4658 252 39 presentation,
4381 4638 118 60 signed
4515 4617 11 88 °
4526 4617 11 88 T
4537 4617 13 88 w
4550 4617 50 88 ill)
4600 4617 13 88 ;

3529 4702 112 35 wards
3658 4702 38 35 of
3707 4701 69 41 700
3795 4702 38 35 of
3854 4704 60 35 the
3937 4712 22 30 m
3959 4712 47 30 os
4006 4712 24 30 t
4055 4709 17 36 i
4072 4709 17 36 n
4090 4709 35 36 fl
4124 4709 54 36 uen
4178 4709 36 36 ti
4214 4709 19 36 a
4233 4709 19 36 l
4274 4712 22 35 B
4296 4712 46 35 an
4342 4712 22 35 k
4364 4712 46 35 er
4409 4712 24 35 s
4455 4688 63 47 arid

3529 4757 121 38 chants
3668 4761 39 35 of
3718 4761 68 35 this
3803 4765 121 31 town..

4548 4844 30 43 sl

3573 4874 101 36 With
3698 4876 146 35 kindred
3871 4879 162 49 feelings,
4061 4882 17 43 a
4079 4882 17 43 l
4096 4882 35 43 so
4131 4882 17 43 ,
4173 4885 19 35 o
4192 4885 19 35 f
4230 4877 63 55 pre
4293 4877 20 55 -
4313 4877 43 55 em
4356 4877 20 55 i
4376 4877 20 55 n
4397 4877 66 55 ent
4487 4876 35 27 Eta
4523 4854 50 38 Li
4573 4846 39 33 e
4564 4898 24 27 1,
4587 4898 13 27 4
4600 4898 13 27 9

3529 4932 85 41 tion,
3630 4946 65 22 our
3710 4934 142 35 readers
3877 4937 71 35 will
3975 4939 110 44 learn,
4102 4942 76 35 that
4203 4956 20 22 a
4244 4945 131 35 similar
4400 4924 143 49 Petition
4564 4924 16 55 '
4580 4924 16 55 —
4595 4924 17 55 f

3526 4991 142 47 already
3693 4994 91 33 been
3809 4995 132 44 agreed
3965 5008 94 35 upon
4085 4998 47 47 by
4157 5013 65 22 our
4254 5002 91 46 loyal
4369 4980 20 60 n
4389 4980 143 60 eighbou
4532 4980 20 60 r

3529 5047 243 50 Warrington,
3798 5050 69 35 and
3893 5052 30 35 is
3953 5057 91 46 nume
4044 5057 91 46 rous
4135 5057 46 46 ly
4206 5058 44 36 an
4250 5058 24 36 d
4301 5060 66 33 mos
4367 5060 24 33 t
4422 5033 88 57 respe
4510 5033 54 57 ct°
4567 5011 24 41 o

3526 5109 137 44 signed.

3570 5224 33 35 It
3619 5224 30 35 is
3674 5224 99 35 often
3791 5227 109 35 asked
3917 5228 87 41 (and
4022 5230 82 35 with
4135 5243 19 24 a
4180 5231 17 36 d
4197 5231 54 36 ece
4250 5231 55 36 itf
4306 5231 19 36 u
4324 5231 19 36 l
4367 5222 143 50 appeara
4512 5211 19 31 n
4531 5211 19 31 c
4551 5205 16 24 e

4548 5239 38 43 mr
4586 5239 19 43 i

3524 5285 153 41 reason,)
3693 5283 94 35 what
3800 5287 58 33 tl3e
3877 5287 126 46 people
4024 5299 19 22 a
4043 5299 19 22 r
4061 5299 20 22 e
4113 5294 19 30 t
4132 5294 19 30 o
4175 5291 46 46 ga
4220 5291 24 46 i
4244 5291 24 46 n
4296 5291 46 44 by
4359 5269 161 68 Parliame
4520 5269 20 68 a
4540 5269 20 68 ;
4561 5269 20 68 r
4581 5269 20 68 ,

3523 5337 161 47 Reform;
3707 5342 66 33 but
3787 5340 60 36 the
3863 5343 139 46 exampl
4002 5343 24 46 e
4039 5345 39 35 of
4090 5357 19 24 a
4123 5346 263 49 neighbouring
4395 5320 146 54 borough
4551 5328 52 68 ',ea

3523 5397 118 35 nishes
3655 5409 22 22 a
3693 5398 150 35 rational
3858 5411 139 24 answer
4011 5406 36 30 to
4061 5403 39 36 th
4101 5403 20 36 e
4132 5406 19 47 i
4151 5406 57 47 nqu
4208 5406 19 47 i
4227 5406 19 47 r
4246 5406 39 47 y.
4334 5402 50 31 At
4398 5395 57 35 the
4469 5383 60 44 last
4537 5381 13 71 a
4550 5381 13 71 r
4562 5381 25 71 te

3523 5455 74 35 tion
3616 5457 36 33 in
3668 5454 472 52 Newcastle-under-Lyme,
4153 5463 58 36 the
4225 5460 139 49 highest
4378 5452 93 49 price
4483 5438 17 54 o
4501 5438 19 54 f
4528 5435 14 77 v
4542 5435 14 77 °
4556 5435 46 77 sre

3523 5524 71 22 was
3611 5512 109 49 thirty
3735 5513 139 47 pounds
3890 5526 20 24 a
3921 5513 98 38 diece
4030 5531 11 30 ;
4066 5518 63 35 but
4145 5524 36 30 at
4198 5521 69 35 this
4296 5513 156 39 moment
4468 5501 72 39 they

4556 5524 28 44 er
4584 5524 16 44 y

3521 5570 140 47 selling,
3677 5572 197 44 wholesale,
3891 5576 38 33 at
3956 5572 227 52 five-and-thi
4183 5575 17 49 r
4200 5575 38 49 ty
4257 5572 146 52 pounds,
4435 5554 65 49 and
4521 5551 52 77 er
4573 5551 27 77 e

3518 5633 161 39 prospect
3707 5628 39 33 of
3772 5641 22 22 a
3809 5630 90 43 rise;
3924 5643 52 28 so,
3995 5630 79 36 that
4101 5631 96 41 here,
4214 5635 115 35 under
4356 5630 58 38 the
4438 5613 113 52 happy.
4570 5641 14 35 1
4584 5641 16 35 0

3520 5683 112 46 spices
3649 5683 39 36 of
3699 5683 280 49 Parliamentary
3995 5683 88 47 Refo
4083 5683 22 47 r
4106 5683 46 47 m,
4181 5690 16 35 i
4197 5690 16 35 s
4236 5701 20 24 a
4272 5690 19 38 c
4291 5690 19 38 l
4310 5690 57 38 ear
4391 5679 68 43 and
4483 5660 28 74 ob
4512 5660 57 74 vi-n
4569 5660 28 74 di

3515 5742 91 46 gain
3622 5742 39 31 of
3668 5740 69 38 five
3753 5740 139 46 pounds
3906 5740 65 35 der
3984 5753 146 25 annum.
4178 5743 58 50 By
4250 5746 60 38 the
4323 5757 88 36 way,
4425 5740 74 36 how

3518 5798 91 47 light
3635 5798 83 35 does
3729 5798 30 35 it
3773 5802 65 31 not
3857 5797 113 38 throw
3995 5809 96 38 upon
4107 5802 58 36 the
4178 5802 165 52 hardship
4364 5787 148 68 undergo
4512 5787 20 68 u
4532 5787 44 68 de
4576 5787 22 68 r

3518 5857 98 35 those
3633 5857 148 36 electors
3794 5857 79 36 who
3899 5869 60 24 are
3981 5858 191 49 anywhere
4186 5863 20 47 o
4206 5863 61 47 bli
4268 5863 41 47 ge
4309 5863 20 47 d
4359 5868 36 28 to
4422 5854 76 36 vote

3518 5915 183 44 influence,
3715 5917 71 36 and
3798 5917 82 36 thus
3891 5917 143 44 robbed,
4049 5920 38 35 in
4104 5931 93 36 open
4211 5920 79 49 day,
4310 5920 38 35 of
4359 5918 58 35 the
4433 5902 72 71 whyl
4506 5902 38 71 e-
4543 5902 19 71 a
4564 5887 16 79 0
4580 5887 17 79 d

3515 5973 113 36 which
3641 5975 93 36 their
3748 5975 74 36 free
3836 5980 102 35 votes
3953 5973 118 38 would
4093 5976 66 35 sell
4180 5976 54 36 for
4257 5978 38 36 in
4312 5978 57 35 the
4381 5961 104 50 marke
4485 5961 20 50 t
4506 5961 22 50 ;

3515 6031 93 36 what
3622 6033 194 43 confusion,
3833 6031 146 43 further,
3995 6033 120 36 would
4126 6039 65 30 not
4205 6047 22 24 a
4241 6043 131 41 system
4389 6028 38 36 of
4436 6006 54 52 Ra
4490 6006 55 52 i°
4545 6030 33 54 go
4578 6030 17 54 d

3515 6090 153 43 troduce,
3685 6091 38 35 in
3740 6090 99 35 these
3852 6101 110 31 cases,
3992 6091 162 36 between
4184 6094 112 47 buyer
4323 6090 69 38 and
4408 6079 115 43 seller;

4575 6098 22 33 ie

3518 6148 79 35 how
3614 6150 90 35 little
3721 6146 117 36 would
3855 6146 60 38 the
3928 6146 165 38 interests
4109 6151 39 35 of
4172 6124 296 74 Newcastle-unde
4468 6124 63 74 r34
4531 6124 20 74 e
4551 6124 22 74 s
4573 6124 22 74 ,

3513 6205 69 35 and
3595 6206 46 35 its
3655 6205 135 36 fellows
3805 6206 44 35 be
3866 6205 194 44 consulted,
4077 6209 49 47 by
4137 6209 60 36 the
4214 6209 165 49 adoption
4395 6198 38 38 of
4444 6187 50 43 tha
4494 6187 17 43 t

3512 6276 82 24 sure
3608 6246 6 71 !
3654 6263 101 36 Even
3769 6261 61 38 the
3838 6276 101 36 soup,
3953 6265 124 44 which,
4094 6272 38 30 at
4143 6268 60 36 the
4216 6274 74 30 cost
4302 6266 39 36 of
4353 6255 63 43 £l5
4416 6255 43 43 O,
4471 6246 63 38 was
4548 6266 47 50 fet

3518 6320 173 43 dributed,
3707 6321 47 46 by
3767 6321 139 43 tickets,
3923 6332 132 39 among
4071 6324 58 36 the
4148 6324 200 36 Newcastle
4364 6320 124 35 voters.
4535 6329 27 50 0
4562 6329 28 50 ;

3512 6378 85 49 days
3613 6380 109 41 since,
3737 6380 118 36 would
3869 6392 109 25 never
3994 6384 121 35 smoke
4134 6384 112 35 under
4263 6383 58 35 the
4332 6373 120 41 Ballot
4466 6364 63 52 sY
4529 6364 31 52 s
4561 6364 31 52 ,

3512 6436 52 36 for
3578 6436 79 35 who
3671 6436 117 36 would
3814 6438 107 39 doubt
3940 6441 60 38 the
4013 6441 101 38 effect
4126 6441 43 36 of
4175 6441 60 38 the
4244 6431 187 46 inevitable
4447 6425 19 35 r
4466 6425 57 35 oal

3550 6493 58 38 No
3624 6501 87 36 vote,
3728 6507 47 24 no

4578 7019 11 17 A

3554 7156 93 60 eivNedo.

3655 7191 31 25 in
3709 7191 120 27 London

3709 7157 220 71 LnAnnsdonnn-sbitreet.

3909 7156 102 63 Messrs.
4011 7156 76 63 Ordrs
4087 7162 16 17 a

3507 7088 180 28 LIVERPOOL
3696 7090 162 31 ;—Printed
3876 7091 30 25 in
3928 7091 96 27 Union
4036 7090 99 28 Court,
4154 7080 197 35 Castle-street
4351 7080 14 27 ,
3726 7069 668 30 and
4395 7082 17 76 ,••
4413 7082 63 76 gh-street,
3893 7124 156 33 Exchange
4050 7143 8 11 ,
4072 7123 41 33 by
4126 7121 128 25 SAMUEL
4268 7115 24 25 F
4291 7110 55 28 RAN
4346 7110 94 28 CEYS,
4460 7094 44 38 ot!

3539 7126 30 22 at
3578 7123 54 27 No.
3644 7124 25 30 7,
3687 7123 813 27 HiB
4501 7101 79 69 JsQ

3539 7156 35 25 of

4567 7099 24 22 e

4027 7132 25 83 et
4052 7132 38 83 NEI
4090 7132 13 83 n
4102 7132 25 83 VT
4128 7132 13 83 d
4140 7132 13 83 O
4153 7132 13 83 A
4165 7132 13 83 N
4178 7132 14 83 d
4192 7132 14 83 ,

3539 7222 241 36 Newgate-street
3787 7233 8 25 ;
3814 7228 60 27 an.d,
3883 7225 57 27 Mr.
3954 7225 145 28 BARKER,
4115 7222 46 31 33,
4180 7219 82 28 Fleet
4261 7214 13 28 -
4274 7214 71 28 stree
4345 7214 28 28 t.
4561 7209 5 49 •

4209 7135 318 76 v&erctisne..ravienatsrsvaireti...,,
4583 7140 8 14 .

4660 257 60 101 L,

4704 2198 16 33 7

3548 6627 88 33 FIRE
3666 6639 43 20 AT
3731 6630 165 41 LISCARD,
3926 6641 38 22 IN
3994 6630 343 33 CIIESHIRE.—About
4359 6617 54 38 twe
4413 6617 55 38 lve
4493 6584 63 71 o'el
4556 6584 33 71 lo

3507 6679 63 30 last
3584 6679 99 44 night,
3701 6680 184 35 Rockliffe's
3901 6680 172 43 Magazine
4096 6682 101 31 Hotel
4211 6691 61 22 was
4287 6661 180 47 discovered
4485 6660 30 28 W
4528 6644 28 33 be
4573 6674 16 27 k

3507 6729 120 39 flames,
3650 6731 65 31 and
3737 6742 33 22 so
3792 6731 156 43 complete
3970 6742 60 20 was
4055 6731 52 31 the
4131 6731 200 36 ascendency
4354 6715 98 38 which
4474 6706 47 33 the

3507 6778 109 33 tained
3630 6792 52 20 ere
3698 6781 54 31 the
3765 6783 121 41 danger
3899 6791 63 20 was
3978 6781 175 41 perceived,
4170 6781 68 30 that
4252 6778 52 30 the
4318 6767 140 41 sleeping
4471 6748 19 69 '
4490 6748 19 69 9
4509 6748 82 69 '104

3507 6839 43 20 on
3569 6830 98 43 being
3687 6833 134 30 aroused
3843 6836 31 27 to
3893 6841 20 20 a
3934 6841 91 19 sense
4047 6830 35 31 of
4104 6830 85 31 their
4209 6825 137 46 perilous
4373 6806 148 43 situation,
4567 6814 24 43 ot

3507 6879 109 43 barely
3636 6883 76 30 time
3735 6887 31 27 to
3792 6891 112 30 escape
3929 6880 74 31 with
4025 6880 76 31 such
4121 6879 143 39 clothing
4288 6885 35 22 as
4348 6876 60 25 was
4436 6839 31 52 ne
4468 6839 65 52 ares
4532 6839 17 52 t
4578 6871 13 28 /

3506 6929 94 41 hand,
3625 6931 65 33 and
3710 6942 54 22 ere
3784 6931 54 31 the
3852 6931 63 43 day
3929 6932 157 41 appeared
4107 6931 52 31 the
4186 6926 143 38 building
4343 6926 61 24 was
4427 6879 159 63 couVidli.f

3504 6980 180 43 destroyed.

2376 5 91 49 OT.
2510 9 431 57 STANDARD.

4616 5 38 110 1
4654 5 39 110 /
