4794 7631
797 0 331 61 6_,:.4,e6K
1178 0 60 91 ,
1238 0 60 91 7
1339 0 192 68 dit.•

1554 0 186 61 e...,-,-
1740 0 47 61 ,-
1787 0 118 61 Xek-,
1987 6 137 72 e..€
2124 6 69 72 5/

420 123 135 54 itfr
556 123 33 54 -
589 123 35 54 4
666 98 112 79 47:
865 83 213 71 /aiv
1077 83 54 71 ,
1140 79 501 148 P7O-47-if--:i—a-
1693 83 28 87 -
1721 83 209 87 i9-4(4.
2424 80 61 46 (-11

611 172 52 52 /
861 189 60 61 i
967 175 54 120 j
1020 175 109 120 ay
1178 169 9 13 '
1219 198 8 6 -
1246 187 61 33 i--
1446 183 87 35 i--
1570 161 115 57 6-.1:
1702 161 200 79 '.e4c-----.
1902 161 17 79 0
1920 161 38 79 ._
1997 198 96 19 ,

4230 383 151 143 ov

98 417 209 129 <4o'

277 9 50 55 Ce

121 561 167 85 //

824 650 301 90 AND
1181 650 687 88 GEINERAL
1918 643 961 96 COMMERCIAL
2946 643 969 94 ADVERTISER.

1317 806 439 49 PUBLISHED
1797 805 260 50 EVERY
2090 802 362 54 TUESDAY
2490 802 165 52 AND
2690 805 304 50 FRIDAY
3030 802 405 54 MORNINGS.

1328 931 184 33 HEARTS
1537 931 260 33 RESOLVED,
1819 931 101 31 AND
1942 929 162 31 HANDS
2126 924 265 39 PREPARED,
2413 929 99 33 THE
2534 924 254 36 BLESSINGS
2808 929 132 31 THEY
2962 929 151 31 ENJOY
3134 928 58 31 TO
3213 924 413 39 GUARD_!--7SnioLLETT.

282 1312 198 33 ROYAL
523 1302 482 39 AMPHITHEATRE.

120 1348 22 83 P
142 1348 90 83 rilE
252 1381 169 33 TOWER
441 1381 58 31 OF
521 1380 154 33 NESLE
696 1378 57 30 has
765 1376 82 30 been
861 1373 192 41 completely
1066 1383 120 22 success-

189 1413 58 46 ful;
271 1424 52 30 the
337 1424 79 39 deep
438 1420 65 31 and
526 1419 151 39 rivetting
701 1417 132 30 interest
852 1427 33 19 so
909 1414 159 39 intensely
1090 1413 58 30 felt
1169 1413 31 30 in

120 1447 20 58 14
140 1447 9 58 0
150 1447 22 58 11
172 1447 11 58 4
183 1447 22 58 (1
205 1447 33 58 On,
260 1461 55 30 ha's
340 1463 31 28 in
395 1461 61 30 this
476 1460 137 31 Theatre
641 1455 120 43 proved
781 1454 128 41 equally
928 1452 153 31 effective.
1132 1450 69 30 The

186 1501 154 31 Profound
351 1499 167 36 attention,
534 1496 173 33 awakened
721 1491 241 41 susceptibility,
978 1490 63 31 and
1055 1490 148 31 heartfelt

120 1539 17 44 it
137 1539 9 44 k
167 1534 99 44 Pathy,
290 1539 195 46 interrupted
496 1539 77 39 only
586 1537 43 39 by
641 1539 165 36 rapturous
822 1532 102 30 bursts
939 1531 35 30 of
981 1529 219 41 approbation,

121 1565 54 60 kje
197 1578 123 43 nightly
334 1578 135 31 testified
488 1578 52 30 the
561 1575 112 31 merits
685 1575 35 31 of
740 1573 54 30 the
808 1572 123 33 Drama
950 1570 63 28 and
1027 1569 52 30 the
1099 1572 87 27 excel-

96 1608 5 63 !
120 1609 16 61 h
135 1609 16 61 h
151 1609 31 61 `r
197 1614 31 28 of
247 1617 52 31 the
313 1619 118 41 acting.
474 1617 31 30 It
518 1616 74 36 will,
608 1613 165 35 therefore,
800 1611 35 28 in
849 1609 197 38 compliance
1060 1608 76 30 with
1150 1608 52 30 the

142 1671 22 35 T
173 1654 24 25 le
211 1655 85 39 wish,
309 1658 22 30 b
331 1658 22 30 e
364 1655 148 43 repeated
512 1658 17 36 -
529 1658 90 36 every
631 1650 139 39 evening
783 1649 50 30 till
844 1647 252 31 fttrthernotice.

120 1690 52 49 Vtin,
172 1690 33 49 lll
205 1690 11 49 S
247 1694 164 35 PRESENT
443 1694 139 33 FRIDAY
608 1693 52 31 the
683 1691 139 44 perfOrin
928 1687 65 30 Will
1019 1696 183 20 Commence

161 1735 9 14 4
181 1728 49 35 the
243 1735 112 31 Grand
370 1732 175 33 Historical
559 1732 131 36 Drama,
757 1728 20 33 N
778 1728 22 33 .
857 1726 176 38 Tableaux,
1049 1724 102 30 called

317 1775 109 31 THE
463 1764 186 41 TOWICR
817 1765 153 39 ESLE,

575 1820 44 22 OR
639 1819 35 24 11

479 1847 113 30 DARK
611 1849 52 27 GO
723 1846 87 31 OLA,

175 1871 87 44 With
276 1896 72 20 new
356 1887 153 39 Scenery,
526 1883 115 36 Music,
657 1880 143 35 Dresses,
816 1877 63 31 and
894 1876 222 33 Decorations.

120 1934 33 35 übi
164 1920 16 20 °
200 1921 98 35 Which
315 1926 63 31 will
400 1924 39 30 be
463 1921 112 38 added,
600 1921 43 41 by
657 1920 173 41 partieutar
841 1917 110 33 desire,
975 1915 52 28 the
1049 1917 68 27 first
1137 1912 65 31 and

121 1954 9 54 1
131 1954 19 54 40
150 1954 20 54 /'
181 1956 71 36 time
285 1969 35 27 at
331 1964 178 41 half-price,
531 1961 52 31 the
597 1959 112 31 Grand
724 1956 162 33 Historic°
902 1954 191 39 Legendary
1107 1953 77 41 Spec-

153 1998 31 28 -40,
197 1987 101 47 called

241 2041 211 31 D.,IRNLEY,
474 2039 83 27 THE
573 2033 167 31 KNIGHT
753 2031 52 27 OF
819 2028 236 36 BURGUNDY,

298 2087 44 22 OR
359 2083 68 22 THE
444 2082 101 22 FIELD
561 2080 41 20 OF
622 2079 69 20 THE
706 2074 110 24 CLOTH
833 2072 43 22 OF
887 2072 102 22 GOLD.

466 2113 180 30 Characters
658 2117 35 17 as
704 2104 110 41 before.

153 2184 9 58 °
162 2184 19 58 ll
181 2184 9 58 .
191 2184 19 58 2'
209 2184 9 58 e
219 2184 11 58 s
230 2184 11 58 ,
265 2194 44 31 3s.
323 2192 71 36 fid.;
427 2184 69 41 Half
496 2184 17 41 -
513 2184 87 41 price
600 2184 19 41 ,
816 2181 44 31 2s.
871 2194 19 27 ;.
904 2181 191 41 I-lalf-price,
1118 2180 85 33 ls.—

121 2239 20 28 At
151 2231 19 38 t
170 2231 57 38 oy,
244 2231 44 38 is.
288 2231 16 38 ;
329 2228 191 39 Half-price,
534 2224 200 33 6d.—Doors
748 2231 82 33 open
843 2227 35 27 at
890 2220 69 38 Six,
973 2224 33 30 to
1017 2230 186 24 commence

121 2324 38 44 PI
159 2324 19 44 N
178 2324 19 44 „
230 2321 312 38 GENTLEMEN'S
562 2320 213 38 CONCERT,
803 2318 254 31 LIVERPOOL.
1161 2339 17 5 ..
1200 2318 3 50 •

132 2359 96 54 rtt
252 2365 200 33 Inhabitants
472 2362 36 31 of
532 2361 172 39 Liverpool
731 2370 52 19 are
811 2354 200 41 respectfully
1035 2353 164 38 informed,

124 2403 66 58 418

183 2397 66 49 !Yat
268 2406 25 30 it
313 2405 57 30 has
391 2403 82 31 been
498 2398 195 36 determined
715 2403 33 27 to
767 2395 162 33 establish'
940 2406 41 22 an

202 2439 222 36 CRIPTION
458 2439 217 33 CONCERT
709 2436 120 38 here,
828 2391 192 80 immediately,
1020 2391 96 80 ANNUAL
1118 2441 52 20 on
1172 2431 33 31 the

194 2483 129 38 general
346 2483 76 44 plan
446 2491 35 20 as
501 2480 54 30 the
583 2483 61 27 two
672 2477 203 31 Manchester
896 2469 164 38 Concerts,
1085 2469 60 31 one
1167 2465 38 39 of

203 2521 54 31 has
271 2521 172 33 flourished
455 2521 49 28 for
517 2518 110 39 nearly
641 2517 83 39 sixty
761 2524 55 22 ear

123 2561 28 50 la
151 2561 14 50 k
165 2561 91 50 .pited
285 2564 198 38 particulars,
515 2556 186 38 containing
808 2553 82 30 most
915 2546 151 36 essential
1090 2550 109 38 Rules,

123 2605 19 31 it
178 2587 33 36 be
224 2598 61 33 had
301 2606 31 25 at
346 2602 52 30 the
419 2595 157 44 principal
597 2594 102 30 Music
770 2600 54 28 ops
849 2586 63 31 and
931 2587 214 41 Booksellers,
1167 2602 38 19 or

98 2639 91 47 ).vr
200 2635 98 36 Office
312 2641 36 30 of
356 2639 63 30 this
433 2646 107 30 paper,
564 2636 35 28 at
619 2631 99 30 either
731 2630 36 31 of
783 2627 102 35 which
907 2627 106 44 places
1025 2628 54 33 the
1091 2614 112 47 names

102 2666 3 50 I
143 2666 14 50 A
157 2666 14 50 l
172 2666 159 50 libseribers
348 2679 61 30 will
422 2677 38 28 be
477 2672 153 33 received.

123 2707 20 58 ti
143 2707 20 58 lt
175 2707 9 58 7
195 2707 20 58 it
235 2720 63 30 will
321 2720 39 28 be
386 2726 77 30 very
488 2712 132 31 difficult
643 2715 33 27 to
699 2709 110 31 obtain
833 2709 197 35 admissions,
1058 2707 65 30 and
1137 2707 68 31 'the.

123 2750 31 44 (i
154 2750 16 44 t
170 2750 66 44 Once
250 2759 49 30 fee
313 2756 115 31 will'be
444 2753 143 36 doubled,
613 2750 82 31 after
715 2748 52 31 the
789 2750 134 30 number
942 2748 36 31 of
1000 2746 202 30 Subscribers

150 2786 55 31 stet,
217 2797 63 30 will
293 2795 200 39 necessarily
499 2794 39 30 be
553 2787 137 41 limited)
713 2787 27 31 is
761 2798 79 22 once
854 2787 87 33 filled
951 2798 54 28 up,
1022 2784 178 33 immediate

161 2833 117 35 mention
291 2836 63 31 will
367 2836 39 30 be
419 2841 170 28 necessary
603 2833 31 25 to
649 2838 112 20 secure
780 2839 43 20 an
844 2828 94 39 equal
956 2827 120 31 chance
1098 2827 49 30 for
1159 2825 44 31 all

175 2861 93 44 desire
282 2880 31 28 to
326 2876 137 30 become.
472 2869 170 33 Members.

216 2910 76 33 This
306 2910 246 35 advertisethent
567 2907 63 31 will
644 2910 55 28 not
710 2909 46 30 be
765 2906 159 41 repeated.

328 2972 60 30 TO
411 2964 181 36 LOVERS
614 2964 57 31 OF
694 2964 110 33 FINE
827 2964 107 31 ARTS-

117 2976 359 85 'A:GENTLEMAN
491 3005 79 38 who,
597 3005 115 41 during
739 3002 87 33 three
847 3013 96 30 years
961 3002 113 41 passed
1093 3013 41 19 on
1150 3002 52 30 the

121 3036 44 52 til
165 3036 16 52 b
205 3044 184 41 Continent,
403 3044 123 33 formed
540 3055 19 20 a
572 3049 83 27 most
668 3055 69 20 rare
753 3039 294 35 COLLECTION
1065 3043 35 30 of
1112 3039 68 30 PIC-

118 3077 128 58 'I46`,E,.S,
263 3090 41 41 by
318 3088 54 31 the
386 3085 131 31 ancient
531 3083 140 31 Flemish
685 3082 65 31 and
759 3080 113 30 Dutch
882 3080 72 31 Mas
1020 3080 46 38 ,is
1079 3079 123 39 willing

126 3124 30 41 ktii
176 3124 154 35 tPOSE
345 3128 36 30 of
397 3124 85 30 them
498 3124 102 30 either
613 3120 200 39 collectively
827 3129 36 20 or
876 3120 49 31 sin
983 3143 9 8 .
1033 3117 69 33 The
1118 3118 63 31 Con-

813 3085 206 181 noters

124 3153 28 52 (.I
153 3153 9 52 t
162 3153 9 52 ,
172 3153 9 52 n
181 3153 9 52 4
191 3153 38 52 'eur
244 3167 60 31 will
320 3165 66 31 find
400 3164 60 31 this
476 3175 19 19 a
507 3165 85 28 most
602 3161 154 31 desirable
764 3162 113 38 opport
937 3164 33 35 ty
984 3159 35 31 of
1035 3157 167 39 obtaining

123 3198 8 47 1
131 3198 38 47 .4i;
169 3198 19 47 44
200 3198 30 35 in
244 3206 52 30 the
309 3206 71 30 best
394 3208 79 28 state
493 3203 36 30 of

540 3202 16 44 .
556 3202 214 44 preservation,
792 3208 19 20 a
912 3198 145 36 together
1076 3208 69 20 new
1170 3200 31 28 to

126 3241 186 47 kijktountry.
357 3244 47 31 To
428 3243 90 31 those
537 3238 139 35 inclined
698 3243 31 28 to
750 3247 77 33 pure
874 3246 33 19 se
929 3244 41 19 an
994 3236 206 41 explanation

165 3287 43 38 ~.,ue
220 3285 94 38 given
331 3283 66 39 why
416 3283 74 38 they
504 3291 55 20 are
572 3280 72 30 thus
658 3280 112 38 parted
783 3276 85 46 with..

126 3321 36 47 ti.
162 3321 13 47 k
238 3324 36 30 of
290 3323 128 31 address
433 3331 61 22 can
515 3321 38 30 be
575 3318 63 31 had
652 3329 41 20 on
712 3317 195 43 application
931 3317 33 27 to
986 3310 79 33 Mrs.
1083 3313 94 31 MORE-

126 3353 68 54 kIC),
219 3359 224 38 Tobacconist,
466 3359 49 38 38,
546 3357 250 36 Church-street,
825 3353 134 43 directly
986 3353 142 43 opposite
1150 3353 52 31 the

181 3397 104 35 47euni.

126 3409 96 102 htt•
244 3455 252 36 HARWOOD,
529 3455 164 28 Professor
718 3455 33 27 of
770 3452 153 36 DANCI,

202 3494 293 35 street.—Juvenile
509 3494 128 30 Classes
658 3502 94 30 every
769 3488 145 36 ThurscY

126 3523 27 49 11
153 3523 83 49 -11111
250 3523 13 49 g
277 3523 96 49 Parties
394 3532 49 30 for
455 3532 117 30 Ladies
587 3531 65 31 and
666 3523 205 38 GentlemeliK

172 3565 17 49 t
189 3565 246 49 gday.—Private
452 3570 137 31 Lessons
605 3575 33 27 at
652 3581 63 30 any
728 3570 88 31 hour.

126 3598 13 44 N
139 3598 13 44 i
151 3598 41 44 ..!
211 3609 27 31 A
261 3613 135 30 SUITE
417 3609 35 31 of
469 3609 157 30 ROOMS
649 3613 31 27 to
696 3611 38 28 be
756 3608 99 35 LET,
872 3606 49 30 for
937 3603 115 31 Public
1066 3605 135 30 Parties.

1005 3452 58 33 _64,
1093 3447 109 31 Duke-

917 3499 20 31 y
951 3488 65 31 and
1033 3487 167 41 Saturday.

869 3520 98 47 Crory
981 3528 143 39 Monday
1140 3526 61 30 and

491 3665 302 31 I'L4NO-FORTE.

126 3672 345 85 kGENTLEMAN
493 3704 69 31 who
586 3704 106 31 leaves
707 3702 172 41 Liverpool
891 3702 49 30 for
961 3701 52 30 the
1027 3698 176 30 Continent

975 3732 31 38 ~

128 3748 80 33 .4,
208 3746 90 33 Offers
312 3750 49 30 his
384 3742 306 36 INSTRUMENT
710 3743 49 28 for
773 3743 85 30 Sale.
879 3742 52 30 'lt
1000 3750 14 20 s
1028 3735 175 44 purchased

128 3761 11 66 1
139 3761 24 66 4s
162 3761 24 66 ki
186 3783 30 27 14
228 3783 31 33 in
274 3787 139 31 London
427 3784 109 33 twelve
550 3783 126 31 months
688 3781 93 36 back,
800 3781 65 31 and
909 3761 6 66 •
976 3791 17 20 e
1008 3776 98 33 found
1120 3780 31 28 to
1164 3776 38 28 be

156 3813 13 50 h
169 3813 13 50 t
181 3813 13 50 l
194 3813 66 50 itlie
274 3827 30 30 fi
304 3827 31 30 ne
335 3827 31 30 st
381 3827 117 30 Pianos
513 3833 72 22 ever
600 3820 118 38 heard;
740 3820 25 30 it
781 3819 55 30 has
959 3828 69 22 new
1044 3817 140 41 Improve-

159 3863 30 50 it
202 3863 61 31 and
285 3865 57 33 has
357 3866 54 31 Six
427 3866 123 28 Octaves
565 3861 63 30 and
643 3858 90 43 Hay'.
775 3858 65 31 Afi
915 3857 14 31 I
946 3857 143 33 osewood
1109 3855 76 33 Cabi-

129 3899 238 50 ‘'QqLtstruinent,
383 3906 49 28 for
443 3909 74 25 tone
531 3901 63 31 and
608 3909 208 33 appearance,
841 3902 120 27 cannot
981 3898 38 30 be
1039 3901 68 27 met
1118 3898 83 30 with.

181 3942 35 22 oa
230 3939 150 41 Guineas,
397 3946 31 27 to
441 3942 38 30 be
494 3940 68 31 sold
575 3942 49 30 for
635 3942 50 30 -16.

219 3973 38 35 be
271 3992 76 20 seen
361 3986 33 27 at
408 3983 63 30 No.
483 3981 47 35 68,
548 3980 99 31 Great
660 3978 244 38 George-street.

131 4002 269 99 kMARRIED
420 4046 304 38 CLERGYMAN,
745 4046 41 31 A.
802 4046 50 38 8.,
868 4043 102 33 whose
987 4043 176 31 Residence
1180 4043 25 30 is

140 4094 35 28 1,,
208 4090 80 27 most
302 4087 186 41 favourably
502 4083 134 33 situated
652 4085 33 30 in
698 4085 54 30 the
767 4083 180 30 immediate
964 4082 72 31 vicit
1052 4082 41 39 *ty
1107 4082 35 28 of
1153 4082 52 28 the

131 4113 176 50 boAwishes
323 4131 30 28 to
369 4128 121 30 receive
506 4126 66 30 into
587 4121 47 33 his
652 4124 104 38 house,
780 4124 20 30 a

791 4123 13 71 t
803 4123 57 71 fter
880 4121 106 31 Christ
1041 4132 22 27 s,
1087 4131 61 20 one
1170 4131 35 19 or

131 4154 236 50 N,;RIVATE
392 4164 175 38 PUPILS,
591 4167 31 28 to
644 4164 110 36 whom,
780 4162 69 31 iis
871 4162 54 30 tho
992 4165 13 25 t
1025 4161 109 39 hardly
1151 4169 35 19 ne-

153 4198 61 55 qtY
230 4203 30 30 to
274 4216 57 30 say
346 4205 83 38 here,
447 4214 94 28 every
559 4206 76 65 respe
635 4206 14 65 i
649 4206 31 65 et
696 4202 63 31 and
778 4202 94 30 attent
872 4202 17 30 .
951 4200 61 31 will
1027 4200 39 31 be
1080 4197 83 46 pai9l.

132 4235 9 46 1
142 4235 19 46 14
183 4239 14 19 e
214 4236 165 39 Publisher
394 4244 35 31 of
438 4243 63 33 this
518 4243 104 41 Paper
649 4241 60 31 sin
726 4239 131 41 possessi
918 4239 33 30 of
965 4239 52 30 the
1033 4247 93 22 name
1142 4236 63 31 and

164 4265 13 39 t
176 4265 39 39 eas
230 4280 35 30 of
276 4283 52 30 the
342 4283 192 36 Advertiser,
553 4283 66 28 who
641 4280 63 31 will
726 4280 38 31 be
786 4279 106 43 happy
906 4283 31 27 to
959 4279 71 41 give
1050 4288 94 30 every
1159 4276 31 33 in-

156 4301 110 76 14111tion,
285 4321 143 44 together
444 4321 74 31 with
540 4320 192 41 respectable
756 4318 184 36 references,
957 4321 33 27 to
1005 4328 63 30 any
1085 4317 120 30 Parent

213 4357 63 35 I.(li
276 4357 25 35 an
324 4364 68 30 who
413 4372 74 30 may
507 4361 106 41 please
636 4362 31 28 to
693 4359 123 31 honour
835 4357 66 31 him
923 4357 74 30 with
1017 4367 19 20 a
1057 4356 148 41 personal

181 4392 14 44 v
195 4392 63 44 iew,
276 4411 35 20 or
326 4402 123 30 written
465 4398 269 33 communication
751 4398 87 38 (post
852 4395 101 41 paid.)

414 4468 208 30 PRESCOT
644 4465 231 33 NURSERY.

192 4506 180 33 •-tiOLAS
394 4507 217 31 JOHNSON
636 4510 124 27 returns
781 4504 49 31 his
852 4507 83 28 most
948 4502 123 31 sincere
1085 4501 118 31 thanks

131 4550 33 25 '4'
208 4540 30 28 to
254 4543 47 33 his
317 4556 169 20 numerous
502 4545 132 31 Friends
650 4546 47 30 for
709 4548 71 36 past
792 4546 135 33 favours,
942 4542 63 31 and
1054 4532 36 49 is
1101 4545 33 27 to
1142 4540 63 30 call

131 4561 9 52 4
140 4561 38 52 1,!'
189 4578 58 33 atte

208 4591 6 38 y
214 4613 8 9 r
222 4613 8 9 ,
252 4591 88 38 ntioy

348 4591 13 43 .
361 4591 28 43 to
403 4597 19 19 a
438 4584 202 39 ieinarkably
649 4584 63 31 fine
723 4584 99 31 Stock
830 4584 36 30 of
909 4580 20 33 V
929 4580 20 33 4
950 4580 20 33 '
1038 4581 30 30 R
1072 4580 91 30 HEN
1170 4580 33 36 S,

189 4620 30 35 !.
219 4620 30 35 13
249 4620 107 35 1.101Th
372 4624 63 30 and
452 4624 90 31 other
554 4622 194 39 SHRUBS,
765 4620 117 33 VINE
969 4620 19 30 d
1005 4617 148 39 PINES,
1167 4622 35 27 at

151 4658 33 49 At
194 4661 16 55 e
209 4661 98 55 arsery
321 4669 35 25 at
370 4665 142 30 Prescot.

211 4698 121 36 thiance
348 4702 80 30 from
444 4702 71 30 'ren
529 4706 31 27 to
578 4702 88 30 Four
679 4701 143 31 o'Clock.

148 4731 128 54 'l,:,ltsure
294 4742 146 30 Grounds
457 4742 162 39 tastefully
633 4740 65 31 laid
718 4743 63 33 out,
797 4739 66 31 and
888 4739 194 30 References
1098 4735 44 38 (if
1159 4745 31 20 re-

159 4794 19 27 ir

180 4780 8 52 k
187 4780 8 52 4
195 4780 8 52 '

233 4780 30 28 to
279 4791 85 20 some
381 4780 35 30 of
433 4780 52 30 the
498 4783 85 28 most
598 4780 153 30 beautiful
770 4778 169 31 situations
961 4776 33 30 in
1016 4776 54 33 the
1093 4773 94 41 neigh-

191 4816 61 58 ,-:od
266 4820 35 30 of
320 4819 181 39 Liverpool.

209 4860 197 33 teen-square.
427 4858 162 35 L;verpord,
608 4857 74 31 Nor.
701 4857 90 31 22nd,
808 4855 85 31 1832.

296 4917 329 30 rAthiIUNABLE
652 4917 115 28 LIMA
789 4913 214 30 CULTINU.

219 4950 153 44 JONES,
405 4954 94 31 HAIR
529 4954 139 30 CUTTER
701 4953 63 31 and
792 4953 203 35 PERFUMER,
1024 4950 159 33 TARLTON-

213 4992 135 41 sTREET,
372 4994 249 38 Church-street,
647 4994 91 38 (nine
759 5002 91 33 years
871 4991 159 46 principal
1049 4989 157 31 Assistant

131 5035 74 44 IN'
219 5022 142 52 Rennie)
375 5033 203 39 reipectfully
592 5043 183 24 announces
792 5036 31 25 to
835 5031 52 30 the
902 5030 117 31 Ladies

129 5028 76 82 PITTEDI'I'
206 5061 17 49 .
224 5061 17 49 4
243 5068 57 30 of
301 5069 197 46 Liverpool
499 5071 49 31 and
550 5072 66 30 its
617 5071 172 39 vicinity,
791 5071 66 31 that
858 5069 47 31 he
907 5069 298 31 has

175 5101 8 43 -
183 5101 9 43 ,
192 5101 19 43 11
220 5106 172 38 additional
408 5110 115 31 HAIR
535 5110 205 31 CUTTING
751 5110 91 31 ROO
883 5134 9 13 ,
956 5107 52 31 ich
1019 5107 63 30 will
1093 5107 112 30 enable

186 5143 27 20 r.O
231 5143 121 39 furnish
373 5150 129 33 distinct
521 5154 194 38 apartments
735 5150 57 36 for-
805 5150 35 31 th
918 5145 231 35 commodation
1173 5148 35 28 of

131 5170 13 57 k
143 5170 41 57 itt
184 5170 13 57 l
197 5170 13 57 e
209 5170 99 57 ,tadies
321 5191 65 31 and
400 5191 189 30 Gentlemen
603 5189 69 31 who
691 5200 72 30 may
778 5189 38 30 be
830 5186 128 43 pleased
970 5191 33 27 to
1014 5186 110 30 favour
1140 5184 65 31 him

129 5220 49 90 tk
216 5220 44 33 eir
274 5233 183 36 patronage.

233 5258 74 52 beys
329 5272 31 27 to
383 5269 61 31 call
466 5268 54 31 the
542 5268 172 41 particular
732 5268 156 33 attention
909 5265 35 33 of
962 5265 191 31 Gentlemen
1173 5268 31 27 to

137 5294 13 47 4
150 5294 52 47 1,7'
202 5294 13 47 1
214 5294 13 47 '
227 5294 13 47 1
239 5294 14 47 y
255 5307 164 31 -invented
433 5307 93 36 WIG,
548 5306 72 33 with
633 5306 126 33 metalic
783 5306 134 41 springs,
942 5304 102 31 which
1057 5302 63 31 will
1132 5302 72 41 defy

154 5321 16 57 ,
170 5321 16 57 l
186 5321 52 57 ost
252 5346 205 41 scrutinizing
471 5357 57 19 eve
542 5350 31 27 to
587 5346 142 31 discover
743 5346 25 30 it
783 5346 80 30 from
876 5345 54 31 the
943 5343 126 31 natural
1085 5343 93 30 Hair.

224 5383 61 30 cial
309 5384 83 33 Hair
414 5386 31 30 in
471 5378 44 39 all
532 5386 39 31 its
595 5384 156 33 varieties.
803 5384 30 31 A
855 5384 87 39 large
964 5384 191 30 assortment
1173 5383 36 30 of

148 5417 33 58 4,
181 5417 16 58 0
197 5417 17 58 „
214 5417 17 58 r
246 5419 90 36 Shell
348 5425 65 31 and
433 5425 90 33 other
537 5424 118 33 Combs
668 5430 35 27 at
717 5424 150 33 Reduced
882 5420 323 43 Prices.—Boarding

129 5476 8 30 t
150 5458 72 44 IV
239 5461 61 31 and
318 5465 150 30 Families
482 5463 159 33 attended.

129 5490 180 49 IYiRS'S
337 5504 146 31 Genuine
512 5502 277 39 CIRCASSIAN
813 5501 173 39 CREAM,
1013 5501 49 31 for
1085 5499 104 31 beauti-

129 5539 65 47 iV
217 5539 194 46 nourishing,
441 5543 65 30 and
531 5542 181 41 promoting
737 5542 52 33 the
814 5542 131 30 Growth
967 5542 36 30 of
1027 5540 91 36 Hair,
1143 5537 63 36 and

129 5572 43 38 thf
181 5565 31 41 41
213 5565 16 41 g
243 5573 24 33 it
277 5578 35 33 in
326 5586 109 38 strong
449 5583 77 35 curl,
553 5583 33 30 in
600 5581 54 33 the
666 5581 143 41 dampest
822 5580 63 31 and
898 5583 146 30 warmest
1058 5580 145 38 weather,

129 5595 178 57 4.t.s4Perior
329 5627 31 25 to
383 5633 65 30 any
460 5622 110 31 article
592 5631 74 20 ever
680 5620 117 33 offered
814 5625 33 27 to
868 5619 55 31 the
945 5619 260 35 Public.—Price

181 5657 22 13 -•
216 5655 54 31 Per
282 5665 63 30 pot.

128 5687 9 93 P
137 5687 87 93 '1111,„,
224 5687 33 93 ---
301 5717 50 31 TO
376 5717 80 30 TEA
476 5717 94 30 AND
592 5717 170 31 COFFEE
783 5715 200 31 DEALERS.
983 5715 25 31 -

129 5761 17 31 L
184 5753 9 39 E
194 5753 19 39 v-
213 5753 9 39 ,
222 5753 9 39 ,
254 5750 36 36 Ad
290 5750 17 36 v
307 5750 128 36 ertiser
458 5754 176 39 (Eighteen
654 5756 99 30 Years
767 5756 36 30 of
813 5757 76 36 age))
913 5754 180 33 is,kesirons
1107 5754 36 28 of
1153 5753 35 33 ob-

156 5786 145 49 tii;'lling
312 5805 19 19 a
346 5794 249 31 SITUATION
613 5805 33 20 as
663 5787 227 38 SHOPMAN
928 5805 14 19 r
953 5792 252 31 ASSISTANT

806 5787 90 117 et
896 5787 46 117 /

164 5820 146 50 et,l4.bove
326 5833 153 31 Business
482 5858 8 6 .
491 5850 39 6 —
532 5833 115 43 Salary
661 5838 58 27 not
737 5843 35 22 so
786 5843 76 36 greit
890 5843 41 22 an
945 5831 107 39 object
1071 5843 35 19 as
1120 5843 19 22 a
1161 5843 30 19 re-

153 5871 98 54 -o,ll'lle
272 5871 425 41 Situation.—Respectable
724 5874 80 30 refer
868 5883 79 20 eas
973 5876 31 28 to
1028 5871 175 38 character,

153 5898 43 60 Let
195 5898 14 60 t
239 5901 36 35 be
291 5912 104 39 given,
414 5912 25 31 if
450 5912 156 39 required.

224 5983 80 43 ately
320 5987 150 33 attended
483 5992 31 28 to

132 5942 123 44 Nvets
269 5950 169 33 addressed
454 5956 30 27 to
498 5951 33 31 J.
545 5951 49 36 F.,
616 5953 33 28 at
661 5950 52 31 the
728 5950 90 33 office
831 5950 36 31 of
883 5950 65 33 this
961 5959 107 30 paper,
1091 5948 61 31 will
1169 5948 36 28 be

139 6008 49 54 ~11-
187 6008 11 54 1
198 6008 63 54 ----,
291 6008 6 54 ,
318 6008 6 54 ,

128 6039 178 85 tkopial
350 6039 225 77 FOUNDRYa

850 6043 101 77 (Late
951 6043 20 77 W
972 6043 5 82 t
978 6044 55 69 l)ort
1033 6044 11 69 ß
1046 6046 11 74 i
1057 6046 13 74 r
1069 6046 13 74 S
1082 6046 25 74 ,.
1110 6083 83 41 Lyon

129 6123 36 41 ps't
165 6129 14 25 n
197 6113 17 47 -
214 6113 36 47 14
287 6120 137 44 Porter,)
447 6123 63 41 beg
554 6126 33 28 to
609 6134 178 27 announce,
813 6121 71 31 that
918 6112 120 52 Wooing
1058 6124 148 30 removed

142 6139 6 66 l
148 6150 28 46 'lLl
176 6139 6 66 t
183 6150 24 46 ,,,
208 6139 20 54 W
228 6139 85 54 ater
313 6167 120 35 -street,
450 6164 76 41 they
542 6164 80 30 have
649 6172 71 22 now
748 6172 19 22 a
792 6172 76 22 cons
965 6161 113 44 supply
1102 6162 36 31 of
1153 6162 54 31 the

129 6194 246 39 Lkationed
402 6202 135 33 Articles
551 6213 43 22 on
616 6202 74 38 sale,
717 6202 76 31 both
835 6205 13 28 t
898 6213 16 19 e
931 6202 208 38 Warehouse,
1161 6200 44 39 19,

128 6216 140 68 (1111:Ide
291 6239 180 33 Salt-house
490 6243 102 36 Dock,
617 6243 63 30 and
706 6246 33 28 at
761 6241 35 31 th
868 6243 197 39 anufactory,
1080 6238 106 35 Wafer-

132 6272 35 30 sl4
178 6266 5 57 ,
213 6266 38 31 ad
288 6287 79 25 near
395 6282 146 30 Prince's
569 6282 102 36 Dock,
701 6285 35 27 at
767 6282 101 30 which
894 6280 96 31 latter
1024 6282 101 41 place,
1154 6280 52 33 the

128 6320 43 41 b,
170 6290 13 87 L
183 6290 13 87 :
195 6290 28 87 10
224 6290 43 87 .11
280 6313 39 35 be
335 6320 49 30 for
397 6320 54 31 the
465 6321 115 30 future.

94 6307 19 187 1

91 6348 3 91 ,
124 6348 33 91 Fl
157 6348 35 91 it
192 6348 17 91 ;
222 6350 27 90 be
249 6350 13 90 h
261 6350 13 90 e
274 6350 27 90 Tt
301 6350 13 90 i
313 6350 13 90 l
326 6350 13 90 s
339 6350 28 90 zi
367 6350 14 90 a
381 6350 14 90 l
395 6350 28 90 s,
424 6350 43 90 ltl
466 6350 14 90 t
480 6350 14 90 s
494 6350 14 90 i
509 6350 14 90 ,
523 6350 28 90 ng
551 6350 14 90 ß
565 6350 14 90 a
580 6350 14 90 u
594 6350 14 90 n
608 6350 28 90 tt
636 6350 14 90 i

665 6359 238 110 sl3huniltastinjliNeeal

850 6398 102 39 Nails,
972 6400 104 39 Pump

1087 6359 9 77 C
1096 6359 9 77 T
1106 6359 9 77 l
1115 6359 9 77 a
1124 6359 9 77 e
1134 6359 9 77 c
1143 6359 9 77 n
1153 6359 9 77 k
1162 6359 11 77 c
1173 6359 11 77 s
1184 6359 11 77 h
1195 6359 11 77 ,

142 6427 36 71 D,
194 6420 117 58 Paght
323 6438 128 43 Copper
472 6438 93 31 Nails
587 6438 36 31 of
635 6438 44 31 all
691 6439 87 36 sizes,
795 6439 106 31 Cocks
917 6439 36 30 of
964 6449 94 31 every
1071 6438 120 44 descrip-

94 6460 6 57 ,
150 6460 63 49 tiu„'
213 6460 25 49 11
238 6460 27 49 1)
280 6472 134 44 Closets,
431 6477 57 31 &c.

76 6507 22 35 11
123 6488 11 90 1
134 6488 11 90 4
189 6488 11 90 5
200 6488 11 90 e
211 6488 68 90 ,t(til
291 6512 118 43 Plates,
428 6517 132 30 Rudder
583 6515 112 38 Work,
721 6517 126 41 Engine
871 6517 65 30 and
961 6517 74 31 Mill
1047 6517 159 43 Castings,

65 6535 5 43 1
121 6535 6 43 '
198 6535 43 33 m's

317 6554 96 33 Brass
427 6556 106 31 Work
545 6556 35 31 of
597 6567 101 30 every'
713 6556 203 41 description,
940 6556 91 31 made
1058 6561 33 27 to
1113 6559 93 28 order

129 6564 107 49 \Patt
236 6564 22 49 e

110 6598 17 25 '1
173 6602 80 22 ---...._
261 6595 44 25 tn.

276 6644 146 38 BRASS
446 6650 236 38 FOUNDRY,
706 6650 68 31 liTh

36 6644 16 47 'i
52 6644 9 47 l

128 6661 22 57 i
150 6661 22 57 t
172 6661 46 57 ob

369 6701 88 22 LATE
480 6701 162 22 WEBSTER
665 6701 71 22 AND
757 6699 8 20 F
765 6699 8 20 ,

128 6713 13 44 L
140 6713 13 44 i
191 6715 38 82 l'
230 6707 50 52 ~N
282 6720 224 43 FORSHAW
532 6731 63 30 and
624 6729 150 31 WILLL

83 6757 14 33 p
131 6757 16 17 'V
164 6770 13 22 v
189 6757 41 36 o'
230 6757 22 36 B
287 6764 11 28 f

454 6769 148 33 THOMAS
617 6769 153 31 WEBSTE

52 6792 9 41 1
110 6756 3 90 °
129 6761 22 77 44
151 6761 24 77 A%
189 6767 175 79 '4"°(l.thpeO
376 6769 63 31 late

435 6809 36 30 of
487 6809 52 30 the
565 6808 99 31 Stock
685 6809 35 30 in
732 6808 28 31 T

52 6809 17 113 4
69 6809 55 113 401
124 6809 19 113 i
143 6809 38 113 .u
181 6809 76 113 4the
257 6809 38 113 ls
294 6809 38 113 ab
332 6809 19 113 s
351 6809 76 113 O've
455 6849 150 30 Concern
627 6852 30 27 to
679 6849 71 31 Mes

61 6871 3 49 '
159 6885 14 28 1,
173 6871 6 49 ,
180 6885 8 28 e
206 6871 102 41 'ILL
331 6887 63 31 and
416 6887 216 33 WILLIAM
654 6887 94 33 COM

143 6912 14 35 I
157 6912 14 35 t
172 6912 14 35 ,
202 6904 77 41 Illost
290 6924 208 43 particularly
510 6931 33 27 to
557 6926 203 31 recommend

110 6939 33 63 'l
143 6939 16 63 t
159 6939 50 63 'Qs
209 6939 83 63 l.°l.
293 6939 220 63 a.continuanee
535 6967 36 30 of
587 6967 52 43 the
665 6967 96 31 favou

47 6976 6 69 !
109 6992 55 35 ,:e
165 6976 46 66 ft
389 7005 43 41 by
454 7005 88 33 them
561 7005 65 31 will
650 7005 39 33 be
717 7014 38 31 pr
772 6976 2 69 I

124 7054 219 94 kt\lielWGlLL
357 7121 66 33 and
436 7123 184 31 COMER
620 7121 33 30 in
669 7131 58 22 sue
107 7054 9 140 f
126 7054 9 140 1
145 7054 38 140 leit
200 7135 31 44 c,,d
247 7142 117 46 Messrs
391 7161 176 31 WEBSTER
584 7146 65 47 and
671 7159 57 31 Foi

137 7178 14 27 4
169 7189 9 31 i
220 7176 14 54 r
235 7176 85 54 ierids
342 7183 87 47 andi

428 7202 52 30 the
506 7200 124 38 Public,
647 7198 69 33 that

124 7244 27 38 44
198 7247 30 33 to
106 7216 8 27 ~
124 7198 43 63 tik
167 7198 14 63 t
181 7198 14 63 :
213 7216 39 33 all
271 7224 38 36 its
328 7233 156 39 branches
501 7250 43 20 on
567 7239 52 31 the
643 7238 85 41 sam4

239 7266 72 35 /Ilan
335 7272 16 31 f
387 7282 14 25 t
469 7279 94 33 Nails
576 7280 36 31 of
622 7279 44 31 all
679 7290 49 19 sor

124 7272 13 36 %
137 7272 13 36 1
189 7288 33 20 ,„
313 7282 71 25 uac
402 7288 55 22 ure

2 7317 8 16 ,
140 7304 44 38 'N
209 7301 66 38 `.4Y
302 7312 94 82 other
397 7312 20 82 ,
420 7318 195 41 description

90 7354 8 17 k
140 7318 14 61 4
154 7318 14 61 s
169 7318 85 61 tiilli
254 7318 14 61 g
282 7343 135 50 Copper,
436 7357 128 44 Copper
576 7357 102 39 Bolts,
694 7369 33 22 at

0 7348 61 156 (.1♦

47 7457 14 36 ''

58 7343 5 200 '
93 7343 24 200 1

795 6650 192 33 G-STREE

795 6699 139 24 IRSHAW.

795 6728 44 30 LM
865 6728 22 35 U
910 6728 22 35 0
956 6728 22 35 f

795 6808 52 43 14e,
877 6811 58 27 ,:t'

795 6887 28 38 Et,

795 6935 11 22 D
841 6935 30 20 .e

795 6991 6 13 ,

951 6731 112 38 iGES,
1087 6731 104 33 Execu-

948 6780 178 28 announce,
1143 6772 68 30 that

896 6811 129 35 Aterns,
1043 6809 63 31 and
1120 6809 91 31 Busi-

894 6846 66 33 HN
984 6849 225 31 MARSDEN

868 6896 63 27 an.,
946 6887 102 33 whom
1063 6890 76 43 they
1151 6890 60 41 beg

843 6935 30 20 le
888 6924 134 33 Friends
1036 6928 35 30 of
1083 6928 50 36 the
1148 6928 61 33 late

831 6965 82 39 being
932 6967 129 30 assured
1083 6967 66 35 that
1170 6969 41 30 all

831 7005 44 41 ay
901 7005 63 30 and
991 7005 220 43 satisfactorily

783 7120 77 41 (ding
872 7128 33 28 to
920 7123 55 31 the
986 7123 65 31 late
1061 7123 148 33 Concern

724 7162 22 117 t
746 7162 24 117 P

767 7162 91 38 HAW,
872 7164 63 41 beg
946 7164 90 31 leave
1050 7167 31 28 to
1098 7164 113 31 inform

750 7202 38 31 he
802 7200 148 38 busines4
961 7202 65 33 will
1036 7202 39 31 be
1090 7203 121 31 carried

773 7243 142 36 remisei,
929 7243 101 30 where
1047 7243 74 41 they
1137 7254 57 22 con-

724 7282 44 33 rts,
781 7279 110 39 Hqlqk
906 7282 66 31 and
984 7282 79 39 Ship
1076 7282 134 38 Closets,

724 7318 192 41 opperffand
943 7320 96 33 Brass
1061 7321 148 31 Articles.

724 7357 33 33 act
772 7354 104 36 Block
887 7359 72 39 Tin,
976 7361 180 41 constantly
1169 7372 41 19 on

1254 5972 301 35 PREVENTION
1578 5975 58 30 OF
1660 5975 124 31 COLD
1808 5973 43 33 IS
1872 5975 30 30 A
1926 5972 357 33 PRESERVATIVE
2309 5972 57 33 OF

1706 6011 205 31 HEALTH.

1294 6049 153 35 NDIAN
1465 6049 186 33 RUBBER
1668 6049 150 33 SHOES
1831 6049 77 31 offer
1921 6058 43 22 an
1976 6060 17 19 e
2035 6041 90 38 anal
2137 6049 183 39 preventive
2334 6049 35 33 of

1250 6093 35 31 I
1313 6096 60 27 wet
1386 6101 38 20 or
1435 6090 71 31 cold
1518 6090 71 38 feet,
1613 6088 43 43 by
1669 6090 98 41 being
1787 6099 88 24 worn
1898 6099 39 24 ov
1984 6088 91 31 other
2094 6087 91 33 shoes
2206 6098 36 22 or
2263 6088 101 39 boots,

1249 6131 117 43 during
1376 6129 55 33 the
1444 6131 110 31 winter
1569 6139 121 22 season.

1288 6172 46 30 As
1346 6183 19 19 a
1387 6169 129 41 remedy
1531 6170 47 31 for
1600 6169 54 33 the
1669 6169 93 39 Gout,
1784 6167 52 33 the
1913 6167 54 31 ian
1991 6167 132 31 Rubber
2145 6165 109 39 Shoes,
2279 6176 85 22 worn

1249 6209 132 33 without
1402 6209 115 36 others,
1542 6208 43 41 by
1606 6208 183 43 promoting
1811 6206 219 44 perspiration,
2057 6206 80 33 have
2161 6206 83 31 been
2268 6206 96 33 found

1250 6249 128 44 equally
1394 6249 189 30 efficacious.

1339 6283 189 36 SAMUEL
1542 6287 216 33 JOHNSON
1773 6287 63 31 and
1852 6285 124 39 SONS,
1992 6285 63 31 No.
2068 6285 30 43 4,
2115 6285 247 38 Church-street,

1403 6328 65 30 and
1483 6326 120 31 Albion
1603 6323 183 43 buildings,
1805 6324 63 33 Old
1879 6324 211 41 Haymarket,
2106 6324 181 41 Importers.

1269 6384 28 31 A
1320 6383 309 33 FAVOURABLE
1628 6380 313 36 OPPORTUNITY
1957 6383 87 30 FOR
2054 6383 104 30 .ANY
2175 6380 173 33 PERSON

1424 6420 189 33 WISHING
1636 6420 52 31 TO
1709 6420 247 33 COMMENCE
1973 6420 217 46 pUSINESS.

1249 6463 106 72 TO
1376 6461 39 31 be
1438 6460 231 33 DISPOSED
1691 6460 68 39 OF,
1787 6460 33 31 in
1843 6471 96 22 conse
1983 6471 79 22 ence
2080 6461 36 31 of
2142 6461 52 31 the
2217 6458 93 31 death
2332 6457 35 31 of

1365 6502 52 31 the
1436 6501 191 41 Proprietor,
1643 6512 19 19 a
1676 6498 112 44 highly
1800 6510 49 24 res
1872 6510 17 19 e
1967 6501 28 30 le
2020 6501 65 30 and
2109 6504 126 36 genteel
2258 6498 79 33 REA-

1254 6540 247 33 DY-MONEY
1524 6539 235 39 BUSINESS,
1776 6539 60 31 situ
1931 6539 33 33 in
1980 6548 60 24 one
2054 6540 52 31 ofl
2106 6540 17 31 -
2123 6540 36 31 he
2172 6540 69 35 best
2254 6539 110 30 streets

1250 6581 35 30 in
1302 6580 180 47 Liverziol,
1498 6580 65 30 and
1576 6580 102 30 which
1699 6580 57 30 has
1780 6578 38 30 be
2106 6578 124 38 carried
2254 6587 39 20 on
2317 6576 47 31 for

1254 6620 52 30 the
1320 6620 63 30 last
1395 6619 148 41 eighteen
1557 6630 101 31 years.
1702 6619 30 31 It
1756 6628 54 20 ma
1852 6617 38 31 be
1912 6619 161 43 managed
2093 6619 43 41 by
2151 6630 25 19 a
2186 6616 101 43 'Lady
2309 6619 57 27 not

1254 6660 252 39 understanding
1531 6669 58 35 any
1589 6669 20 35 .
1620 6658 159 31 business.
1839 6660 14 27 t
1872 6657 65 31 will
1965 6658 121 39 require
2113 6660 80 31 from
2222 6655 87 33 £6OO
2332 6658 31 27 to

1254 6699 85 33 £BOO
1353 6701 31 28 to
1398 6706 93 33 carry
1506 6698 25 31 it
1545 6709 41 20 on
1602 6707 33 20 in
1647 6698 55 30 the
1723 6704 87 25 same
1824 6696 80 39 style
1920 6707 35 20 as
1969 6701 33 27 at
2016 6702 137 35 present.
2197 6694 106 41 Every
2317 6704 31 20 as-

1254 6739 137 30 sistance
1413 6735 66 31 will
1501 6737 39 30 be
1556 6737 104 39 given,
1676 6735 66 33 and
1754 6735 76 31 time
1844 6737 49 30 for
1906 6740 162 36 payment,
2098 6737 27 31 if
2142 6734 153 43 required,
2318 6734 47 30 for

1254 6776 52 30 the
1321 6775 88 31 stock
1424 6775 65 30 and
1502 6776 156 30 Fixtures.
2272 6805 8 2 _

1293 6814 137 35 Finther
1455 6814 189 39 particulars
1663 6824 76 33 may
1751 6814 39 31 be
1805 6813 65 31 had
1885 6814 44 39 (if
1943 6814 44 39 by
2008 6814 102 39 letter,
2126 6809 175 46 post-paid)
2323 6809 41 41 by

1254 6855 153 39 applying
1420 6857 33 27 at
1468 6854 63 33 No.
1551 6855 28 38 3,
1602 6854 249 33 Church-street.

1654 6918 118 31 LORD
1794 6917 186 33 SANDON.

1252 6954 143 76 THE
1417 6954 276 35 COMMITTEE
1715 6957 35 30 of
1765 6956 52 31 the
1839 6954 206 35 FRIENDS
2061 6957 36 30 of
2113 6951 126 46 L9RD
2261 6950 79 33 SAN-

1370 6994 96 33 DON
1480 6997 148 30 consider
1641 6997 25 30 it
1680 6994 169 49 respectful
1865 6998 30 28 to
1910 6994 54 33 the
1978 7000 90 38 great
2080 6997 52 30 b..
2176 6994 36 30 of
2224 6991 88 33 Elect
2312 6991 54 33 Ors

1254 7036 71 31 who
1339 7046 52 22 are
1405 7031 143 36 desirous
1561 7036 35 31 of
1613 7039 181 36 promoting
1806 7033 47 31 his
1871 7038 107 28 return
2008 7027 6 49 ;
2110 7031 140 36 'ensuing
2272 7027 76 31 Elec-

1255 7076 77 36 tion,
1354 7072 65 33 and
1431 7076 33 28 to
1479 7074 54 31 the
1546 7076 231 39 Constituency
1792 7077 33 27 at
1838 7072 96 43 large,
1951 7079 31 27 to
2024 7072 205 33 ...municate
2239 7072 30 25 to
2280 7066 85 31 them

1255 7115 77 38 that,
1348 7113 35 31 in
1402 7123 219 31 consequence
1646 7117 35 30 of
1698 7113 52 31 the
1776 7112 203 47 melancholy
2043 7120 60 27 eut
2120 7107 101 35 which
2243 7106 55 30 has
2320 7113 31 27 re-

1254 7156 109 39 cently
1376 7154 153 30 occurred
1542 7154 33 30 in
1589 7154 49 30 his
1665 7151 187 39 Lordship's
1880 7153 135 39 Family,
2050 7151 49 31 his
2126 7145 146 43 personal
2291 7154 57 20 can-

1254 7205 71 20 vass
1339 7192 63 31 will
1414 7192 39 31 be
1469 7194 191 41 necessarily
1674 7189 134 43 delayed
1822 7191 47 33 for
1879 7191 19 33 a
1906 7194 58 31 few
1973 7192 88 39 days.
2079 7184 3 50 ,
2106 7187 52 33 He
2167 7187 35 36 is,
2213 7184 151 36 however,

1254 7231 154 43 expected
1420 7231 36 33 in
1472 7233 178 46 Liverpool,
1668 7241 41 22 on
1724 7230 142 41 Monday
1880 7238 87 33 next,
1984 7233 88 31 when
2090 7230 38 30 he
2143 7227 63 30 will
2220 7224 79 30 have
2313 7222 55 31 the

1255 7271 143 43 pleasure
1414 7272 35 31 of
1465 7272 161 41 soliciting
1639 7272 54 31 the
1715 7272 85 31 votes
1816 7271 41 31 or
1868 7272 52 31 the
1942 7271 156 33 Electors.

1808 7309 217 33 CHARLES
2049 7301 276 38 LAWRENCE,

2027 7345 186 33 Chairman.

1294 7389 288 38 Conuktittee-Roam,
1600 7391 113 36 Gq14101.4
1732 7391 83 33 Lion,
1839 7387 69 35 MR:,
1932 7391 47 36 21,
2005 7386 85 33 1832.

1397 3151 337 50 TpollowuooD
1756 3154 77 39 begs
1847 3151 203 43 respectfully
2074 3154 31 28 to
2118 3153 63 30 call
2195 3153 52 31 the
2261 3154 87 30 atten-

1871 3203 80 110 le

1243 3157 139 69 Wib
1419 3198 66 28 two
1501 3194 36 31 of
1554 3194 197 43 Newspaper
1767 3192 101 41 Propr
1901 3197 65 28 tors
2055 3186 115 43 Others,
2189 3195 31 28 to
2233 3203 19 20 a
2266 3189 98 35 series

1243 3236 35 31 of
1288 3233 115 31 NEW
1419 3231 181 33 FOUNTS
1614 3230 142 43 recently
1770 3231 104 41 compl
1946 3230 6 43 ,
1967 3231 82 30 from
2068 3230 124 31 RUBY
2206 3231 157 41 upwards,

1244 3274 63 31 and
1323 3272 112 36 which,
1457 3272 39 30 he
1512 3272 120 30 flatters
1655 3269 134 39 himself,
1813 3280 54 20 are
1923 3280 54 20 ore
2000 3269 206 41 particularly
2227 3269 137 41 adapted

1244 3315 52 30 for.
1312 3313 195 41 Newspaper
1531 3317 161 36 purposes.
1734 3309 107 41 Every
1865 3310 157 31 attention
2047 3309 69 35 has-
2129 3310 80 30 been
2231 3310 74 39 paid
2317 3313 47 27 -to

1244 3354 52 30 the
1312 3351 217 36 construction
1543 3351 35 30 of
1603 3350 52 31 the
1683 3350 120 36 Letter,
1824 3353 33 28 to
1882 3350 88 31 unite
1992 3361 33 20 as
2050 3350 96 31 much
2170 3359 35 20 as
2227 3350 137 39 possible,

1244 3394 151 39 elegance
1408 3392 36 31 of
1457 3391 96 41 shape
1565 3391 74 30 with
1654 3387 183 47 durability.

1282 3431 69 31 The
1369 3428 208 44 Suppliiment
1589 3435 31 27 to
1646 3427 52 33 the
1721 3428 169 41 Specimen
1918 3427 49 31 for
1994 3427 85 36 1832,
2101 3427 189 41 containing
2310 3427 54 31 the

1246 3471 194 43 Newspaper
1452 3469 129 39 Fotmts,
1595 3479 76 31 may
1685 3468 38 31 be
1737 3468 63 31 had
1813 3476 43 22 on
1868 3477 63 31 any
1945 3468 194 41 respectable
2156 3468 205 39 application.

1285 3510 146 36 London,
1457 3510 211 35 Fann-street,
1693 3509 83 30 Nov.
1795 3507 25 31 1.

1740 1392 13 13 •
1770 1394 27 16 fol,
1814 1394 11 11 •
1857 1394 11 11 •

1937 1542 5 24 •
1948 1542 68 24 fri4

1373 1578 27 30 T'

1482 1608 36 24 --,
1518 1608 25 24 IC

1696 1676 3 27 '
1948 1680 20 20 n
1975 1676 3 27 •
2046 1676 16 27 d'
2061 1676 9 27 [

1364 1696 36 69 .f
1400 1696 19 69 f
1561 1706 27 27 SV
1587 1706 14 27 P
1602 1706 14 27 '

1320 1740 110 77 ,4!)/
1518 1761 93 57 ;17.,0
1879 1739 52 77 4t
1931 1739 52 77 l-

1850 1928 43 35 rn'
1893 1928 16 35 T

1537 1995 321 33 WOOLFIELD'S
1879 1843 354 191 BAZA;nntliNiia:

1409 2038 80 31 Nos.
1502 2038 36 31 71
1556 2039 27 28 &
1595 2038 47 36 72,
1660 2036 302 35 CUURCR-STREET,
1986 2035 211 30 LIVERPOOL.

1676 2071 254 35 EMPORIUM

1778 2112 49 30 for
1904 2112 5 30 •

1450 2153 143 41 Superior
1594 2153 19 41 -
1624 2143 209 38 LONDON'
1841 2146 309 39 JEWELLERY;

1244 2194 126 39 Snperb
1403 2191 222 41 BRONZES,
1660 2186 261 36 PENDULES,
1951 2187 235 31 •CHIMNEY
2222 2189 142 31 ORNA-

1277 2225 5 46 '
1438 2231 181 39 MENTS,-
1630 2227 167 35 LAMPS,
1819 2225 351 39 CHANDELIERS,

1772 2263 65 31 and

1457 2310 57 31 All
1526 2310 54 31 the
1594 2306 124 33 various
1731 2301 118 31 FANCY
1866 2301 285 35 MANUFACTURES

1786 2340 35 33 of

1517 2383 159 44 England,
1694 2381 134 38 France,
1846 2380 173 44 Germaoy,
2035 2383 58 30 &c.

1655 2420 230 39 Manufactory
1898 2416 65 36 for'

1361 2458 403 39 DRESSING-CASES,
1781 2458 389 43 WRITING-DESKS,
2186 2461 63 33 and

1482 2498 5 35 .
1643 2498 324 35 WORK-BOXES.

1283 2542 79 31 This
1381 2545 120 39 unique
1523 2537 261 46 Establishment,
1813 2535 124 33 besides
1964 2539 52 30 the
2041 2539 153 33 immense
2217 2540 99 31 Stock
2340 2540 24 31 it

1246 2589 69 24 now
1326 2584 156 36 contains,
1498 2581 63 31 and
1575 2580 102 30 which
1691 2580 27 30 is
1732 2578 181 39 constantly
1926 2576 172 44 changing,
2115 2580 61 30 will
2191 2580 38 28 be
2241 2575 123 44 greatly

1244 2620 164 33 increased
1417 2633 46 20 •ou
1479 2620 52 33 the
1553 2617 117 33 arrival
1682 2620 36 30 of
1735 2619 36 31 T.
1786 2617 203 30 17troolfield's
2011 2622 109 27 recent
2140 2617 169 41 purchases
2329 2628 35 20 in

1246 2660 102 38 Paris,
1364 2660 187 41 amounting
1565 2665 33 27 to
1613 2658 146 43 upwards
1773 2658 35 31 of
1819 2658 104 31 £2tX/0
1934 2657 107 38 worth,
2057 2658 36 30 of
2104 2658 52 30 the
2172 2660 117 28 newest
2301 2657 63 30 and

1244 2699 139 31 choicest
1398 2701 146 36 Articles,
1567 2701 99 38 being
1679 2699 54 31 the
1748 2698 202 41 productions
1970 2699 36 28 of
2022 2698 63 30 the.
2093 2698 90 30 Paris
2198 2694 165 30 Manufac-

1244 2743 85 25 tures
1351 2739 50 31 for
1422 2740 52 31 the
1496 2739 178 33 Christmas
1693 2739 99 36 trade,
1817 2739 35 38 (a
1874 2735 109 43 period
2003 2735 164 39 expressly
2181 2734 117 31 chosen
2312 2734 49 31 for

1244 2776 153 43 bringing
1411 2780 134 30 forward
1556 2778 82 31 their
1649 2780 140 38 greatest
1803 2773 180 41 novelties.)
2025 2775 106 30 These
2142 2772 104 33 Goods
2257 2772 41 30 T.
2307 2772 54 33 W.

1246 2820 128 36 expects
1389 2817 63 31 will
1465 2817 44 31 all
1520 2817 80 30 have
1616 2813 126 35 arrived
1753 2816 44 39 by
1808 2816 54 30 the
1879 2814 71 31 10th
1967 2814 90 36 Dec.,
2074 2813 72 38 and,
2161 2811 44 41 by
2213 2809 54 33 the
2280 2809 80 41 17th,

1246 2857 38 30 he
1298 2850 99 47 hOpes
1411 2861 31 27 to
1457 2857 80 33 have
1553 2857 52 30 the
1619 2854 101 31 whole
1734 2854 99 41 ready
1841 2854 55 30 for
1909 2850 106 43 public
2028 2850 187 47 inspection.

1283 2896 39 31 In
1343 2896 55 31 the
1420 2896 181 36 meantime,
1624 2894 39 30 T.
1679 2891 85 33 W.'s
1786 2891 263 41 correspondents
2074 2901 35 20 in
2131 2888 145 36 London,
2298 2891 66 31 and

1246 2935 47 30 his
1318 2945 69 20 own
1408 2935 224 39 work-people,
1658 2942 54 20 are
1734 2931 104 41 busily
1852 2931 146 41 engaged
2019 2931 33 30 in
2077 2928 194 39 completing
2293 2937 71 24 new

1247 2976 148 30 Patterns
1414 2975 36 31 of
1468 2973 77 31 both
1564 2972 104 33 useful
1690 2969 63 33 and
1773 2970 202 39 ornamental
1994 2969 117 36 Goods,
2134 2965 99 31 suited
2254 2970 33 27 to
2309 2967 52 31 the

1244 3024 123 19 season.

1413 3080 58 30 TO
1496 3074 323 35 PROPRIETORS
1841 3074 99 30 AND
1962 3072 233 31 PRINTERS

1597 3117 57 30 OF
1676 3112 351 35 NEWSPAPERS._

1605 3564 110 30 NEW
1737 3564 159 30 ANGEL
1918 3561 94 33 INN.

1337 3605 206 36 TOWERS,
1561 3605 36 28 of
1611 3603 52 30 the
1694 3602 164 30 Waterloo
1890 3600 107 36 Hotel,
2022 3600 123 33 Crosby
2169 3600 61 30 Sea
2254 3598 106 38 Bank,

1246 3644 66 31 O.
1356 3647 83 25 most
1455 3641 202 43 respectfully
1679 3639 241 41 acknowledges
1940 3639 54 30 the
2016 3635 118 35 liberal
2153 3638 91 31 share
2260 3639 33 30 of
2318 3641 31 28 fa-

1246 3691 91 19 vours
1353 3682 69 28 that
1436 3682 38 27 he
1491 3680 55 30 has
1562 3679 143 30 received
1720 3680 83 30 from
1817 3680 49 28 his
1882 3679 134 30 Friends
2030 3682 35 25 at
2074 3679 54 30 the
2137 3679 99 33 above
2252 3679 106 41 Hotel,,
2357 3679 16 41 i

1246 3720 63 28 and
1323 3728 184 22 announces
1521 3723 31 25 to
1567 3717 88 33 them
1676 3717 66 33 and
1754 3717 54 31 the
1824 3717 113 31 Public
1959 3717 68 30 that
2050 3717 39 28 he
2106 3717 55 30 has
2175 3717 131 31 entered
2320 3728 49 20 on,

1246 3757 52 30 the
1313 3757 110 30 NEW
1446 3756 157 31 ANGEL
1627 3754 94 39 INN,
1739 3757 65 30 and
1825 3754 167 38 HOTEL,
2019 3756 101 30 DALE
2123 3765 153 28 -STREET,
2301 3756 39 31 LI-

1246 3805 165 30 VERPOOL,
1428 3795 101 31 which
1545 3795 57 33 has
1616 3795 142 41 recently
1778 3795 82 31 been
1887 3795 117 31 rebuilt
2025 3795 65 31 and
2113 3795 90 31 fitted
2224 3806 43 30 up
2287 3795 74 31 with

1246 3836 44 31 all
1304 3836 52 31 the
1370 3836 131 33 modern
1518 3838 243 41 improvements
1775 3836 49 33 for
1838 3836 65 31 the_
1912 3835 208 33 comfortable
2140 3835 198 30 accommoda-

1246 3879 69 30 tion
1340 3879 36 30 of
1402 3879 195 39 respectable
1627 3876 162 39 Families,
1824 3874 189 39 Travellers,
2044 3872 65 33 and
2142 3872 228 33 Commercial'

1247 3917 202 30 Gentlemen.

1285 3954 35 31 S.
1342 3954 145 31 TOWERS
1512 3953 205 47 respectfully
1737 3951 98 41 hopes
1855 3954 52 44 for
1923 3964 19 20 a
1957 3953 91 31 share
2063 3953 36 30 of
2113 3953 110 39 public
2239 3950 118 33 favour,

1246 3994 65 31 and
1324 4002 123 22 assures
1461 3992 49 30 his
1526 3992 134 31 Friends
1674 3994 71 30 that
1753 4000 41 22 no
1803 3997 143 30 exertion
1959 3992 80 30 shall
2054 3994 39 28 be
2104 3991 142 38 wanting
2260 3998 41 19 on
2310 3986 50 36 his

1246 4036 72 36 part
1331 4036 33 25 to
1378 4041 112 20 ensure
1513 4031 83 31 their
1616 4030 134 35 comfort
1778 4031 63 30 and
1857 4024 17 38 °
1874 4024 222 38 convenience.
2137 4031 30 27 A
2189 4028 85 38 large
2298 4027 63 30 and

1246 4069 145 41 spacious
1419 4069 137 33 COFFEE
1592 4072 102 30 ROOM
1723 4068 27 30 is
1776 4069 148 31 attached
1953 4074 31 27 to
2013 4069 54 31 the
2094 4066 261 36 Establishment,

1246 4109 102 31 where
1364 4107 143 35 Dinners
1520 4110 66 31 and
1606 4106 239 35 Refreshments
1871 4109 65 31 will
1954 4109 39 30 be
2016 4106 110 33 served
2140 4113 41 22 on
2205 4102 52 31 the
2279 4110 94 27 most,

1246 4148 186 31 reasonable
1447 4154 106 31 terms,
1570 4150 76 31 with
1660 4146 112 31 Wines
1789 4148 63 30 and
1868 4150 135 36 Liquors
2011 4150 36 27 of
2057 4146 54 30 the
2124 4143 235 44 firstqualities.

1326 4186 77 35 HOT
1419 4189 63 31 and
1496 4189 96 31 COLD
1614 4186 121 31 Barils
1759 4195 54 22 are
1828 4186 90 31 fitted
1931 4195 43 31 up
1989 4195 41 20 on
2046 4184 52 31 the
2115 4183 167 33 Premises.

1413 4230 55 28 An
1482 4224 249 35 ORDINARY
1745 4235 94 30 every
1854 4224 71 38 day,
1943 4228 33 25 at
1989 4227 60 25 two
2065 4220 134 30 o'clock.

1285 4265 44 33 N.
1345 4265 151 36 B.—The
1531 4261 263 36 WATERLOO
1830 4261 167 36 HOTEL,
2041 4257 183 35 CROSBY
2272 4258 87 36 SEA

1246 4307 142 35 BANK,
1403 4307 60 31 TO
1485 4306 58 31 BE
1772 4301 181 30 immediate
1967 4301 189 38 possession.
2197 4301 69 31 The
2287 4301 58 31 Fix-

1246 4351 94 31 tures,
1357 4345 180 38 Furniture,
1550 4342 180 43 Carriages,
1748 4339 131 39 Horses,
1896 4339 65 31 and
1978 4339 156 39 Harness,
2156 4350 76 35 may
2244 4342 41 31 be
2299 4342 61 31 had

1246 4391 33 25 at
1293 4397 19 19 a
1326 4386 61 30 fair
1402 4384 170 31 valuation.

1244 4454 241 38 ITV-LOMAS
1501 4450 302 33 TATTERSALL
1820 4449 184 31 Wholesale
2020 4449 115 31 SLOP
2159 4450 200 36 DEALER,

1260 4491 43 33 1
1332 4488 5 44 •
1359 4491 76 41 begs
1444 4491 90 31 leave
1548 4494 33 28 to
1594 4494 110 27 return
1718 4490 47 31 his
1786 4493 82 28 most
1888 4491 71 41 grat
1978 4488 49 31 ful
2052 4488 309 43 acknowledgments

1246 4535 31 25 to
1287 4531 52 30 the
1353 4532 186 28 Merchants
1553 4532 36 28 of
1606 4531 180 41 Liverpool,
1802 4531 49 30 for
1869 4531 54 28 the
1956 4539 55 30 cry
2038 4529 115 30 liberal
2172 4534 131 35 support
2323 4529 38 28 he

1246 4570 57 31 has
1318 4570 142 31 received
1482 4569 115 41 during
1619 4569 52 33 the
1693 4569 60 33 last
1770 4569 117 41 Eighte
1943 4580 90 33 years
2049 4569 33 31 in
2098 4569 52 31 the
2164 4569 99 31 above
2279 4569 66 31 busi-

1246 4620 88 20 nesss
1350 4609 61 30 and
1427 4609 203 39 respectfully
1644 4608 117 31 solicits
1778 4617 19 20 a
1809 4617 61 20 con
1921 4617 102 22 mince
2038 4609 36 28 of
2090 4608 54 30 the
2159 4617 85 20 same
2266 4613 35 24 at
2313 4608 47 28 his

1246 4647 208 39 Warehouse,
1474 4647 47 39 71,
1553 4646 272 33 SPARLING-S
1849 4646 8 11 '
1893 4646 99 38 EET,
2009 4646 102 33 where
2128 4646 38 31 he
2180 4646 57 33 has
2252 4646 109 41 Negro

1246 4688 154 41 Clothing

1413 4690 41 28 of
1463 4698 96 30 every
1572 4687 203 41 description,
1797 4698 17 19 a
1874 4690 25 27 a;
1909 4687 121 39 variety
2050 4687 36 30 of
2104 4687 93 39 Slops
2225 4685 135 39 adapted

1246 4728 50 30 for
1309 4737 63 30 any
1394 4728 137 36 Market,
1562 4724 206 33 Manchester
1844 4724 65 39 ods,
1937 4724 44 31 all
2008 4724 94 31 kinds
2129 4726 35 30 of
2181 4724 178 39 Woollens,

1247 4765 85 30 Beds
1345 4765 66 30 and
1424 4765 151 39 Bedding
1587 4761 71 44 for•
1658 4761 216 44 Exportation.

1285 4805 38 30 T.
1345 4802 230 31 TATTERSALL
1603 4803 68 33 also
1698 4803 76 36 begs
1794 4803 88 31 leave
1906 4806 31 28 to
1959 4802 117 38 signify
2098 4806 33 28 to
2153 4803 47 30 his
2216 4802 143 33 Friends,

1247 4839 154 44 Captains
1416 4839 36 31 of
1466 4841 139 38 Vessels,
1620 4841 65 31 and
1699 4839 106 33 others
1819 4843 178 30 connected
2014 4843 74 30 with
2106 4841 172 43 Shipping;
2290 4841 69 31 that

1247 4880 33 31 in
1294 4879 151 38 addition,
1463 4879 39 30 he
1534 4879 55 30 has
1613 4880 143 39 recently
1775 4880 124 39 opened
1918 4891 20 19 a
1967 4880 121 31 Retail.
2098 4880 96 41 Shop,
2219 4880 63 31 No.
2312 4880 47 36 52,

1249 4917 271 38 POOL-LANE,
1545 4928 43 20 on
1613 4917 54 31 the
1694 4918 265 41 right=hand-side
1981 4920 131 41 leading
2124 4921 83 30 from
2222 4920 54 31 the
2298 4918 43 33 Ex-

1246 4959 134 39 change,
1397 4961 33 28 at
1443 4954 102 33 which
1561 4954 120 41 having
1696 4961 31 27 to
1742 4957 77 30 offer
1827 4969 19 19 a
1860 4964 90 35 great
1961 4964 191 27 assortment
2161 4961 33 30 of
2203 4957 157 33 excellent

1247 4995 203 44 ready-milde
1466 4995 161 41 Clothing,
1646 4995 83 31 Beds
1745 4995 65 31 and
1824 4997 157 43 Bedding,
1997 4998 57 30 &c.
2069 4998 98 41 hopes
2181 4998 39 30 he
2235 5008 76 31 may
2326 4998 35 30 be

1249 5038 162 31 honoured
1427 5036 72 33 with
1515 5047 19 20 a
1546 5033 91 33 share
1654 5035 35 30 of
1704 5035 83 36 their
1800 5036 104 33 future
1917 5036 137 31 favours.

1326 5077 164 39 Liveprool,
1504 5074 82 35 22nd
1597 5072 77 33 Nov.
1698 5072 87 33 1832.

1337 5134 220 31 ANCHORS
1580 5131 99 35 AND
1701 5129 189 31 PROVED
1912 5128 150 33 CHAIN
2083 5131 191 33 CABLES.

1247 5167 202 79 RALPH
1471 5172 134 39 CLAY,
1624 5169 225 33 WHOLESALWHOLESALE
1865 5169 36 30 IR
1954 5180 142 20 hiONGER
2112 5172 65 30 and
2192 5172 167 30 GIk.'NERAI.

1361 5209 209 41 Sinrsmiiii,
1589 5213 77 41 begs
1685 5213 33 27 to
1739 5208 117 36 inform
1876 5206 14 31 h
1890 5206 16 31 .
1935 5208 143 39 Friends,
2096 5209 184 33 Merchants
2301 5211 63 30 and

1249 5250 77 41 Ship
1348 5254 132 30 Owners
1512 5254 69 30 that
1598 5252 38 30 he
1661 5249 57 31 has
1742 5247 124 31 Remo4
1934 5247 47 31 his
2008 5247 249 33 Establishment
2282 5250 82 30 from

1249 5291 203 33 Moor-street
1465 5296 31 27 to
1512 5302 88 20 more
1613 5287 216 35 commodious
1874 5287 129 31 remises
2016 5287 33 33 in
2063 5287 296 41 Trentham-street,

1247 5335 77 28 west
1335 5332 65 31 side
1414 5332 167 31 Salthouse
1597 5329 104 36 Dock,
1718 5328 98 39 lately
1830 5328 151 39 occupied
1992 5328 43 41 by
2058 5329 120 41 Strong
2192 5321 63 38 and
2266 5328 79 33 Addi-

1247 5380 68 30 son,
1329 5372 102 33 where
1444 5372 39 30 he
1498 5372 65 30 will
1583 5370 115 39 always
1718 5365 79 33 have
1822 5376 41 20 on
1883 5365 87 33 hand
1989 5375 41 24 an
2052 5372 191 28 assortment
2260 5369 36 30 of
2312 5369 52 30 the

1247 5409 68 31 best
1326 5409 241 31 manufactured
1581 5408 146 33 Anchors
1742 5406 63 30 and
1819 5406 124 33 Cables.

1603 5465 230 33 WORSLEY
1855 5466 156 31 COALS.

1244 5507 145 31 1E
1413 5507 113 31 Public
1551 5517 54 20 are
1627 5506 203 41 respectfully
1850 5504 165 39 informed,
2033 5504 69 31 that
2123 5506 241 39 arrangements

1263 5510 60 69 1
1361 5557 55 19 are
1430 5557 71 19 now
1515 5545 178 39 completed
1707 5543 49 33 for
1769 5545 52 31 the
1844 5543 128 39 SALE,
2000 5548 33 27 at
2047 5543 52 31 the
2115 5543 124 33 Duke's
2255 5543 107 36 Dock,

1249 5584 181 44 Liverpool,
1446 5586 36 31 of
1498 5584 146 33 COALS
1660 5583 63 33 and
1740 5584 161 36 SLACK,
1917 5584 80 31 from
2013 5583 52 31 the
2079 5583 167 31 Collieries
2260 5584 36 28 of
2310 5581 54 31 the

1249 5625 150 31 Trustees
1411 5627 36 30 of
1457 5625 52 31 the
1523 5627 63 30 late
1598 5625 94 30 Duke
1707 5624 36 31 of
1748 5624 167 41 Bridgewa
1950 5635 25 19 r.
2016 5622 99 31 Their
2123 5624 123 39 quality
2255 5620 65 33 will
2326 5620 38 31 be

1249 5665 107 36 found,
1370 5674 41 20 on
1422 5665 82 36 trial,
1518 5668 31 27 to
1564 5665 39 30 be
1616 5663 235 39 unexceptiona
1937 5661 65 31 and
2016 5661 74 41 they
2104 5672 54 19 arc
2172 5672 69 19 now
2255 5672 44 20 an
2312 5661 36 30 ob-

1246 5704 69 38 ject
1331 5704 36 30 of
1384 5704 157 31 attention
1564 5707 31 28 to
1619 5701 246 38 Householders,
1912 5706 154 36 xporters,
2090 5701 63 31 and
2173 5701 191 31 Consumers

1249 5742 175 39 generally.

1609 5776 230 35 WORSLEY
1861 5776 135 39 COKE,

1444 5817 46 33 Of
1507 5819 142 41 superior
1661 5817 131 41 quality,
1811 5817 52 31 On
1879 5816 83 39 Sale,
1984 5827 33 20 as
2031 5816 102 31 usual.
2291 5816 5 44 •

1770 5857 123 33 JOHN
1918 5857 230 36 SOTHERN,
2172 5857 134 38 AGENT,

1707 5896 112 33 Office
1833 5898 65 30 and
1910 5896 82 31 Coal
2006 5894 98 36 Yard,
2121 5896 140 31 Duke's.
2261 5896 102 31 Dock.

2402 1296 57 30 TO
2479 1293 98 33 THE
2605 1293 241 35 ELECTORS
2868 1298 58 30 OF
2953 1296 96 31 THE
3071 1296 181 33 UNITED
3277 1298 236 33 KINGDOM.

2479 1334 146 31 FELLOW
2646 1332 255 41 COUNTRYMEN,

2422 1376 33 38 A
2480 1373 31 31 N
2542 1372 187 31 association
2756 1375 36 30 of
2813 1384 142 31 persons,
2983 1375 120 41 styling
3128 1375 189 31 themselves
3345 1378 52 30 the
3424 1378 76 31 Anti-

2400 1414 79 31 ...M.
2501 1413 132 39 Slavery
2646 1411 140 46 Society,
2809 1424 54 20 are
2885 1414 238 41 endeavouring
3140 1417 31 28 to
3186 1414 117 31 dictate
3323 1420 31 27 to
3367 1428 65 30 you
3449 1417 35 31 in
3498 1427 20 20 a

2400 1461 137 22 manner
2556 1450 101 31 which
2679 1461 25 19 is
2724 1454 87 38 quite
2833 1452 211 38 inconsistent
3063 1454 77 31 with
3150 1454 54 31 the
3217 1454 142 33 freedom
3372 1457 36 30 of
3424 1457 76 31 Elec-

2402 1491 66 30 tion
2496 1493 47 28 for
2567 1496 22 24 a
2616 1490 172 31 Reformed
2809 1490 209 35 Parlianient.
3058 1491 91 41 They
3170 1504 145 28 presume
3335 1498 31 27 to
3392 1496 126 39 publish

2402 1529 77 38 lists,
2507 1529 145 46 pointing
2679 1535 55 25 out
2759 1531 54 31 the
2841 1531 192 31 Candidates
3055 1542 63 30 you
3143 1532 99 41 ought
3261 1537 33 27 to
3315 1532 124 39 choose,
3465 1534 36 31 de-

2402 1578 162 33 nouncing
2589 1569 104 30 others
2723 1572 33 30 as
2783 1570 167 41 unworthy
2970 1572 35 30 of
3027 1581 80 30 your
3128 1572 202 38 confidence;
3351 1573 65 31 and
3441 1573 76 39 they

2403 1608 71 30 hold
2488 1613 55 31 out
2556 1608 52 31 the
2622 1613 117 27 terrors
2751 1609 36 31 of
2805 1609 173 31 Schedules
3000 1609 28 30 A
3050 1611 65 31 and
3135 1609 28 31 B
3186 1613 128 39 against
3334 1613 44 30 all
3391 1613 77 30 such
3483 1624 35 20 as

2402 1647 83 33 shall
2501 1650 132 30 krenture
2654 1650 33 28 to
2707 1658 126 30 appear,
2847 1649 106 31 before
2975 1660 61 30 you
3058 1650 129 30 without
3208 1661 19 19 a
3247 1652 72 38 pasS
3340 1650 82 31 from
3436 1650 82 31 their

2400 1683 131 43 soefety;
2572 1685 52 31 No
2644 1687 203 33 insitteroAtow
2866 1688 68 30 well
2956 1687 148 41 qualified
3123 1690 54 28 the
3192 1688 176 31 Candidate
3389 1701 74 30 may
3479 1690 38 30 be

2403 1724 30 30 in
2457 1731 88 36 point
2557 1726 36 30 of
2609 1726 131 39 general
2761 1726 213 38 information,
3000 1728 197 30 attachment
3217 1731 31 27 to
3269 1739 80 30 your
3369 1728 83 31 local
3471 1739 31 20 in-

2405 1769 120 33 terests,
2540 1773 50 28 :la
2603 1764 252 43 acknowledged
2876 1765 157 47 liberality
3055 1767 35 28 of
3113 1765 181 39 character;
3318 1767 41 30 he
3378 1767 28 31 is
3427 1772 31 28 to
3476 1769 43 30 be

2403 1808 66 27 cast
2485 1802 85 33 aside
2584 1814 35 20 as
2633 1805 115 39 wholly
2761 1803 213 43 undeserving
2986 1806 38 43 of
3031 1814 79 31 your
3124 1809 139 41 support,
3282 1806 106 30 unless
3403 1806 38 30 he
3455 1806 63 31 will

2403 1843 162 39 prostitute
2581 1843 46 31 his
2641 1843 238 41 independence
2893 1843 36 31 of
2937 1854 132 30 opinion
3083 1844 41 41 by
3140 1855 110 31 giving
3263 1857 22 22 a
3296 1846 90 30 blind
3400 1846 115 41 pledge

2403 1887 35 33 to
2457 1887 79 33 vote,
2559 1882 129 36 without
2707 1882 135 41 inquiry,
2868 1883 49 30 for
2937 1883 52 31 the
3011 1883 180 31 immediate
3211 1885 241 31 unconditional
3465 1896 36 20 ex-

2403 1920 134 33 tinction
2550 1920 192 36 420olonial
2756 1921 143 39 Slavery.

2444 1961 30 33 It
2485 1959 128 36 follows,
2630 1961 36 30 of
2674 1970 120 30 course,
2809 1961 69 30 that
2891 1961 27 30 if
2929 1961 61 30 this
3003 1961 153 33 dictation
3170 1961 39 33 be
3222 1962 169 31 submitted
3408 1967 41 33 to,
3465 1962 54 31 the

2405 2000 68 31 first
2487 2009 66 20 nso
2564 2009 61 33 you
2646 1998 63 31 will
2729 1998 79 31 have
2830 2005 33 25 to
2876 1998 94 30 make
2983 2002 36 28 of
3036 2009 79 30 your
3129 2000 157 31 extended
3301 1998 167 44 privileges
3482 2011 36 20 as

2406 2036 202 44 EnOslune'n
2608 2036 20 44 ;
2652 2043 85 27 must
2759 2038 41 30 be
2827 2043 57 27 not
2907 2038 76 41 only
3003 2043 33 27 to
3058 2038 132 31 exclude
3216 2041 82 28 from
3320 2039 198 33 Parliament

2405 2080 93 39 every
2520 2087 113 33 person
2660 2077 175 33 connected
2855 2077 83 36 with,
2961 2087 36 20 or
3024 2076 140 33 inclined
3184 2083 33 25 to
3236 2083 131 36 protect,
3397 2080 54 30 the
3471 2080 31 30 in-

2405 2120 110 30 terests
2535 2117 77 38 tif,-:A
2638 2117 88 39 large
2746 2117 80 30 class
2847 2117 36 33 of
2904 2124 79 31 your
3003 2117 254 39 fellow-subjects
3285 2118 68 31 who
3375 2118 80 31 have
3476 2129 43 22 no

2405 2154 99 33 direct
2518 2154 276 39 Representatives
2808 2156 33 31 in
2855 2154 52 33 the
2923 2154 209 41 Legislature,
3154 2156 57 31 but
3228 2169 80 20 even
3323 2169 36 19 so
3372 2157 50 33 far
3435 2169 36 22 as
3482 2159 35 31 in

2405 2194 66 41 you
2479 2192 68 43 lies,
2562 2187 35 39 fci
2608 2194 93 35 assist
2713 2195 33 28 in
2761 2189 209 46 confiscating
2984 2194 82 30 their
3077 2200 161 36 property.

2444 2233 117 31 Fellow
2583 2235 228 38 Countrymen,
2839 2233 94 31 suffer
2954 2236 57 28 not
3030 2235 181 38 yourselves
3231 2239 44 27 to-
3285 2235 39 30 be
3345 2235 91 31 made
3465 2236 54 31 the

2405 2274 80 31 tools
2498 2274 35 30 of
2550 2283 17 19 a
2586 2277 74 36 party
2660 2277 14 36 .
2674 2277 16 36 ,
2713 2272 143 33 however
2876 2280 169 22 numerous
3066 2272 76 43 they
3153 2285 74 28 may
3241 2276 49 36 be,
3313 2283 36 20 or
3373 2272 145 33 however

2406 2310 150 43 plausible
2570 2310 82 31 their
2665 2310 118 39 object.
2822 2312 49 30 Be
2893 2313 129 28 content
3041 2312 76 31 with
3139 2312 154 41 selecting
3312 2313 112 30 honest
3441 2323 74 20 men

2405 2353 49 30 for
2466 2362 79 30 your
2559 2351 285 39 Representatives,
2861 2350 68 38 who
2943 2350 63 33 will
3024 2351 120 41 merely
3156 2353 112 39 pledge
3282 2351 187 31 themselves
3485 2354 31 28 to

2405 2391 74 33 look
2504 2386 33 36 at
2561 2387 52 33 the
2639 2387 131 33 difficult
2791 2387 143 41 question
2956 2389 36 35 of
3014 2384 134 47 Slavery
3170 2402 31 19 in
3224 2392 39 31 its
3285 2391 76 39 only
3383 2387 135 33 rational

2405 2428 96 41 light;
2526 2428 55 31 vii.
2597 2438 36 20 as
2655 2438 19 19 a
2696 2433 117 35 system
2833 2430 76 38 long
2931 2427 198 41 established,
3153 2430 208 41 enceuraged,
3386 2428 63 30 and
3469 2428 31 30 in-

2405 2468 80 33 deed
2507 2468 167 41 originally
2694 2468 150 31 enforced
2868 2468 44 39 by
2931 2466 52 31 the
3011 2466 120 35 British
3157 2469 220 33 Government
3402 2468 33 31 in
3460 2468 57 30 our

2405 2506 156 39 Colonies,
2586 2506 101 30 which
2701 2506 25 30 is
2740 2510 31 27 to
2786 2507 38 30 be
2838 2506 186 38 exchanged
3044 2507 49 28 for
3107 2517 19 20 a
3139 2509 102 30 better
3254 2520 33 19 so
3301 2518 77 20 soon
3394 2517 33 22 as
3443 2512 72 35 may

2403 2546 41 30 be
2463 2545 187 43 compatible
2671 2543 74 35 with
2767 2546 54 30 the
2843 2543 66 33 real
2929 2543 123 30 welfare
3074 2545 35 31 of
3131 2546 55 33 the
3205 2546 96 33 black
3320 2546 194 43 population,

2403 2586 65 30 and
2482 2587 72 30 with
2569 2584 52 31 the
2635 2584 99 39 rights
2748 2587 36 28 of
2794 2586 121 39 private
2929 2587 161 39 property.
3194 2584 6 43 •

2444 2624 154 31 Consider
2619 2622 49 31 for
2687 2633 20 20 a
2728 2628 142 27 moment
2890 2624 68 30 how
2978 2620 79 33 little
3079 2624 104 39 you
3183 2635 43 22 an
3246 2625 137 31 hitherto
3402 2624 96 31 under-

2405 2665 93 31 stand
2512 2665 50 30 the
2575 2660 112 31 details
2701 2663 35 30 of
2754 2672 19 22 a
2786 2668 118 38 system
2918 2660 109 39 which,
3044 2661 93 39 objec
3164 2665 113 30 onable
3293 2674 33 20 as
3340 2665 24 30 it
3378 2672 72 30 may
3463 2661 49 38 be,

2405 2702 55 30 has
2480 2701 121 35 formed
2628 2701 50 30 the
2701 2702 202 30 frame-work
2923 2701 36 30 of
2981 2699 148 33 Colonial
3150 2702 118 41 society
3290 2704 50 30 for
3359 2701 156 31 centuries

2405 2746 80 36 past,
2507 2742 63 31 and
2589 2739 156 33 therefore
2767 2742 69 30 how
2855 2739 164 41 incapable
3033 2750 63 30 you
3115 2746 85 27 must
3222 2743 38 30 be
3276 2743 35 30 of
3326 2742 191 41 instructing

2405 2792 80 28 your
2506 2780 276 41 Representatives
2802 2791 43 20 on
2863 2778 77 31 such
2961 2787 20 19 a
3000 2780 134 36 subject,
3157 2792 36 20 or
3219 2783 85 39 they,
3332 2781 28 31 if
3381 2781 76 41 they
3477 2780 39 31 be

2405 2820 113 31 honest
2537 2827 80 35 men,
2641 2817 35 30 of
2693 2817 134 44 binding
2847 2816 186 35 themselves
3055 2824 31 25 to
3107 2828 65 31 any
3192 2831 110 22 course
3324 2822 35 31 of
3381 2819 137 33 conduct

2405 2858 178 46 respectine
2608 2861 33 25 it.
2683 2858 65 31 Are
2775 2869 61 31 you
2863 2866 101 24 aware
2991 2855 69 31 that
3085 2868 43 30 up
3148 2863 33 28 to
3208 2858 60 33 this
3296 2865 142 27 moment
3465 2860 52 31 the

2405 2899 143 44 Negroes
2575 2898 77 30 have
2679 2896 82 31 been
2789 2893 197 36 accustomed
3011 2898 31 27 to
3071 2894 123 43 depend
3222 2899 113 41 wholly
3361 2910 43 20 on
3436 2899 82 33 their

2405 2935 132 36 masters
2554 2935 47 31 for
2622 2934 102 39 home,
2748 2937 80 38 food,
2854 2932 150 41 clothing,
3027 2932 49 31 for
3090 2946 94 31 every
3200 2937 91 43 thing
3304 2950 169 33 necessary
3485 2943 33 28 to

2405 2978 55 31 the
2479 2980 129 39 support
2628 2975 35 30 of
2680 2976 161 31 existence
2863 2976 80 30 from
2965 2976 38 27 its
3025 2983 272 25 commencement
3312 2983 31 27 to
3359 2980 38 30 its
3409 2981 85 30 close
3506 2984 11 27 ?

2405 3017 66 30 and
2494 3017 77 31 have
2598 3013 54 31 the
2674 3016 228 38 Anti-Slavery
2923 3011 129 39 Society
3072 3013 80 31 been
3175 3016 71 31 able
3271 3020 33 27 to
3324 3017 109 43 satisfy
3457 3028 61 31 you

2405 3057 71 31 that
2488 3057 31 30 in
2534 3055 52 31 the
2600 3058 131 35 present
2742 3055 101 31 moral
2855 3050 161 33 condition
3030 3052 36 28 of
3082 3052 52 30 the
3157 3054 120 38 blacks,
3301 3057 61 30 this
3386 3058 88 31 habit
3487 3060 36 30 of

2405 3094 202 41 dependence
2633 3093 93 31 could
2750 3094 41 30 be
2816 3088 151 41 suddenly
2994 3090 63 30 and
3085 3091 98 46 safely
3211 3096 187 41 exchanged
3427 3098 47 30 for
3501 3107 17 20 a

2405 3142 118 33 system
2545 3132 33 31 of
2595 3131 66 30 free
2683 3132 128 39 labour;
2835 3132 33 31 in
2888 3129 94 35 short,
3009 3128 69 33 that
3099 3131 54 30 the
3175 3132 145 46 Negroes
3340 3146 54 19 are
3409 3142 35 24 at
3457 3135 61 31 this

2403 3184 33 22 in
2449 3176 96 30 anent
2559 3170 145 39 disposed
2717 3176 31 28 to
2761 3173 129 44 support
2901 3167 186 31 themselves
3104 3170 65 30 and
3180 3172 157 31 maintain
3350 3173 54 31 the
3416 3175 102 39 staple

2403 3224 41 20 cu
2457 3213 129 33 tivb.tion
2602 3211 35 28 of
2655 3211 222 36 the-Colonies,
2901 3217 33 19 as
2956 3216 19 19 a
2995 3206 65 30 free
3083 3214 192 36 peasantry?
3320 3213 43 30 So
3376 3213 47 30 far
3438 3214 80 28 from

2403 3250 120 43 having
2545 3247 137 33 satisfied
2702 3260 72 31 you,
2798 3250 25 31 it
2844 3246 101 35 would
2964 3254 120 30 appear
3104 3246 68 33 that
3192 3247 54 31 the
3269 3250 128 41 Society
3419 3250 80 31 them-

2403 3301 35 20 se
2450 3302 54 20 ves
2520 3291 77 30 have
2609 3296 91 30 seine.
2710 3290 186 41 misgivings
2910 3294 41 22 on
2972 3288 61 25 tins
3055 3283 173 38 important
3250 3290 106 38 point;
3383 3298 46 22 tor
3444 3290 71 38 they

2403 3331 41 31 do
2466 3335 55 27 not
2542 3339 83 28 seem
2646 3328 146 41 disposed
2819 3332 31 28 to
2863 3328 52 30 let
2935 3332 61 31 you
3017 3321 72 31 wait
3117 3323 50 31 the
3189 3324 79 31 final
3290 3328 96 30 result
3405 3328 36 30 of
3457 3332 58 25 two

2405 3369 255 39 Parliamentary
2674 3367 213 35 Committees,
2906 3361 98 35 which
3017 3370 54 20 are
3085 3361 170 43 collecting
3268 3364 151 33 evidence
3435 3376 33 19 as
3485 3370 30 27 to

2405 3408 54 31 the
2479 3406 151 44 Negroes'
2655 3408 106 30 actual
2781 3413 145 35 progress
2953 3398 132 35 towards
3109 3398 206 39 civilization:
3340 3413 72 30 nay,
3443 3405 72 39 they

2398 3447 88 33 .Isave
2498 3457 80 22 even
2594 3446 60 30 had
2666 3446 54 31 the
2734 3454 169 25 assurance
2915 3447 33 27 to
2961 3439 175 41 stigmatize
3157 3449 35 20 as
3203 3439 28 30 'a
3463 3454 35 19 ex-

2398 3487 172 46 „penditure
2591 3487 33 30 of
2641 3485 104 39 public
2939 3480 50 31 the
3011 3488 72 20 loan
3107 3479 98 41 lately
3219 3480 91 30 made
3332 3480 39 41 by
3395 3480 104 30 Parlia-

2402 3531 91 27 ment
2518 3528 47 30 for
2592 3524 52 33 the
2671 3534 128 31 express
2825 3531 134 33 purpose
2984 3520 35 30 of
3043 3518 151 41 enabling
3222 3520 121 33 certain
3370 3520 145 30 Jamaica

2403 3565 140 39 planters
2570 3567 31 30 to
2627 3573 123 22 resume
2776 3562 183 33 cuitivation
2987 3569 39 19 on
3061 3557 82 30 their
3169 3556 192 43 dilapidated
3389 3564 124 31 estates,

2403 3605 102 36 which
2518 3605 61 30 had
2594 3603 175 30 heretofore
2783 3600 162 35 furnished
2967 3598 52 31 the
3039 3606 110 20 means
3172 3598 36 28 of
3225 3597 187 43 supporting
3435 3598 82 30 their

2403 3639 162 46 Negrcles;
2589 3641 71 31 thus
2687 3641 120 43 plainly
2827 3639 148 39 evincing
2994 3636 69 31 that
3083 3635 54 31 the
3156 3636 85 30 boon
3263 3635 99 31 winch
3384 3639 52 28 the
3460 3636 38 33 So-

2403 3680 211 43 eifit9ixpect
2628 3691 61 28 you
2704 3683 31 27 to
2750 3682 110 30 confer
2874 3688 82 30 upon
2970 3676 52 30 the
3036 3674 219 41 emancipated
3276 3676 118 38 blacks,
3419 3676 25 33 is
3460 3682 55 27 not

2403 3720 69 33 that
2485 3713 35 39 cot
2529 3720 162 41 profitable
2707 3720 153 41 industry,
2876 3718 57 30 but
2943 3713 146 33 idleness.

2444 3762 31 28 It'
2487 3772 61 30 you
2564 3759 60 39 will
2638 3759 38 30 he
2690 3762 129 33 content
2833 3764 31 24 to
2879 3756 74 31 wait
2972 3754 52 31 the
3039 3754 98 31 result
3148 3754 36 30 of
3203 3753 254 43 Parliamentary
3471 3754 31 31 in-

2406 3798 197 43 vestigation,
2627 3798 52 30 the
2701 3798 102 30 actual
2824 3795 162 33 condition
3008 3795 35 31 of
3061 3794 52 33 the
3135 3794 93 33 black
3249 3795 184 41 population
3455 3795 63 31 will

2403 3838 87 38 then,
2515 3839 46 30 tier
2575 3838 50 30 the
2631 3836 74 39 lint
2721 3836 83 36 time,
2830 3836 38 31 be
2887 3836 107 31 before
3008 3846 71 33 you.
3123 3833 118 31 Should
3257 3835 25 30 it
3296 3843 72 24 turn
3384 3841 54 25 out
3450 3835 66 31 that

2405 3877 74 43 they
2493 3888 52 20 are
2561 3876 65 35 still
2633 3876 170 39 incapable
2817 3876 35 30 of
2868 3876 220 39 appreciating
3102 3874 52 30 the
3169 3874 134 30 benefits
3317 3876 35 30 of
3362 3876 154 39 industry,

2398 3915 137 43 looking
2556 3920 31 27 to
2608 3913 140 31 freedom
2769 3913 76 43 only
2865 3924 33 19 as
2921 3920 31 24 to
2975 3924 19 19 a
3009 3918 80 25 state
3104 3913 36 30 of
3157 3913 162 28 luxurious
3342 3913 173 39 inactivity,

2402 3954 77 33 then
2501 3953 178 33 immediate
2701 3953 235 38 emancipation
2956 3950 101 31 would
3080 3953 38 28 be
3139 3954 33 27 to
3194 3951 85 30 them
3301 3953 85 30 what
3411 3953 24 31 it
3461 3953 57 31 has

2403 3994 80 31 been
2498 3997 31 30 to
2543 3992 50 33 the
2594 3992 17 33 .
2611 3992 104 33 blacks
2729 3992 36 28 of
2780 3991 50 30 St.
2849 3991 170 38 Domingo,
3036 3998 19 19 a
3069 3991 94 28 bitter
3178 4000 99 24 curse,
3294 3992 222 38 commencing

2403 4031 31 33 iu
2460 4031 180 38 bloodshed,
2665 4028 61 33 and
2748 4028 118 39 ending
2888 4028 31 28 in
2943 4028 202 38 compulsory
3164 4027 121 36 labour,
3307 4027 148 30 enforced
3476 4028 41 39 by

2476 4072 93 30 drum
2586 4071 16 31 .
2602 4071 52 31 and
2674 4069 52 30 the
2746 4068 146 38 bayonet.
2937 4065 154 30 Freedom
3120 4069 33 25 to
3175 4065 52 30 the
3250 4065 145 41 Negroes
3416 4066 102 30 under

2400 4112 80 31 such
2494 4106 241 38 circumstances
2748 4102 102 33 would
2871 4102 192 39 necessarily
3076 4102 39 31 be
3137 4102 52 30 the
3209 4102 191 33 destruction
3422 4106 36 30 of
3474 4106 44 30 all

2403 4153 164 35 profitable
2589 4146 183 33 cultivation
2794 4145 35 28 in
2849 4153 58 20 our
2929 4142 175 41 Colonies;_
3115 4142 55 30 the
3186 4143 140 28 sacrifice
3340 4145 35 28 of
3394 4154 19 19 a
3427 4145 88 31 trade

2403 4191 101 33 which
2518 4200 71 20 now
2600 4195 164 24 consumes
2778 4183 58 33 five
2860 4181 139 31 millions
3019 4183 99 30 worth
3140 4183 35 30 of
3192 4191 57 22 our
3268 4183 246 39 manufactures,

2405 4231 61 27 and
2479 4230 142 38 employs
2633 4224 178 33 one-fourth
2824 4224 36 30 of
2868 4231 61 22 our
2940 4220 99 31 whole
3060 4222 184 35 mercantile
3266 4224 132 38 marine,
3422 4224 63 30 and
3499 4235 19 19 a

2403 4268 101 35 direct
2521 4265 90 36 bribe
2633 4265 71 33 held
2724 4269 55 28 out
2800 4268 33 27 to
2846 4260 115 35 induce
2978 4261 123 43 foreign
3115 4261 126 33 nations
3257 4268 30 27 to
3304 4263 146 33 continue
3465 4263 52 31 the

2405 4309 93 30 Slave
2512 4306 104 33 Trade
2630 4306 74 30 with
2718 4304 43 31 all
2775 4306 38 30 its
2827 4304 137 30 horrors.
3006 4302 66 30 But
3093 4302 33 36 if,
3148 4313 41 19 on
3203 4302 52 30 the
3271 4302 90 33 other
3375 4302 96 36 hand,
3493 4304 25 28 it

2403 4343 112 36 shout(
2529 4348 117 39 appear
2660 4343 71 33 that
2742 4342 52 33 the
2809 4342 146 43 Negroes
2969 4342 77 31 have
3057 4339 162 35 advanced
3233 4342 33 31 in
3276 4342 101 31 moral
3391 4342 110 30 charac-

2403 4391 47 25 ter
2465 4387 80 30 have
2559 4384 148 41 acquired
2720 4387 159 36 property,
2896 4381 63 31 and
2970 4392 54 20 are
3038 4392 80 20 even
3132 4383 216 38 approaching
3361 4391 19 17 a
3394 4384 77 25 state
3487 4380 36 36 of

2403 4424 107 33 fitness
2526 4427 46 30 for
2584 4424 161 41 receiving
2759 4424 52 31 the
2833 4422 169 43 privileges
3022 4420 36 33 of
3076 4419 191 33 industrious
3287 4420 66 30 free
3375 4417 137 36 citizens,

2405 4465 74 30 then
2494 4465 82 30 what
2589 4463 63 33 will
2665 4463 129 31 become
2808 4468 36 27 of
2863 4461 44 30 all
2926 4465 52 27 the
3000 4461 94 30 abuse
3109 4460 99 30 which
3230 4458 55 30 has
3299 4457 80 31 been
3394 4457 121 44 heaped

2403 4515 83 28 upon
2509 4506 54 30 the
2583 4502 82 31 head
2685 4504 35 31 of
2737 4502 52 30 the
2811 4499 211 33 calumniated
3044 4498 61 33 and
3126 4498 110 38 nearly
3260 4494 110 31 ruined
3394 4494 121 33 British

2398 4542 150 43 planter?
2570 4542 63 31 and
2647 4542 69 35 how
2729 4550 213 28 unnecessary
2956 4539 61 30 will
3031 4539 24 30 it
3069 4539 38 27 be
3121 4537 68 28 that
3203 4545 57 28 you
3274 4532 112 33 should
3400 4534 61 31 add
3483 4540 31 28 to

2403 4584 47 30 his
2465 4583 274 33 embarrassment,
2761 4580 44 41 by
2817 4576 224 44 precipitating
3061 4583 156 22 measures
3241 4572 101 33 which
3364 4580 85 28 must
3469 4576 31 33 in-

2400 4622 140 39 evitably
2561 4620 135 39 produce
2724 4617 192 31 destruction
2937 4616 65 30 and
3030 4613 178 38 bloodshed,
3235 4614 107 30 unless
3356 4613 83 46 'they
3463 4628 54 22 are

2403 4661 175 30 conducted
2592 4660 74 30 with
2679 4658 52 31 the
2745 4660 139 38 greatest
2896 4652 268 41 circumspection.

2441 4701 68 30 The
2523 4701 169 30 difference
2706 4698 35 30 of
2750 4696 117 39 feeling
2882 4694 139 30 between
3035 4691 54 33 the
3104 4691 140 43 planters
3258 4694 65 31 and
3337 4698 181 39 yourselves

2403 4740 112 30 relates
2529 4740 76 39 only
2619 4743 30 25 to
2663 4737 52 30 the
2729 4735 76 30 time
2820 4734 65 31 and
2898 4743 132 20 manner
3044 4734 35 30 of
3090 4732 206 44 terminating
3310 4737 142 41 slavery;
3474 4740 44 28 all

2403 4778 82 41 good
2506 4787 72 22 men
2600 4780 83 33 must
2702 4775 120 30 lament
2847 4773 69 31 that
2935 4772 76 33 such
3033 4783 19 20 a
3071 4776 118 38 system
3211 4775 110 31 should
3342 4775 79 31 have
3435 4776 80 31 beeu

2403 4816 189 31 establiShed
2617 4813 65 35 and
2707 4813 200 41 encouraged
2931 4813 44 41 by
2994 4824 19 20 a
3041 4811 120 33 British
3183 4813 180 41 legislature
3372 4827 8 19 :
3403 4817 63 30 and
3494 4817 25 28 if

2403 4855 183 33 considered
2613 4865 33 22 as
2669 4861 17 22 a
2709 4854 143 30 national
2874 4852 106 38 crime,
3009 4852 24 31 it
3061 4863 58 20 can
3143 4854 76 41 only
3241 4854 38 31 he
3301 4854 148 41 expiated
3476 4857 39 38 by

2403 4896 52 30 the
2476 4896 110 31 nation
2608 4894 109 39 giving
2737 4893 142 31 freedom
2901 4898 31 27 to
2953 4893 54 31 the
3027 4891 85 31 slave
3131 4904 35 19 as
3186 4899 77 25 soon
3283 4904 33 19 as
3339 4894 38 30 he
3391 4906 74 28 may
3479 4894 36 28 be

2398 4934 102 35 found
2513 4934 129 41 capable
2657 4932 35 33 of
2709 4932 132 41 making
2865 4943 19 20 a
2906 4931 135 33 rational
3054 4942 54 20 use
3123 4932 35 31 of
3169 4932 68 31 that
3249 4932 150 41 blessing.
3441 4934 72 35 But,

2402 4973 106 35 fellow
2526 4978 216 35 countrymen,
2767 4972 39 30 do
2827 4976 60 27 not
2907 4973 93 28 suffer
3020 4973 54 28 the
3094 4972 225 41 Anti-Slavery
3345 4972 126 38 Society
3485 4976 30 25 to

2405 5014 102 38 cajole
2520 5024 63 30 you
2595 5013 65 31 into
2676 5011 52 31 the
2742 5008 79 35 fatal
2835 5011 106 36 belief,
2964 5011 68 31 that
3055 5009 54 33 the
3124 5011 110 31 favour
3249 5013 36 30 of
3304 5011 132 30 Heaven
3455 5009 61 30 will

2405 5054 109 30 attend
2531 5054 61 30 this
2614 5050 143 31 national
2781 5054 192 33 atonement,
2998 5050 25 30 if
3041 5050 25 30 it
3087 5049 38 30 be
3145 5050 91 30 made
3257 5055 33 25 at
3312 5050 52 30 the
3386 5049 63 30 sole
3463 5058 36 19 ex-

2403 5102 96 28 pense
2515 5091 35 33 of
2567 5091 54 33 the
2638 5090 203 31 unfortunate
2866 5087 120 33 British
3006 5090 134 39 planter.
3181 5090 69 30 The
3272 5090 143 41 specious
3430 5087 85 41 prin.

2400 5131 85 39 .ciple
2513 5131 101 31 which
2641 5131 55 31 has
2720 5128 83 30 been
2824 5128 142 41 recently
2989 5128 213 41 promulgated
3202 5128 20 41 -
3233 5129 50 30 for
3309 5128 52 30 the
3387 5128 76 28 sake
3485 5128 35 30 of

2405 5170 151 41 covering
2576 5169 156 41 injustice,
2754 5167 58 31 viz.
2833 5165 72 33 that
3057 5172 120 27 cannot
3202 5169 94 30 claim
3315 5170 148 36 property
3482 5165 33 30 in

2405 5209 52 38 the
2479 5220 113 30 permn
2609 5209 36 33 of
2663 5208 47 35 his
2729 5206 101 31 fellow
2986 5217 74 30 may
3074 5206 38 31 be
3131 5206 176 41 applicable
3334 5205 124 41 enough
3482 5216 35 19 as

2403 5247 142 33 between
2569 5250 50 30 the
2643 5249 85 31 slave
2748 5246 63 31 and
2830 5246 54 31 the
2898 5246 112 41 people
3024 5246 36 31 of
3069 5246 99 30 Great
3183 5243 142 38 Britain;
3348 5244 57 30 but
3419 5250 25 24 it
3457 5254 60 20 can

2405 5298 98 20 never
2523 5287 170 38 invalidate
2707 5287 52 31 the
2773 5285 94 31 claim
2888 5287 41 30 of
2942 5290 52 27 the
3014 5285 126 39 planter
3159 5290 31 25 to
3205 5282 60 31 due
3279 5283 236 38 compensation

2405 5328 49 30 for
2468 5328 52 30 the
2540 5328 61 33 loss
2625 5328 38 31 he
2679 5339 69 30 may
2765 5328 129 36 sustain,
2917 5335 36 19 or
2975 5324 52 33 the
3049 5324 65 30 risk
3134 5323 38 30 he
3194 5332 74 28 may
3288 5321 91 31 incur
3403 5321 41 39 by
3466 5321 49 30 the

2406 5365 186 41 abrogation
2613 5367 36 31 of
2668 5367 85 31 those
2775 5365 76 31 laws
2871 5364 101 31 under
2995 5362 101 33 which
3120 5361 39 30 he
3181 5372 60 19 was
3263 5357 200 41 encouraged
3487 5364 30 25 to

2405 5406 153 39 purchase
2572 5406 101 31 slaves
2685 5405 216 38 from'British
2923 5403 137 38 subjects
3076 5398 135 41 brought
3224 5403 31 25 to
3269 5398 66 28 him
3350 5398 31 28 in
3397 5397 120 31 British

2406 5446 123 38 vessels,
2553 5446 63 33 and
2644 5446 52 31 the
2721 5446 112 41 profits
2860 5443 153 39 resulting
3039 5441 79 28 from
3143 5436 99 31 which
3269 5436 101 31 traffic
3397 5441 33 27 at
3457 5436 61 31 this

2405 5490 142 28 moment
2559 5485 167 33 constitute
2742 5494 19 19 a
2775 5488 71 36 part
2858 5483 35 30 of
2904 5482 52 28 the
2970 5476 173 33 individual
3156 5476 63 31 and
3235 5476 162 30 collective
3406 5477 112 31 wealth

2405 5524 36 30 of
2457 5524 54 30 the
2524 5524 123 31 mother'
2661 5528 143 35 couhtry.

2446 5564 30 30 It
2501 5564 99 31 would
2620 5564 39 30 be
2680 5561 61 33 idle
2764 5565 31 25 to
2816 5561 113 38 expect
2950 5554 69 30 that
3041 5553 52 31 the
3117 5553 110 46 people
3241 5553 38 33 of
3296 5553 153 44 England
3460 5569 60 22 can

2405 5613 112 35 escape
2531 5603 94 33 from
2625 5602 82 31 their
2720 5598 58 31 full
2791 5595 140 39 share•of
2942 5594 61 30 this
3017 5594 243 43 responsibility,
3280 5605 35 22 so
3329 5595 77 44 long
3419 5608 36 24 as
3468 5598 54 33 the

2408 5643 19 30 f
2427 5643 82 30 rame
2520 5636 16 44 e
2535 5636 31 44 f_
2567 5636 31 44 se
2598 5636 16 44 -
2614 5636 16 44 m
2630 5636 17 44 e
2647 5636 35 44 ti
2698 5639 25 33 is
2737 5643 33 30 to
2783 5636 39 33 he
2836 5636 76 39 kept
2923 5631 148 41 together
3079 5631 6 49 :
3109 5631 25 33 it
3148 5631 25 33 is
3187 5635 33 31 in
3238 5635 54 33 the
3307 5647 106 31 power
3424 5635 36 36 of
3469 5639 54 33 the

2405 5682 113 68 people
2537 5687 33 27 to
2591 5679 91 36 assist
2701 5679 33 31 in
2756 5676 131 38 making
2909 5674 74 31 laws
3005 5683 33 19 as
3060 5674 71 31 well
3150 5683 35 22 as
3198 5676 35 33 in
3247 5679 154 43 recalling
3416 5680 104 39 them;

2427 5724 36 27 ut
2476 5731 94 30 every
2581 5717 113 36 honest
2704 5717 101 41 judge
2816 5713 66 33 and
2896 5717 172 35 statesman
3082 5713 63 35 will
3159 5717 55 31 tell
3230 5728 71 31 you,
3326 5720 68 31 that
3408 5720 25 30 if
3444 5724 79 28 once

2408 5767 60 33 you
2488 5759 162 36 introduce
2672 5757 50 33 the
2750 5754 173 46 precedent
2942 5753 36 31 of
3000 5754 180 44 sacrificing
3203 5757 117 41 legally
3334 5757 189 33 established

2406 5798 121 39 private
2542 5798 99 44 rights
2657 5798 47 30 for
2718 5795 83 33 what
2813 5806 74 30 may
2901 5795 39 31 be
2954 5794 184 33 considered
3159 5797 54 30 the
3227 5806 145 22 common
3394 5797 126 36 benefit,

2408 5838 66 31 that
2485 5838 156 46 principle
2655 5836 63 31 will
2731 5835 87 36 draw
2830 5836 82 35 after
2934 5835 27 33 it
2980 5835 54 30 the
3047 5835 113 54 speedy
3178 5835 192 33 destruction
3383 5835 38 30 of
3428 5846 94 27 every

2408 5888 118 28 species
2540 5879 35 30 of
2583 5877 173 31 individual
2770 5880 159 36 property;

2408 5917 38 30 G.
2460 5917 55 30 W,
2531 5915 27 33 &
2572 5917 38 30 S.
2622 5917 162 31 HIRBERT
2800 5913 101 33 &'OO.

2408 5950 213 41 nAirtnsoNs,
2636 5950 197 39 BARKLy,'-8
2833 5950 19 39 (
2852 5950 61 39 Co.

2406 5994 41 30 A.
2472 5992 170 35 iiTEWART
2666 5994 28 30 &

2447 6039 104 22 LAND.

2408 6071 151 36 FRASER,
2583 6061 228 43 ALEXANDEE,
2835 6065 109 33 NEIL-

2446 6120 74 27 SON,
2535 6109 28 33 8i
2578 6110 58 35 Qo.

2406 6150 110 31 ALEX.
2542 6150 27 31 &
2595 6150 74 31 JAS.
2696 6145 194 33 CAMPBELL
2917 6142 27 35 &

2446 6189 60 30 Co.

2405 6227 55 30 W.
2479 6228 41 28 R.
2537 6227 27 30 &
2584 6228 33 28 S.
2636 6227 186 30 MITCHELL
2839 6224 27 30 &
2880 6220 58 31 CO.

2408 6260 14 46 b
2422 6260 14 46 .
2436 6260 14 46 a
2450 6260 14 46 .
2465 6260 43 46 v7s
2507 6260 14 46 -
2521 6260 57 46 o7t,
2792 6263 25 30 &
2835 6261 109 31 DAVI-

2981 5912 154 35 BROOKE,
3154 5912 124 33 SMITH,
3296 5910 27 28 &
3337 5909 58 28 CO.

2983 5950 178 28 COLVILLI
3176 5948 27 28 &
3217 5946 58 30 CO.

2984 5986 101 38 REID,
3104 5986 120 41 lEVING
3224 5986 20 41 .
3244 5986 41 41 ,&
3301 5983 58 33 CO.

2980 6024 184 30 TIMPERON
3183 6024 27 30 &
3227 6027 194 27 DORINSON.

2984 6063 206 31 HAWTHORN
3211 6061 25 31 &
3254 6061 181 33 SHEODEN.

2984 6102 175 33 MANNINO
3175 6101 27 31 &
3216 6102 211 31 ANDRHDON.

2984 6142 135 38 CAVAN,
3135 6140 198 39 BROTHERS,
3351 6143 25 30 &
3394 6142 60 33 CO.

2984 6181 165 38 HANKET,
3173 6180 187 39 PLUMMER,
3383 6184 27 30 &
3428 6183 72 33 WIL-

2443 6315 77 22 SON.

2405 6339 109 38 THus.
2528 6345 27 31 &
2569 6345 82 33 WM.
2668 6345 109 33 KING.

2405 6383 96 33 JOHN
2520 6384 164 35 DEPFELL
2701 6386 25 33 &
2742 6383 80 31 SON.

2405 6424 93 31 JOHN
2518 6419 128 41 lIENRY
2661 6427 164 31 DEFFELL
2841 6417 25 33 &
2882 6417 60 31 CO.

2406 6466 121 28 BOGER
2543 6461 205 43 KYNASTON,
2765 6463 79 31 JEN.

2405 6501 169 35 THOMSON
2595 6504 154 38 OANEEI
2765 6502 27 31 &
2806 6499 58 31 CO.

2405 6542 220 35 ALEXANDER
2639 6545 137 35 GRANT.

2406 6581 85 38 EDE,
2510 6581 110 39 BOND,
2638 6584 27 31 &
2680 6584 148 36 P4ARSE.

2405 6620 107 31 Aces.
2529 6619 39 35 E.
2584 6620 140 38 PULLER
2739 6625 27 31 &
2781 6624 58 31 Co.

2444 6660 258 41 Billiter.quare.

3024 6231 74 20 SON.

2984 6261 113 36 HALL,
3117 6258 183 43 APGAREL,
3357 6261 61 33 CO.

2984 6301 187 31 BECKFORD
3187 6299 27 31 &
3230 6301 164 33 RANKEN.

2984 6340 55 30 W.
3057 6339 161 33 HERVEY.

2984 6378 233 31 BODDINGTON
3233 6380 28 33 &
3279 6380 123 33 DAVIS.

2984 6416 148 33 THOMAS
3150 6419 142 31 DANIEL
3307 6420 27 31 &
3350 6420 58 31 CO.

2984 6457 154 38 NELSON,
3156 6458 117 39 ADAXI,
3290 6460 27 31 &
3331 6460 58 31 CO.

2984 6494 146 33 COTTAM
3146 6498 25 30 &
3189 6498 164 33 MORTAL.

2983 6534 194 33 CHAUNCEY
3194 6537 24 31 &
3236 6537 113 35 LANG.

2987 6575 39 31 R.
3043 6573 33 31 J.
3091 6575 126 35 GRANT
3231 6578 28 31 &
3274 6576 60 33 Co.

2411 6717 203 38 MOUND,
2639 6721 33 31 in
2694 6723 52 30 the
2769 6720 175 43 possession
2959 6717 35 36 of
3013 6713 79 31 Two
3112 6712 139 33 Persons
3266 6715 68 31 who
3350 6713 79 31 have
3444 6712 82 30 been

2408 6757 31 33 .1
2439 6757 17 33 1
2493 6757 183 33 committed
2691 6761 47 33 for
2753 6761 90 30 Trial
2857 6764 35 28 at
2906 6757 52 33 the
2972 6753 135 39 ensuing
3123 6751 153 44 Borough
3291 6753 143 33 Sessions
3446 6762 49 20 :

2447 6794 69 35 One
2535 6792 104 35 Silver
2654 6798 290 33 double-bottomed
2953 6797 146 33 WATCH,
3109 6791 139 31 maker's
3261 6805 96 20 name
3376 6789 150 41 Wardley.

2447 6835 72 30 One
2535 6831 104 35 Silver
2654 6838 200 31 double-case
2869 6836 106 41 Verge
2991 6835 145 36 WATdii,
3157 6830 140 35 maker's
3318 6841 94 24 name
3428 6830 98 30 Prior.

2417 6869 3 47 '
2447 6872 71 33 One
2532 6872 83 31 Gold
2630 6874 102 43 single
2746 6887 71 22 case
2833 6874 146 41 WATCH,
2994 6874 137 35 Makers,
3150 6869 52 31 Du
3219 6871 112 43 Bois'
3346 6871 72 33 Fils.

2408 6909 2 43 '
2446 6912 77 31 Two
2539 6912 104 33 Silver
2657 6915 120 31 TABLE
2794 6915 142 36 SPOONS,
2953 6913 134 36 marked
3101 6912 30 31 J.
3146 6909 74 33 with
3235 6920 22 22 a
3269 6912 104 31 Crest.

2446 6950 79 33 Two
2540 6950 104 33 Silver
2658 6953 118 35 TABLE
2795 6953 142 38 SPOONS,
2953 6957 57 28 not
3024 6950 142 41 marked,
3181 6950 233 44 shapattern.

2449 6991 57 30 Sint
2521 6989 74 31 TEA
2613 6992 145 38 SPOONS,
2773 6994 31 30 J.
2820 6991 39 33 B.

2449 7028 58 33 Six
2524 7030 102 36 Ditto,
2643 7030 96 33 M'lst.

2447 7068 69 31 The
2543 7068 214 44 Handle-part
2780 7069 33 30 of
2831 7079 19 19 a
2872 7066 124 35 GRAVY
3020 7071 44 33 Sr
3091 7082 17 22 0
3169 7068 134 36 marked
3321 7069 36 31 T.
3381 7065 30 31 J.
3428 7061 49 31 H.
3494 7061 36 31 in

2409 7107 120 43 cipher.

2447 7148 72 31 One
2535 7146 104 33 Silver
2654 7145 175 38 Ttattam.E,
2854 7156 60 20 one
2939 7145 109 41 SEAL,
3058 7150 79 31 with
3154 7159 20 20 a
3191 7148 118 33 Scotch
3324 7142 129 36 Pebble,
3468 7150 61 20 one

2409 7186 98 33 GOLD
2524 7186 102 38 SEAL,
2643 7195 60 24 one
2720 7186 151 36 Baoocu,
2883 7183 192 39 (Cornelian
3090 7192 50 28 set
3153 7187 36 33 in
3203 7187 99 41 Gold)
3307 7181 6 47 ,
3324 7194 60 22 one
3400 7181 131 31 StLvEa

2408 7227 157 31 BUCKLE.

2449 7265 76 33 One
2535 7265 203 33 WATERLOO
2762 7260 140 39 MEDAL,
2924 7261 178 44 belonging
3126 7269 35 30 to
3173 7266 88 41 John
3276 7258 164 38 Marshall,
3457 7257 74 31 28th

2411 7302 184 43 Regiment.

2450 7345 74 39 Any
2537 7350 132 36 persons
2683 7339 69 35 that
2765 7350 71 31 may
2854 7339 79 33 have
2953 7339 63 33 lost
3035 7351 63 31 any
3115 7346 71 38 part
3206 7343 36 33 of
3258 7340 52 31 the
3334 7337 98 31 above
3457 7335 57 33 Pro-

2413 7389 90 35 perty
2517 7394 55 20 are
2587 7380 165 43 request/A
2765 7384 31 27 to
2813 7380 94 39 apply
2921 7383 33 30 at
2970 7380 50 30 the
3036 7380 228 33 Police-otlice..

3712 6482 134 31 114
4013 6483 14 30 1
4068 6483 19 30 6
4128 6483 19 31 2

3710 6521 16 31 1
3767 6521 24 31 8
3827 6523 19 30 7
4013 6523 74 30 115
4129 6523 14 31 1

3709 6561 82 30 118.
3824 6562 22 28 3
4009 6564 19 30 2
4069 6564 17 30 7
4126 6562 20 31 0

3707 6598 20 30 2
3748 6598 35 30 11
3808 6598 35 30 11
4008 6600 20 28 4
4066 6602 22 27 0
4109 6600 35 28 11

4405 6485 20 31 2
4463 6487 20 31 4
4521 6490 17 30 7

4403 6524 20 31 3
4461 6526 22 31 0
4504 6524 35 33 11

4402 6567 22 27 4
4461 6567 22 30 9
4520 6565 22 31 S

4402 6603 19 30 7
4460 6605 20 28 0
4520 6605 20 28 3

3606 6652 80 31 This
3702 6655 91 28 Seale
3809 6655 99 43 ought
3923 6661 30 22 to
3969 6657 167 38 sup,-,rsede
4151 6658 44 28 all
4209 6658 104 28 others
4328 6660 33 28 in
4376 6669 88 20 eases
4476 6661 35 28 of
4528 6660 159 38 Annuity-,

3569 6698 36 24 or
3619 6691 118 31 Leases
3764 6693 49 30 for
3828 6693 106 38 Lives,
3964 6694 35 31 in
4013 6694 104 30 which
4132 6706 74 30 very
4220 6696 61 31 low
4296 6696 98 31 Rates
4420 6698 50 30 for
4499 6709 33 19 so
4554 6698 88 41 long.
4665 6707 24 20 a.

3569 6731 110 39 period
3690 6742 33 19 as
3739 6732 143 30 fourteen
3896 6743 91 30 years
4002 6734 65 30 will
4079 6734 39 30 be
4124 6735 99 28 found
4238 6734 112 49 highly
4359 6735 247 39 advantageous.

3608 6802 20 2 _
3676 6769 216 33 VOYAGES
3913 6772 99 31 AND
4035 6770 205 33 FOREIGN
4265 6773 306 30 RESIDENCES.

3608 6808 139 31 Persons
3761 6809 159 44 voyaging
3935 6820 36 20 or
3984 6809 139 41 residing
4139 6811 126 38 abroad,
4279 6813 145 38 Masters,
4439 6806 252 47 Supercargoes,.,

3569 6846 63 33 and
3658 6849 115 38 others,
3803 6849 129 31 insured
3957 6849 49 31 for
4035 6849 52 30 the
4113 6850 102 31 whole
4243 6852 36 30 of
4293 6850 54 31 life
4372 6860 36 22 or
4435 6852 49 31 for
4509 6863 22 20 a
4556 6855 113 39 specitii

3569 6898 25 66 v
3594 6898 52 66 gt
3646 6898 25 66 e
3671 6898 209 66 diNANCY,
3904 6917 172 41 INFIRM
4098 6928 206 39 HEALTH,
4326 6928 101 31 AND
4447 6929 96 33 OLD
4565 6917 110 52 AGE!.

3605 6964 153 31 Females
3769 6961 80 36 need
3872 6969 57 28 not
3942 6976 131 30 appear.
4112 6967 69 30 The
4195 6970 83 27 rates
4296 6967 50 31 for
4359 6967 137 35 diseases
4512 6983 52 20 are
4580 6975 112 31 mode.

3569 7008 77 35 rate,
3663 7005 65 33 and
3742 7005 137 30 Policies
3906 7014 54 20 are
3975 7005 134 41 granted
4121 7009 33 28 to
4169 7016 129 30 persons
4313 7008 36 30 of
4365 7006 165 36 advanced
4543 7024 74 31 age..

3757 7044 189 31 Insurances
3961 7057 74 28 may
4049 7046 39 30 be
4102 7044 134 31 effected
4246 7046 134 31 without
4394 7046 109 46 delay.

3883 7093 162 24 OFFICERS
4069 7094 63 22 FOR
4156 7094 203 22 LIVERPOOL.

3750 7121 140 33 Medical
3906 7124 143 39 Referee,
4068 7124 41 31 T.
4124 7124 31 31 S.
4173 7124 110 39 Traill,
4301 7124 77 44 Esq.
4395 7128 52 33 M.
4460 7131 49 31 D.

3841 7162 140 39 Banker,
3997 7164 54 30 the
4065 7164 98 33 Bank
4181 7164 36 31 of
4235 7164 186 44 Liverpool.

3687 7202 178 33 Director's
3879 7203 283 39 Correspondents,

3913 7243 44 30 G.

4644 7197 33 38 P

3913 7243 44 30 G.
3976 7243 145 33 A'rKIN
4131 7243 87 33 SON
4239 7244 65 31 and
4323 7246 250 38 TOWNITEYr

4043 7279 5 47 •
4065 7279 5 47 -
4143 7283 47 38 21,
4208 7283 176 43 Exchange
4405 7279 36 39 Xll

3573 7320 66 31 Who
3639 7320 24 31 ,
3688 7320 65 33 will
3780 7320 146 33 transmit
3950 7323 164 41 proposals
4137 7324 35 28 of
4191 7313 501 50 Insurance,3n4imaLiohilair

3573 7361 61 31 tad
3647 7362 205 33 inihrmation
3866 7372 72 31 may
3954 7364 43 31 be
4006 7361 107 41 bbtain
4117 7361 63 43 P
4243 7361 63 43 4
4369 7361 315 43 ;-...

3943 1309 128 31 LORD
4094 1309 198 33 SANDON.

3581 1348 31 36 A
3638 1346 28 30 T
3685 1357 20 19 a
3718 1356 172 22 numerous
3902 1348 65 30 and
3981 1350 110 39 highly
4106 1351 192 39 respectable
4320 1350 216 36 MEETING
4557 1361 19 28 o
4576 1361 19 28 f
4624 1361 38 31 th
4661 1361 20 31 e

3557 1384 79 31 ±IL
3657 1384 206 33 FRIENDS
3879 1387 36 30 of
3928 1387 128 33 LORD
4069 1389 203 41 SANDON,
4287 1389 72 38 held
4372 1395 33 27 at
4419 1392 54 31 the
4482 1394 195 38 GOLDEN

3561 1424 123 38 LION,
3707 1424 52 31 the
3776 1425 69 31 16th
3863 1425 61 41 day
3948 1427 36 30 of
4002 1427 184 31 November
4200 1430 129 36 instant,
4356 1431 47 30 for
4425 1431 54 30 the
4494 1444 135 31 purpose
4646 1439 38 30 of

3559 1461 153 43 adopting
3724 1463 54 31 the
3792 1465 71 31 best
3876 1476 109 22 means
4000 1468 36 30 of
4052 1468 148 41 securing
4214 1469 49 31 his
4285 1469 246 35 ELECTION.

3641 1502 219 31 CHARLES
3882 1504 277 41 LAWRENCE,
4178 1509 87 41 Esq.,
4282 1510 33 31 in
4331 1510 52 31 the
4397 1510 118 43 Chair;

3597 1542 52 31 On
3679 1542 52 30 the
3757 1542 121 31 motion
3907 1543 36 30 of
3959 1543 115 33 JAMES
4096 1545 217 44 HEYWORTH,
4345 1550 88 43 Esq.,
4450 1553 154 33 seconded
4635 1554 47 41 by

3559 1580 145 33 GEORGE
3726 1581 135 39 GRANT,
3879 1583 35 46 Eq
3913 1583 17 46 .
3931 1583 36 46 .,
3983 1583 25 31 it
4024 1595 61 20 Was

3600 1619 279 38 Resolved,—That
3906 1620 61 33 this
3995 1622 154 44 Meeting,
4180 1624 115 46 deeply
4321 1630 175 39 impressed
4523 1635 72 31 with
4624 1636 54 31 the

3559 1658 90 31 value
3666 1658 35 31 of
3720 1658 85 31 Lord
3822 1658 157 33 Sandon's
3994 1661 135 33 services
4150 1668 33 27 to
4197 1665 49 31 his
4261 1668 217 35 Constituents
4494 1672 115 44 during
4624 1676 55 31 the

3559 1698 61 30 last
3646 1698 129 31 Session
3797 1701 36 30 of
3850 1699 209 39 Parliament,
4087 1702 63 30 and
4178 1706 162 41 confiding
4367 1709 33 31 in
4428 1709 49 33 his
4501 1712 178 43 judgment

3559 1735 63 31 and
3636 1735 181 39 discretion,
3835 1739 33 31 in
3893 1739 52 31 the
3964 1740 233 33 consideration
4222 1746 36 28 of
4274 1746 44 30 all
4345 1746 52 33 the
4411 1756 91 33 great
4515 1754 162 39 questions

3559 1773 101 33 which
3690 1776 63 30 will
3767 1776 175 41 inevitably
3965 1778 39 31 be
4027 1780 140 43 brought
4191 1783 134 33 forward
4348 1787 33 30 in
4405 1789 54 30 the
4485 1795 87 33 next,
4603 1794 79 33 does

3559 1814 120 43 hereby
3706 1825 121 36 engage
3852 1820 30 27 to
3904 1827 55 20 use
3981 1828 96 31 every
4091 1820 107 31 lawful
4219 1824 91 31 efiort
4331 1828 35 28 to
4384 1838 109 24 secure
4506 1830 49 31 his
4570 1838 109 27 return

3559 1857 35 28 at
3605 1855 54 28 the
3672 1865 135 30 ensuing
3825 1855 157 33 Election.

3600 1894 49 30 On
3679 1893 54 35 the
3756 1894 121 31 motion
3899 1896 38 30 of
3954 1898 83 123 RICH
4038 1898 20 123 .
4058 1898 63 123 AED
4121 1898 20 123 .
4142 1898 107 123 EDWA.
4318 1928 8 14 ,
4357 1904 87 43 Esq.,
4463 1909 159 31 seconded
4635 1910 43 43 by

3559 1932 148 31 THOMAS
3729 1932 123 39 TOBIN,
3871 1934 88 41 Esq.,
3975 1935 25 30 it
4011 1946 63 20 was

3600 1972 279 38 Resolved,—That
3891 1984 20 19 a
3954 1984 98 22 ommi
4054 1975 14 30 t
4068 1980 50 27 tee
4235 1989 44 20 ow
4309 1983 181 38 appointed,
4520 1989 33 27 to
4581 1987 101 41 adopt

3559 2009 54 31 the
3627 2009 148 43 requisite
3789 2020 159 22 measures
3964 2016 47 28 for
4031 2016 87 30 effect
4118 2016 16 30 '
4205 2017 52 31 the
4279 2019 109 39 object
4400 2022 35 30 of
4452 2024 52 30 the
4520 2025 159 44 Meeting.

3559 2049 85 31 That
3657 2052 55 27 the
3726 2049 161 41 following
3901 2052 192 31 Gentlemen
4115 2055 19 31 b
4186 2058 151 41 equested
4361 2063 31 27 to
4416 2065 50 27 act
4482 2072 33 19 as
4540 2072 19 22 a
4583 2065 74 31 Com-

3559 2090 118 35 mittee,
3707 2090 69 38 (the
3800 2099 109 20 names
3929 2091 36 30 of
3981 2094 112 39 nearly
4115 2094 60 31 200
4186 2098 183 39 gentleman
4383 2107 80 24 were
4479 2102 77 30 then
4569 2106 109 41 read,).

3559 2128 76 31 with
3646 2139 106 30 power
3764 2132 31 28 to
3808 2128 60 31 add
3885 2132 30 28 to
3929 2131 82 31 their
4022 2134 137 31 number

3868 2167 219 36 CHARLES
4112 2173 277 43 LAWRENCE,
4411 2178 189 35 Chairman.

3597 2206 69 30 The
3682 2205 175 33 Chairman
3871 2206 120 43 having
4003 2209 57 33 left
4072 2213 54 31 the
4142 2213 107 39 Chair,

3600 2246 279 38 Resolved,—That
3898 2249 54 30 the
3967 2249 134 31 Thanks
4123 2254 38 28 of
4176 2252 52 31 the
4243 2254 146 44 Meeting
4400 2257 41 30 be
4452 2258 96 39 given
4564 2265 31 27 to
4611 2261 68 31 Mr.

3561 2283 184 39 LawreAki,
3762 2285 49 30 for
3824 2287 47 30 his
3885 2287 71 30 able
3970 2290 140 31 conduct
4126 2291 33 30 in
4172 2291 52 30 the
4238 2291 107 31 Chair.

3942 2343 128 31 LORD
4093 2346 202 33 SANDON.

3556 2376 145 69 THE
3737 2378 276 35 COMMITTEE
4047 2384 39 28 of
4101 2384 54 31 the
4189 2387 239 33 FRIENDS
4465 2394 36 28 of
4532 2394 140 33 LORD

3654 2416 220 31 SANDON
3901 2419 65 30 will
3992 2420 43 30 sit
4057 2422 99 41 daily,
4183 2430 35 27 at
4236 2427 58 30 the
4296 2439 27 44 /
4323 2439 137 44 OLDEN
4483 2431 88 31 LION
4597 2435 66 30 INN

3559 2454 202 39 Dale-street,
3778 2458 35 27 at
3827 2457 69 30 One
3912 2457 145 33 o'Clock.
4666 2454 6 39 ,

3915 2496 219 35 CHARLES
4156 2483 277 61 LAN64,ENCE,
4452 2509 186 33 Chairman.

3594 2529 306 43 Committee-room,
3918 2534 126 33 Golden
4060 2537 93 38 Lion,
4172 2539 72 33 17th
4260 2542 83 31 Nov.
4362 2543 85 33 1832.

3554 2620 109 36 rpo
3691 2619 39 31 be
3759 2617 99 39 LET,
3888 2630 19 20 a
3935 2622 214 31 commodious
4181 2624 309 46 WAIWHOUSE,
4521 2646 79 22 ne.a.
4625 2639 52 30 the

3572 2657 43 31 .1
3654 2658 184 39 Exchange,
3855 2658 74 33 with
3945 2660 203 41 OFFICES,
4164 2665 211 35 anditable
4392 2674 285 35 conveniences.—

3557 2694 107 43 Apply
3680 2702 31 27 to
3728 2698 110 31 JAMES
3855 2698 183 39 BUNNELL,
4055 2701 276 36 Rumford-greet.

4224 2753 22 11 v,

3556 2756 148 159 TvthO
3706 2756 58 31 be
3765 2753 124 41 LET,
3891 2757 159 30 several
4052 2761 167 30 excellent
4220 2761 101 33 double
4323 2765 27 30 and
4356 2767 102 39 single
4471 2772 52 27 Or
4534 2778 14 20 .i.
4564 2770 91 33 WE
4657 2778 24 33 S,

3652 2795 35 31 in
3710 2795 50 31 the
3786 2794 183 36 immediate
3991 2797 220 43 neighbourho
4211 2797 20 43 o
4231 2797 20 43 d
4263 2805 17 30 o
4280 2805 19 30 f
4353 2816 17 20 e
4391 2806 22 43 E
4413 2806 44 43 xc
4457 2806 22 43 h
4479 2806 88 43 ange
4578 2820 9 27 ;
4611 2813 74 30 also,

3559 2831 87 33 three
3660 2835 159 31 excellent
3843 2836 376 36 WAREHOUSE-RO
4296 2846 139 33 ~.—For
4446 2846 123 33 further
4583 2852 87 38 parti-

3559 2874 104 31 culars
3687 2872 94 41 apply
3794 2877 33 28 to
3850 2876 63 33 Mr.
3939 2879 39 31 K.
4002 2879 41 31 A.
4068 2879 140 43 MOULD,
4291 2885 61 31 Mr.
4369 2883 173 44 Whitley's
4564 2888 118 39 Office,.

3559 2913 27 36 3,
3600 2913 249 31 Oldhall-street.

3557 2972 107 38 MO
3685 2972 39 31 be
3746 2972 99 38 LET,
3868 2983 19 22 a
3910 2978 195 31 convenient
4126 2980 128 31 Double
4276 2983 180 38 OF.I.ICE,
4480 2995 41 20 on
4537 2984 52 31 the
4613 2986 69 33 first

3655 3011 87 38 floor,
3765 3011 66 31 also
3846 3022 20 20 a
3882 3013 112 44 Single
4019 3016 176 41 OFFICE,
4222 3016 109 46 //the
4345 3024 124 38 ground
4483 3024 181 46 floor.—Ap-

3559 3050 54 39 ply
3627 3060 41 20 on
3682 3050 52 33 the
3750 3050 159 36 Premises
3923 3058 30 28 to
3970 3055 30 31 J.
4017 3055 39 31 G.
4074 3057 197 36 SwAINSE(N,
4290 3061 44 31 46,
4351 3060 230 33 Castle-street.

3557 3109 106 38 ►ylO
3693 3110 36 28 be
3761 3109 99 41 LET,
3891 3113 90 30 BON
3991 3113 98 36 _QED
4123 3115 63 31 and
4216 3118 87 55 !•y
4304 3117 38 31 EE
4384 3121 293 31 WAhLn-10USE

3672 3146 169 39 ROOMS,
3857 3151 33 28 in
3906 3151 239 31 Strand-street.

3597 3184 109 41 Apply
3718 3191 31 27 to
3765 3187 43 33 N.
3827 3189 41 31 D.
3885 3189 107 36 BOLD,
4011 3191 238 31 Strand-streel.

3559 3241 46 30 To
3622 3241 38 28 be
3676 3243 98 38 LET,
3800 3246 46 27 for
3861 3254 19 20 a
3899 3244 96 28 Term
4019 3247 36 25 of
4077 3246 106 33 Years,
4197 3244 66 28 and
4287 3254 74 28 may
4378 3244 36 28 be
4435 3246 132 30 mitered
4589 3257 90 30 upon

3901 3280 52 28 the
3970 3279 50 28 Ist
4033 3280 35 28 of
4085 3280 146 36 January
4246 3283 85 33 next,

3562 3318 61 35 ro
3625 3315 93 28 OUR
3753 3317 194 30 BONDED
3978 3313 337 39 WAREHOUSES,
4342 3328 72 20 now
4446 3321 154 39 occupied
4631 3321 46 43 by

3559 3353 47 31 .V
3644 3353 63 30 Mr.
3728 3354 157 36 Harbord,
3915 3353 135 30 situated
4076 3362 41 20 on
4142 3353 54 30 the
4224 3353 80 31 East
4331 3356 68 30 side
4424 3357 36 30 of
4476 3357 54 31 the
4556 3361 123 41 King's,

3559 3391 101 36 Dock,
3679 3391 145 30 bounded
3839 3400 41 20 on
3898 3391 50 30 the
3964 3391 93 30 north
4071 3391 39 41 by
4128 3391 113 31 Lower
4260 3394 274 43 Sparling-street,
4553 3398 63 33 and
4630 3411 49 22 int

3556 3430 54 28 the
3633 3428 91 30 south
3748 3428 41 41 by
3803 3428 52 30 the
3880 3428 205 31 Manchester
4109 3428 65 31 and
4191 3431 170 43 Lerpool
4386 3435 154 46 Railway.
4584 3439 91 44 They

3556 3479 72 30 may
3654 3468 39 31 be
3718 3468 169 30 converted
3913 3468 68 31 into
4011 3469 87 30 Corn
4132 3441 216 69 Warehouses
4376 3472 28 33 if
4424 3472 159 44 'required,
4611 3490 68 24 and.

3557 3509 99 30 Grain
3669 3518 74 30 may
3756 3507 38 31 be
3811 3507 123 31 carried
3948 3509 68 30 into
4033 3509 96 38 them,
4143 3521 19 20 a
4230 3512 208 43 transhipped
4455 3521 35 25 to
4506 3517 154 36 Manches-

3556 3551 49 27 ter
3616 3546 66 30 free
3698 3550 36 28 of
3750 3546 148 41 Cartage.

3595 3586 87 38 Also,
3696 3598 19 19 a
3729 3587 87 39 large
3846 3587 28 30 R
3883 3587 120 38 00M,
4036 3587 65 31 and
4128 3587 58 43 dry
4213 3589 233 38 CELLAR-
4483 3594 121 35 Rooms
4627 3600 57 33 for

3556 3625 301 41 Counting-houses,
3887 3627 55 30 &c.
3965 3628 35 30 in
4028 3627 54 31 the
4118 3628 189 36 American.
4326 3630 186 54 Chambers,
4551 3636 131 36 Lower-

3557 3665 420 44 Sparling-street.—Apply
4008 3671 31 28 to
4068 3668 80 33 JNo.
4175 3668 80 33 MON
4261 3679 173 33 TGOMERY,
4513 3683 143 27 avert-cc
4671 3694 13 27 ;

3556 3715 38 20 or
3606 3709 35 27 at
3652 3704 54 31 the
3720 3706 198 39 Atheneum,
3943 3707 247 39 Church-street,
4211 3709 143 35 between
4378 3712 129 35 Twelve
4523 3723 65 27 and
4605 3718 77 35 One

3559 3745 145 30 o'Clock.

3742 3820 90 31 SUN
3855 3820 107 35 LIFE
3984 3822 274 38 ASSURANCE
4283 3827 208 43 SOCIETY,

3961 3861 79 31 Corn
4046 3863 63 39 hill,
4135 3865 134 33 London.

4022 3912 202 24 MANAGERS.

3814 3939 165 33 CHARLES
4003 3940 106 39 POLE,
4132 3942 88 41 Esq.,
4247 3946 178 33 Treamrer.

3559 3978 172 30 Frederick
3746 3978 112 36 Booth,
3879 3978 74 39 Esq.
4139 3983 44 30 Fe
4184 3984 44 28 lix
4244 3986 36 28 C.
4299 3986 180 38 Ladbroke,
4502 3987 77 43 Esq.

3557 4016 134 33 Charles
3704 4016 150 38 Boulton,
3872 4017 77 39 Esq.
4140 4020 113 41 Henry
4269 4022 19 41 L
4288 4022 19 41 a
4307 4022 39 41 db
4346 4022 41 41 ro
4387 4022 20 41 k
4408 4022 20 41 e
4428 4022 20 41 ,
4476 4027 74 41 Esq.
4652 4016 5 52 '

3559 4054 88 33 Hon.
3680 4055 36 30 P.
3742 4055 328 39 Pleydell-Bouverie,
4137 4060 38 30 C.
4191 4060 93 30 Shaw
4298 4060 161 44 Lefevre„
4471 4065 87 39 Esq.,
4576 4066 46 28 M.
4636 4066 44 31 V.

3598 4093 46 31 M.
3658 4093 38 30 P.
4139 4098 87 30 Hon.
4244 4098 101 43 Hugh
4361 4101 151 41 Lindsay,
4539 4104 44 30 M.
4597 4104 38 30 P.

3557 4131 146 33 William
3718 4132 131 38 Burnie,
3872 4132 76 39 Esq.
4135 4135 132 31 Charles
4283 4137 181 39 Littledale,

3557 4172 87 30 John
3661 4172 178 38 Cockerell,
3865 4170 76 43 Esq.
4139 4175 112 35 Henry
4268 4175 178 41 Littledale,
4469 4178 80 41 Esq.

3557 4209 109 31 James
3680 4208 176 41 Campbell,
3876 4209 72 41 Jun.
3965 4213 79 39 Esq.
4135 4216 79 30 Geo.
4228 4211 118 35 Warde
4364 4216 156 36 Norman,
4545 4219 82 39 Esq.

3557 4249 139 31 Thomas
3710 4249 151 41 Dorrien,
3885 4250 76 43 Esq.
4137 4254 87 33 John
4238 4254 128 38 Pearse,
4383 4254 87 41 Esq.,
4494 4255 47 31 M.
4557 4257 38 31 P.

3557 4288 142 31 Thomas.
3712 4287 150 41 Dorrien,
3880 4290 72 39 jun.
3972 4291 74 41 Esq.
4137 4294 94 31 Brice
4247 4294 126 33 Pearse,
4398 4294 79 39 Esq.

3556 4326 134 31 Charles
3706 4326 71 31 Bell
3792 4328 94 41 Ford,
3910 4331 77 44 Esq.
4106 4326 3 49 •
4137 4334 132 31 Charles
4283 4331 142 33 Richard
4439 4334 90 38 Pole,
4553 4332 82 43 Esq.

3557 4364 145 33 WilliAm
3717 4367 181 41 Hamilton,
3921 4372 76 39 Esq.
4110 4364 3 49 •
4135 4372 36 31 C.
4191 4373 83 31 Geo.'
4283 4372 175 38 Thornton,
4483 4372 74 41 Esq.

3557 4403 137 35 Edward
3710 4405 157 44 Harman,
3891 4409 77 43 Esq.
4139 4413 107 31 James
4260 4413 137 38 Trotter;
4413 4411 79 43 Esq.

3894 4449 134 33 JOSHUA
4046 4450 131 38 MILNE,
4200 4454 145 50 ACtutirg.

3554 4483 146 74 THE
3721 4487 258 36 MANAGERS
4002 4490 118 41 having
4143 4490 63 33 had
4233 4490 246 35 PREMIUMS
4501 4490 180 35 ealculatedl

3666 4531 225 38 proportioned
3917 4535 31 25 to
3972 4529 50 31 the
4046 4529 90 30 value
4162 4532 36 28 of
4216 4532 52 31 the
4291 4532 82 30 risks
4397 4535 35 25 at
4457 4532 52 28 the
4529 4531 156 31 different'

3559 4565 126 43 periods
3699 4570 35 30 of
3754 4569 206 41 life—which,
3976 4567 99 33 under
4090 4565 161 44 forty-five
4266 4583 91 20 rears
4378 4572 43 33 of'
4431 4581 69 31 age,
4517 4570 90 31 when
4620 4570 60 39 the

3559 4608 181 30 Assurance
3769 4609 25 28 is
3817 4609 50 30 for
3891 4609 52 30 the
3969 4608 99 31 whole
4091 4608 36 30 of
4150 4609 65 36 life,
4235 4613 66 30 and
4324 4608 102 33 under
4447 4611 153 41 fifty-five,
4641 4620 41 19 or

3557 4646 123 33 shorter
3694 4646 131 43 periods,
3849 4660 54 20 are
3918 4646 220 33 considerably.
4159 4646 96 33 lower
4279 4649 102 43 flutf
4381 4660 52 22 are
4454 4649 162 46 generally
4630 4660 35 20 re-

3559 4687 120 38 quired.
3728 4693 13 24 i
3750 4688 85 28 abies
3850 4690 35 28 of
3902 4690 52 30 the
3970 4698 66 20 new
4054 4682 107 39 Rates,
4187 4688 74 30 with
4535 4691 35 30 of
4581 4685 82 35 ANSU-

3557 4735 106 28 rance,
3687 4735 72 35 may
3775 4724 36 31 be
3827 4724 63 33 had
3902 4732 36 27 at
3957 4728 52 30 the
4033 4728 68 30 SIM
4117 4724 69 31 Life
4202 4728 112 39 OEIIO,
4335 4729 35 31 in
4384 4726 154 43 Cornhiil,
4561 4729 65 31 and
4646 4734 35 28 at

3557 4764 52 30 the
3627 4767 68 30 Sun
3710 4765 72 30 Fire
3798 4761 110 44 Office,
3931 4767 33 31 in
3980 4767 123 41 Craig's
4121 4764 110 41 Court,
4257 4767 159 41 London;
4438 4772 68 30 tt.so
4518 4770 35 31 of
4569 4780 63 30 any
4646 4770 39 31 of

3557 4803 54 31 the
3627 4805 123 38 Agents
3764 4802 47 31 for
3827 4803 52 31 the
3896 4808 68 30 Sun
3980 4806 72 31 Fire
4068 4803 109 33 Office.

4047 4852 146 25 AGENTS.

3561 4901 183 41 Lioespool.,

3904 4883 44 31 N.
3964 4883 43 31 D.
4022 4882 137 39 BOLD,
4184 4883 175 41 Exchange
4361 4890 112 28 -street
4491 4887 101 38 West,
4616 4887 65 31 acct

3803 4928 3 3 .

3877 4887 20 76 /
3904 4923 151 31 JAMES
4082 4921 129 35 BUNN
4219 4924 99 36 ELL,
4343 4924 276 41 litunfot&street,

3557 4957 205 41 Macclesfield
4337 4964 88 31 Edw.
4444 4967 165 30 Johnson..
4657 4957 6 41 '

3557 4994 380 38 Manchesterddlackburn
3950 5006 63 25 and
4025 5005 76 28 enut
4106 5005 47 41 ley
4337 5005 93 31 Robt.
4449 5005 110 31 Duck.

3559 5035 123 31 Kendal

3559 5076 271 49 Leed
4033 5076 68 49 •
4236 5076 134 49 J.
4386 5083 247 41 kitehiughain.

3559 5115 123 28 Preston
4335 5121 31 30 J.
4384 5121 115 30 Green.

3561 5154 165 30 Lance4cr
4335 5159 31 30 J.
4386 5161 217 31 Btackburne.

3562 5192 109 41 ifigun
3682 5195 60 22 and
3754 5189 277 44 Ormskirk
4135 5189 35 44 .
4205 5189 276 44 Prescott
4496 5200 131 31 Morris.
4665 5189 3 44 :

3559 5231 169 30 Ulverstone
4343 5235 80 30 Tohn
4439 5235 132 33 Callen.

3559 5268 142 39 D..uglas,
3724 5266 57 28 Isle
3792 5265 41 41 of
3846 5266 77 28 Man
4334 5271 109 31 James
4460 5274 121 33 Moore.

3713 5323 55 30 AS
3780 5321 124 31 iLUM
3929 5323 85 31 FOR
4093 5321 5 43 -
4172 5321 3 43 •
4283 5328 159 35 DOMES
4444 5332 19 31 -
4463 5332 60 31 11C

3961 5361 106 33 LIFE

3578 5402 46 38 70,
3649 5400 241 39 CORNHILL,
3907 5403 61 31 and
3984 5403 28 39 5,
4035 5403 408 46 WA2'Elil,oo-PLACE,
4460 5400 3 49 ,
4468 5413 194 35 LONDOIST.

4020 5454 200 25 DIRECTORS.

3690 5482 69 31 The
3776 5482 208 33 Honourable
3998 5483 173 35 WILLIAM
4195 5488 148 41 FRASER,
4364 5491 186 33 Chairman.

3690 5523 134 33 Colonel
3838 5524 243 43 LUSHINUION,
4102 5528 39 31 C.
4165 5528 44 33 B.
4220 5531 332 46 Deputy-Chairman.

3602 5564 113 33 Foster
3729 5564 173 41 Reynolds,
3921 5565 76 43 Esq.
4181 5569 113 33 C.'Vv.
4309 5570 134 39 Hallett,
4461 5572 77 41 Esq.

3603 5605 146 31 William
3764 5605 106 38 Pratt,
3883 5605 79 41 Esq.
4183 5608 52 31 Sir
4250 5609 109 33 James
4373 5608 162 35 Gambier.

3603 5646 88 30 John
3706 5646 134 41 Kymer,
3858 5646 76 39 Esq.
4183 5647 57 31 W.
4254 5647 156 43 Edmund'
4447 5660 112 30 errers,
4576 5650 80 41 Esq.

3605 5685 132 31 Francis
3754 5685 146 36 Kemble,
3920 5683 76 39 Esq.
4183 5687 140 31 Thomas
4359 5688 80 39 4.nn,
4458 5688 76 41 Esq.

3602 5724 96 39 Capt.
3709 5723 39 30 G.
3765 5723 124 35 Harris,
3902 5723 91 30 R.N.
4011 5723 36 30 C.
4065 5723 38 31 B.

3791 5761 38 30 G.
3852 5761 257 41 FAHREIN,,Esq.
4156 5764 124 31 esident
4328 5767 128 30 ireetor.

3567 5798 231 66 TOWEST
3820 5798 148 30 RATES
3998 5798 124 31 EVER
4154 5802 60 30 PU
4301 5805 135 35 SHFD,
4460 5802 17 30 -
4477 5802 132 30 whether
4631 5802 54 28 for

3654 5846 19 19 a
3687 5839 79 25 term
3786 5844 36 20 or
3835 5835 49 30 for
3898 5835 52 33 the
3965 5838 99 30 whole
4080 5839 36 28 of
4126 5838 63 38 life,
4206 5850 17 20 o
4269 5841 71 41 sing
4354 5854 20 19 a
4389 5839 110 39 saving
4513 5839 33 30 in
4557 5846 128 35 present

3562 5885 118 28 moneys
3706 5882 88 19 more
3816 5872 76 28 than
3918 5876 91 36 equal
4039 5879 33 25 to
4094 5876 52 28 the
4169 5882 61 25 rett
4250 5890 43 19 'ns
4320 5891 35 17 or
4383 5879 156 36 additions
4564 5879 36 28 of
4616 5888 69 28 any

3562 5912 90 30 other
3665 5910 140 38 existing
3820 5912 107 35 Office,
3946 5912 63 28 and
4025 5912 150 41 avoiding
4187 5917 44 28 all
4246 5917 30 41 li
4276 5917 14 41 a
4290 5917 77 41 bilit
4367 5917 16 41 y
4395 5917 17 30 o
4413 5917 17 30 f
4441 5915 17 41 P
4458 5915 36 41 ar
4494 5915 38 41 tn
4532 5915 57 41 ers
4589 5915 76 41 hip.

3696 5948 68 30 The
3780 5948 159 43 following
3954 5959 55 19 are
4020 5951 140 28 selected
4172 5953 82 30 from
4268 5956 54 28 the
4332 5965 16 19 -
4348 5965 66 19 reit
4431 5954 112 30 Rates.

3564 6005 68 41 Ag'S

3580 6044 39 31 20

3606 6014 11 20 ,
3617 6014 25 20 e.
3685 6003 117 31 Whole
3817 6005 83 31 Life.
3942 6005 16 30 7
3976 6003 110 31 Years.
4150 6006 82 36 Age.
4276 6009 117 30 Whole
4406 6009 80 30 Life.

3726 6041 72 33 111
3838 6043 22 33 9
3913 6039 6 82 1
3954 6039 77 36 017
4074 6043 58 39 1I
4169 6043 39 33 40
4310 6047 77 31 217
4430 6047 16 31 1

3580 6085 41 31 3')
3721 6082 22 33 2
3783 6082 19 31 2
3839 6082 20 31 0
3957 6082 14 31 1
4014 6082 63 33 210
4077 6082 22 33 ,
4167 6083 41 31 50
4250 6082 5 39 I
4310 6087 20 30 4
4369 6085 20 33 2
4428 6088 19 31 0

4531 6009 16 31 7
4565 6009 115 31 Years_

4546 6049 14 31 1
4584 6049 38 33 10
4660 6049 27 33 8

4543 6090 20 30 2
4606 6090 14 30 1
4663 6091 24 28 7

3954 6142 82 31 AL'l
4047 6142 151 31 ERNAI
4206 6145 14 28 i

3605 6180 167 38 One-third
3784 6183 36 30 of
3836 6180 54 33 the
3917 6180 165 33 Premium
4096 6194 74 30 may
4187 6181 39 33 be
4249 6183 60 33 left
4320 6186 123 41 unpaid
4461 6191 35 30 to
4510 6189 124 31 remain
4649 6198 38 24 as

3565 6236 19 20 a
3598 6224 88 33 Debt
3710 6220 126 44 against
3861 6220 54 35 the
3932 6222 120 43 Policy,
4083 6224 74 31 with
4178 6228 131 28 interest
4332 6230 33 28 at
4389 6225 87 33 Four
4494 6239 57 31 per
4575 6230 112 41 Cent.,

3565 6265 112 39 which,
3694 6265 151 36 however,
3861 6261 76 44 rriay
3951 6261 39 43 be
4014 6263 76 43 paid
4102 6265 46 33 off
4165 6265 167 33 whenever
4345 6266 27 33 it
4383 6279 74 31 may
4471 6268 39 33 be
4534 6271 134 33 conveni-

3567 6309 55 28 ent
3635 6309 36 30 to.
3682 6306 50 31 the
3748 6304 150 31 A.ssused.

3735 6343 271 33 ASCENDING
4030 6345 146 31 SCALE
4198 6346 58 31 OF
4279 6346 231 35 PREMIUM.
4676 6343 5 46 •

3569 6405 178 43 Age.jFirst
3759 6405 17 31 7
3795 6405 107 31 Years.
3917 6406 200 39 Succeecung
4139 6406 16 31 7
4183 6408 17 28 Y
4211 6408 157 39 ts.iEvery
4387 6408 55 31 Yr.
4460 6416 30 24 01
4507 6408 71 31 Lite
4592 6413 94 28 aftei-

4627 7458 65 33 '.:'_~.

4565 7520 14 8 ~
4605 7520 14 3 T

4542 7520 57 36 •./.

4542 7554 19 17 r.

4608 7584 19 25 ~v

285 1129 54 55 1.

1594 1107 419 74 FRIDAY,
2050 1102 572 66 NOVEMBER
2654 1106 110 76 23,
2805 1110 195 61 1832.

4236 1112 99 61 PE
4351 1135 107 39 ILE
4513 1117 98 63 7d.

3587 6480 43 31 20

3587 6520 41 31 30

3587 6557 41 31 40
