5427 7338
156 206 155 30 l'examen
324 206 181 37 s'imposera
511 213 40 21 au
561 203 150 38 prochain
725 203 124 30 Conseil
863 210 46 21 mu-

161 242 126 38 nicipal.

197 279 43 30 M.
256 278 229 30 Denonvilliers
500 279 46 26 est
559 285 45 21 nn
619 278 123 27 orateur
769 275 163 31 d'affaires,

164 317 128 33 correct,
304 313 98 37 précis
415 313 31 28 et
456 312 115 28 concis.
585 312 27 28 Il
631 319 39 20 ne
685 312 67 27 vise
767 319 57 27 pas
839 312 19 26 à
869 309 52 28 l'ef-

159 350 65 34 fet;
259 351 25 27 il
312 351 76 26 veut
420 356 32 21 se
484 347 78 30 faire
592 345 211 38 comprendre.
836 346 93 28 Point

161 383 142 31 d'exorde
331 384 213 37 prétentieux;
572 384 89 35 point
686 383 38 27 de
752 383 180 34 péroraison

161 420 235 35 déclamatoire;
420 419 53 28 des
489 419 83 34 faits,
585 419 53 27 des
651 417 132 34 chiffres,
798 417 53 28 des
878 424 35 20 en-

159 457 178 34 gagements
384 455 138 37 simples,
542 455 191 28 .clairement
765 452 164 35 exprimés.

156 491 92 30 Voilà
261 491 188 35 l'éloquence
478 490 35 27 de
539 491 90 26 notre
657 488 169 30 honorable
853 488 74 33 ami,

159 534 60 21 une
252 527 86 28 vraie
365 527 165 35 éloquence
565 524 154 28 d'homme
758 523 168 35 d'affaires;

157 562 76 30 celle
246 562 57 37 qui
314 562 146 28 convient
474 559 77 31 dans
565 568 61 20 une
653 559 169 31 assemblée
848 559 66 28 d'ad-

157 598 240 28 ministrateurs.

190 633 43 28 M.
252 634 37 28 de
301 632 32 28 la
346 632 171 37 Brière,qui
533 632 137 27 soutient
679 631 32 27 la
725 630 203 28 candidature

155 669 38 28 de
207 669 43 28 M.
272 669 136 28 Maurice
420 667 244 35 Denonvilliers,
680 674 18 19 a
713 673 38 21 eu
767 673 45 20 un
833 665 96 28 début

154 704 141 30 heureux
305 712 7 20 :

191 750 12 14 «
220 741 52 28 Un
282 742 72 33 jour
370 739 111 28 Guizot
493 738 120 28 visitait
627 736 46 30 les
689 736 171 37 faubourgs
891 736 38 28 de

151 770 273 40 Manchester/Et,
448 776 118 32 voyant
581 775 85 26 toute
696 772 32 28 la
756 772 84 28 foule
873 771 53 28 des

150 819 77 27 gens
241 819 76 21 sans
328 815 91 31 aveu,
432 809 24 30 il
474 810 46 30 dit
542 816 41 21 au
598 809 97 27 maire
710 808 56 35 qui
780 808 128 28 l'acaom-

126 846 13 14 '
149 848 130 33 pagnait
292 854 8 20 :

187 893 12 13 »
263 881 149 31 Combien
426 880 24 30 il
464 880 65 28 doit
543 880 105 28 falloir
663 880 138 34 d'agents
819 879 37 27 de
872 886 37 27 po-

146 917 59 30 lice
220 919 30 27 et
262 919 37 26 de
318 917 118 28 soldats
450 924 79 28 pour
541 917 139 27 contenir
694 917 78 26 cette
791 914 111 28 tourbe
917 914 6 27 1

187 963 12 15 »
269 952 76 30 Très
356 959 72 28 peu,
454 952 142 35 répondit
612 951 31 27 le
652 951 107 33 maire;
787 958 52 19 car
852 951 72 26 chez

148 994 81 22 nous
242 989 46 28 les
304 987 150 30 honnêtes
468 994 77 28 gens
557 987 72 27 sont
644 986 86 28 aussi
744 985 107 28 hardis
862 992 61 30 que

148 1023 46 31 les
209 1024 139 37 coquins.
367 1033 11 15 »

182 1058 111 34 Quand
307 1059 79 27 donc
402 1067 38 20 en
454 1065 69 21 sera
535 1057 57 28 t-il
620 1056 81 28 ainsi
725 1056 71 28 chez
820 1056 100 28 nous?

182 1095 44 27 M.
241 1094 242 33 Denonvilliers,
500 1095 74 26 dont
586 1093 32 28 la
630 1093 201 28 candidature
846 1100 18 19 a
875 1090 48 30 été

148 1131 90 28 votée
252 1131 19 27 à
288 1129 194 28 l'unanimité
494 1129 100 27 moins
611 1128 72 35 cinq
693 1128 74 27 voix
781 1134 18 20 a
808 1127 113 34 fait,au

148 1173 91 20 cours
250 1167 37 26 da
301 1166 32 27 la
347 1166 97 27 soirée
459 1172 60 21 une
534 1165 94 28 ferme
644 1163 203 28 déclaration.

184 1200 48 30 Un
246 1200 157 37 jérômiste
428 1200 46 27 lui
493 1201 98 34 ayant
604 1199 46 27 dit
666 1206 7 20 :
693 1209 11 14 «
722 1198 201 28 Vous.n'êtes

146 1244 56 27 pas
219 1235 210 37 républicain;
445 1235 83 27 alors
544 1235 117 35 qu'êtes
676 1241 79 21 vous
767 1232 14 27 ?
796 1245 11 13 »
824 1233 97 28 Notre

146 1272 64 27 ami
226 1279 18 20 a
257 1272 156 35 répondu:
441 1281 12 14 «
471 1271 59 27 J'ai
546 1271 142 34 toujours
703 1270 47 27 été
777 1270 142 34 partisan

145 1306 35 30 de
195 1307 32 27 la
239 1307 209 28 restauration
459 1306 37 27 de
509 1306 32 28 la
556 1304 178 30 monarchie
748 1304 172 27 nationale.

181 1343 208 27 L'assistance
398 1341 115 30 entière
568 1341 103 28 moins
687 1341 27 27 le
726 1339 158 35 jérôiniste

146 1385 19 20 a
180 1377 96 30 éclaté
291 1385 39 21 en
344 1376 313 38 applaudissements.
672 1375 43 28 M.
748 1375 151 27 Denonvil-

142 1414 77 33 liers
233 1421 20 20 a
266 1414 46 27 les
327 1414 73 34 plus
415 1413 132 35 grandes
573 1411 130 28 chances
726 1409 37 28 de
790 1410 105 28 succès
907 1427 7 5 -

148 1450 30 27 et
193 1456 58 21 son
269 1448 132 30 élection
429 1446 47 30 elt
504 1447 125 28 assurée
643 1447 27 26 si
694 1446 46 27 les
755 1453 144 20 conserva-

146 1486 85 26 teurs
252 1493 40 20 ne
308 1483 154 28 désertent
489 1491 57 28 pas
566 1480 162 32 dimanche
743 1480 30 28 le
798 1481 120 28 scrutin

148 1525 79 31 pour
240 1520 47 28 les
304 1526 135 24 courses.

247 1580 194 30 SoizSème
470 1579 353 30 arrondissement

327 1643 157 31 Quartier
508 1644 45 31 de.
566 1643 33 27 la
621 1642 119 28 Muette

181 1706 142 28 Réunion
335 1706 60 28 très
411 1706 204 28 intéressante
631 1703 78 28 dans
722 1702 31 30 le
775 1702 144 28 seizième

143 1742 261 28 arrondissement
415 1749 9 27 ;
438 1741 28 27 le
481 1741 81 34 parti
575 1740 116 27 radical
720 1747 18 20 a
763 1739 89 27 lancé
868 1744 48 21 ses

141 1780 139 25 orateurs
294 1778 45 27 les
354 1778 72 34 plus
438 1775 120 30 habiles
574 1780 104 24 contre
691 1774 44 28 M.
751 1773 167 37 Aclocque.

141 1812 46 28 La
200 1812 77 28 salle
291 1813 46 26 est
350 1812 129 28 comble.
494 1811 182 37 Répondent
689 1811 39 27 ils
743 1808 14 28 ?

174 1847 44 28 M.
235 1847 102 30 Melon
352 1848 37 27 de
403 1848 124 28 Pradou
541 1845 122 39 préside
674 1853 8 28 ;
704 1846 24 27 il
755 1845 104 28 donne
887 1844 32 28 la

141 1883 107 35 parole
262 1884 18 27 à
292 1884 45 27 M.
351 1880 165 38 Aclocque.

175 1919 44 27 Le
233 1917 159 31 conseiller
407 1919 37 27 de
458 1922 32 24 la
508 1917 117 28 Muette
638 1917 77 27 rend
728 1917 122 38 compte
874 1916 38 27 de

141 1961 59 21 son
213 1954 137 34 mandat;
364 1954 25 28 il
403 1952 155 35 explique,
574 1958 76 22 avec
660 1951 33 28 là
711 1951 73 35 plus
801 1950 116 35 grande

141 1988 93 30 clarté
249 1993 100 26 toutes
364 1989 45 28 los
424 1989 161 37 questions
605 1988 57 35 qui
686 1988 187 27 intéressent
887 1987 40 31 le,

120 2021 4 41 '
141 2024 141 30 seizième
293 2026 262 27 arrondissement
566 2026 31 26 et
611 2024 128 26 surtout
749 2029 58 20 son
822 2029 72 33 quar-

138 2060 59 30 tier
206 2068 8 26 ;
231 2060 24 28 il
269 2060 52 37 n'y
333 2067 19 20 a
367 2067 56 30 pas
437 2060 37 27 de
488 2060 90 35 peine
593 2059 18 27 à
625 2059 143 27 soulever
793 2056 46 30 les
865 2065 35 28 ap-

141 2095 270 37 plaudissements.

174 2132 135 27 Passant
320 2132 122 27 ensuite
457 2131 18 27 à
488 2130 152 28 l'examen
663 2130 43 28 du
719 2134 197 30 programme
932 2125 1 39 i

143 2166 38 30 de
194 2166 44 30 M.
253 2166 175 34 Millerand,
456 2173 57 20 Bon
539 2164 188 35 Adversaire,
751 2164 24 28 il
803 2171 39 21 en
867 2164 50 28 dé-
931 2164 2 37 -

142 2202 86 28 chire
239 2203 45 27 les
298 2202 98 31 voiles
407 2210 9 26 ;
432 2202 25 28 il
471 2204 119 26 montre
606 2207 74 21 sous
692 2206 61 22 une
777 2199 120 28 modéra-

143 2237 66 28 tion
226 2237 122 28 affectée
360 2237 45 28 les
418 2236 247 31 revendications
693 2235 150 28 radicales
863 2236 35 26 ha-

141 2271 149 30 bilement
298 2272 174 35 déguisées.
487 2272 27 27 Il
528 2280 74 28 pose
624 2278 41 20 au
690 2270 145 31 candidat
863 2277 35 21 au-

142 2309 165 27 tonomiste
322 2315 61 20 une
398 2308 78 28 série
493 2308 35 27 de
543 2308 162 35 questions
731 2304 183 37 auxquelles

141 2352 33 21 ce
187 2343 122 30 dernier
321 2352 39 20 ne
374 2344 76 35 peut
464 2350 33 21 se
510 2343 137 28 dérober.

176 2379 69 28 Une
259 2379 146 38 question
420 2379 129 27 relative
563 2386 40 20 au
631 2376 92 30 traité
749 2375 38 30 de
800 2375 94 28 Franc-

141 2414 64 28 fort
217 2415 47 28 lui
278 2417 119 34 permet
409 2414 84 30 enfin
507 2421 61 20 une
595 2412 188 35 vigoureuse
797 2412 118 35 riposte

141 2451 31 26 et
182 2450 47 28 lui
243 2451 119 27 fournit
376 2458 63 20 une
452 2450 118 28 chaude
591 2448 181 35 péroraison
787 2450 54 34 qui
868 2447 47 27 lui

139 2486 164 35 conquiert
317 2484 188 31 l'auditoire,

174 2520 80 28 C'est
266 2529 41 20 au
331 2522 109 27 milieu
465 2520 53 28 des
541 2520 116 28 bravos
670 2517 164 38 prolongés
849 2525 61 30 que

138 2556 146 30 l'orateur
295 2557 131 35 reprend
441 2563 35 21 sa
490 2556 96 34 place.

172 2591 43 28 M.
231 2593 165 33 Mfilerand
415 2594 105 26 monte
548 2589 122 31 ensuite
684 2590 19 27 à
717 2589 32 28 la
764 2588 146 35 tribune*;

135 2627 26 28 11
174 2634 124 28 expose,
311 2627 78 27 dans
403 2635 45 19 un
463 2627 143 27 discours
621 2633 86 21 assez
716 2624 198 34 embrouillé,

135 2662 157 37 plusieurs
306 2662 163 37 questions
496 2660 204 38 municipales
715 2661 77 28 dont
806 2660 31 33 la
849 2661 50 27 réa-

141 2699 129 28 lisation
282 2705 51 21 est
343 2696 196 37 impossible.

172 2734 99 35 Après
285 2733 156 37 plusieurs
448 2732 237 37 interruptions,
699 2731 154 28 motivées
869 2731 44 27 du

138 2776 90 27 reste,
244 2770 157 34 l'orateur,
417 2769 57 35 qui
500 2777 33 20 se
546 2771 111 25 trouve
679 2767 78 27 dans
783 2765 30 28 le
839 2765 73 37 plus

139 2805 99 35 grand
252 2806 169 33 embarras,
435 2809 128 22 consent
573 2804 18 26 à
604 2804 118 34 quitter
730 2803 33 27 la
775 2802 137 33 tribune.

172 2841 86 28 Cette
278 2841 107 27 séance
400 2838 169 30 excellente
583 2839 35 27 de
635 2839 69 26 tout
719 2838 87 35 point
830 2843 80 30 pour

138 2874 44 31 M.
197 2876 165 38 Aclocque,
378 2875 76 28 était
467 2874 148 28 terminée
630 2874 19 26 à
663 2881 74 20 onze
750 2872 122 28 heures.

605 2914 27 22 L.
648 2916 187 22 DESMOULIN»

144 3006 280 63 CBSOMPJ
476 3006 92 58 DES
583 3012 8 9 -
621 3006 283 63 TBIBL'NAUX

137 3143 116 31 POLICE
280 3150 300 24 CORRECTIONNELLE
593 3151 7 22 :
631 3144 51 28 Un
710 3143 183 38 pseudo-phi-

433 3181 176 35 lanthropo.

177 3239 53 31 Un
246 3237 126 38 pseudo
386 3239 248 39 philanthrope,
656 3247 47 22 un
725 3237 92 31 sieur
843 3237 47 31 Du-

138 3278 89 37 four,
243 3278 110 32 Emile
367 3280 32 30 et
415 3286 61 24 sou
493 3291 12 15 *
522 3280 85 30 amie
626 3289 27 26 »,
669 3286 66 24 une
749 3278 69 31 fille
833 3278 78 37 Rio,

137 3317 117 40 Marie,
269 3319 311 39 comparaissaient,
608 3318 86 38 hier,
722 3318 123 31 devant
880 3317 33 31 la

137 3357 163 33 huitième
314 3358 157 32 chambre
506 3358 41 32 de
581 3358 107 39 police
712 3357 182 31 correction-

138 3397 98 38 nelle,
253 3405 81 24 sous
348 3397 230 39 l'inculpation
594 3397 255 39 d'escroquerie.

176 3436 132 33 Dufour
324 3445 19 22 a
367 3437 145 32 derrière
534 3437 48 32 lui
618 3436 40 32 de
692 3436 221 32 nombreuses

138 3476 291 37 condamnations.
452 3476 89 32 C'est
565 3485 47 22 un
639 3476 191 32 récidiviste
855 3475 58 39 qui

137 3515 81 32 s'est
234 3516 89 31 servi
335 3516 40 31 de
392 3526 38 21 sa
443 3516 125 40 qualité
582 3517 109 30 même
717 3516 40 31 de
791 3515 102 32 récidi-

137 3555 89 32 viste
254 3565 84 31 pour
351 3556 84 31 faire
449 3556 41 32 de
504 3556 171 32 nouvelles
696 3555 116 39 dupes.
828 3556 31 30 A
874 3562 38 24 sa

137 3595 106 32 sortie
259 3596 40 31 de
313 3596 128 38 prison,
457 3596 25 30 il
517 3605 35 22 se
587 3595 157 39 présenta
768 3595 79 30 chez
862 3594 46 31 M.

138 3634 144 37 Mamoz,
308 3634 168 33 directeur
504 3635 98 31 d'une
635 3633 123 33 société
780 3634 112 39 philan-

136 3674 180 40 thropique
324 3676 32 31 et
361 3674 326 40 charitable,connue
697 3683 80 22 sous
789 3674 32 32 le
830 3681 78 24 nom

138 3713 33 34 d'
189 3715 227 38 «.Assistapçe
428 3723 59 35 par
502 3716 31 30 le
547 3715 122 35 travail
686 3725 26 19 ».

177 3754 92 34 Pour
282 3762 38 24 se
334 3755 83 31 faire
432 3755 163 32 admettre
605 3762 129 24 comme
744 3752 164 40 employé,

132 3793 28 33 il
176 3801 35 24 se
223 3795 237 32 recommanda
471 3802 66 24 non
555 3802 61 33 pas
632 3794 41 32 de
687 3801 54 25 ses
757 3794 131 32 condam-

136 3833 148 40 nations,
299 3834 87 32 mais
403 3834 41 33 de
458 3842 61 24 son
530 3834 146 39 repentir
686 3833 129 32 sincère
827 3835 33 31 et
869 3833 40 31 de

138 3880 64 25 son
216 3874 48 31 vif
288 3873 90 32 désir
403 3874 41 32 de
464 3873 152 33 racheter
641 3882 59 31 par
726 3874 92 31 toute
844 3880 65 24 une

138 3912 56 33 vie
207 3913 41 32 de
262 3913 122 32 travail
399 3921 54 25 ses
464 3913 208 39 égarements
686 3913 41 37 de
738 3912 170 40 plusieurs

136 3952 110 40 jours.

177 3992 46 32 M.
253 3992 131 33 Mamoz
405 3993 157 40 l'accepta
585 4000 130 25 comme
745 3991 163 40 employé.

137 4031 50 33 Le
201 4033 61 31 but
275 4033 165 40 principal
455 4033 43 32 de
510 4035 137 31 l'œuvre
671 4033 43 31 où
743 4035 123 30 entrait
876 4031 32 31 le

138 4071 194 33 récidiviste
347 4076 52 28 est
413 4074 41 32 de
472 4082 158 31 procurer
647 4072 45 31 du
705 4072 123 32 travail
843 4080 67 22 aux

138 4121 187 28 personnes
346 4113 255 33 nécessiteuses.
619 4113 289 32 Accessoirement

136 4150 138 34 l'œuvre
300 4160 35 24 se
360 4154 122 39 charge
510 4154 39 32 de
578 4154 138 34 donner,
746 4152 66 31 aoit
846 4160 66 21 aux

137 4193 144 39 grandes
296 4193 305 39 administrations,
617 4193 66 31 soit
699 4200 65 24 aux
776 4199 116 32 person-

136 4238 63 26 nes
216 4232 111 32 riches
348 4233 33 31 et
405 4227 214 43 charitables,
638 4232 59 32 des
722 4231 175 40 renseigae
902 4231 6 20 :

136 4273 112 31 ments
263 4280 59 24 sur
335 4272 51 32 les
400 4272 167 40 indigents
594 4272 58 40 qui
667 4271 204 33 s'adressent
891 4271 19 31 à

138 4311 65 32 elle
216 4320 85 32 pour
315 4312 162 31 solliciter
491 4312 58 31 des
566 4319 148 27 secours.

180 4349 31 33 A
223 4352 51 31 cet
300 4351 86 40 effet,
416 4351 220 32 l'Assistance
663 4359 60 30 par
742 4350 32 32 le
788 4348 124 34 travail

136 4389 137 41 dispose
288 4391 79 31 d'un
393 4393 178 39 personnel
587 4391 40 32 de
654 4391 165 31 visiteurs
849 4390 59 39 qui

138 4439 39 24 se
191 4431 141 31 rendent
346 4440 43 24 au
400 4433 157 31 domicile
579 4431 59 32 des
650 4439 145 33 pauvres
823 4436 87 32 pour

139 4472 170 39 apprécier
337 4470 73 32 leur
444 4472 161 32 situation
634 4469 163 33 véritable
820 4470 33 31 et
875 4468 33 32 la

138 4519 136 24 mesure
286 4512 40 31 de
340 4511 92 33 leurs
445 4511 149 32 besoins.

180 4551 144 39 Dufour,
352 4551 78 39 plus
458 4551 236 39 spécialement
724 4550 120 39 chargé
867 4548 46 32 du

138 4591 124 32 travail
274 4591 40 32 de
339 4590 139 40 bureau,
496 4591 89 33 avait
600 4590 66 38 été,
694 4590 215 37 néanmoins,

138 4630 126 32 investi
279 4630 307 32 accidentellement
608 4630 60 31 des
683 4630 169 32 fonctions
869 4629 39 32 de

139 4671 162 32 visiteur.
314 4670 31 31 Il
357 4670 116 32 faisait
485 4678 56 25 ass
556 4669 161 40 enquêtes
732 4669 32 32 le
778 4669 113 32 diman-

141 4710 74 33 che.
230 4710 87 32 C'est
341 4709 85 32 dans
443 4719 54 24 ces
524 4709 249 32 circonstances
790 4709 83 39 qu'il
895 4716 19 22 a

142 4749 53 33 été
223 4749 113 41 appelé
358 4750 20 30 à
404 4749 191 32 rencontrer
622 4757 69 22 une
718 4748 196 32 demoiselle

141 4789 80 37 Rio,
248 4789 155 33 habitant
423 4789 148 40 impasse
599 4788 146 40 Yignon,
771 4788 52 39 20,
856 4787 59 47 gui

143 4831 91 31 avait
249 4830 136 32 adressé
413 4830 20 31 à
454 4831 34 30 la
503 4830 184 39 préfecture
712 4828 40 32 de
767 4828 34 32 la
817 4828 98 32 Seine

144 4877 66 24 une
224 4869 162 32 demande
403 4870 41 32 de
472 4877 149 24 secours.
652 4869 65 32 Sur
731 4869 32 31 le
778 4867 139 41 rapport

144 4910 40 32 de
197 4910 143 37 Dufour,
356 4909 79 32 Mlle
449 4909 66 32 Rio
530 4909 110 32 obtint
656 4909 59 31 dix
728 4907 126 32 francs.

183 4949 73 32 Une
269 4949 122 33 liaison
406 4949 145 32 s'établit
566 4950 96 30 entre
673 4949 34 32 le
722 4948 195 32 récidiviste

142 4989 34 32 et
195 4989 35 32 la
249 4989 98 38 jeune
369 4988 70 33 fille
459 4988 246 39 nécessiteuse;
720 4988 78 31 tous
829 4988 89 31 deux

143 5028 184 33 formèrent
347 5027 130 33 bientôt
498 5036 66 24 une
593 5029 94 31 vaste
715 5027 203 32 association

144 5067 255 41 d'escroquerie.
419 5083 13 9 «

182 5107 132 33 Dufour
328 5115 124 32 songea
474 5107 19 32 à
507 5107 163 41 exploiter
698 5107 19 31 à
743 5114 61 24 son
817 5106 102 40 profit

143 5148 180 40 personnel
338 5157 39 21 sa
400 5148 163 31 situation
579 5148 19 30 à
611 5146 146 39 l'agence
771 5146 143 32 Mamoz.

144 5189 92 32 Pour
249 5189 84 37 eela,
347 5189 26 30 il
386 5187 125 32 simula
526 5187 58 32 des
598 5186 183 32 demandes
808 5186 40 31 de
863 5194 34 22 se-

142 5236 102 25 cours
278 5236 81 24 sous
384 5229 41 31 de
446 5226 83 32 faux
552 5235 99 24 noms
677 5228 33 32 et
735 5226 180 32 s'entendit

144 5275 79 26 avec
237 5269 41 32 de
292 5267 181 33 véritables
489 5267 203 32 solliciteurs
725 5274 85 31 pour
844 5267 73 31 leur

146 5308 85 32 faire
247 5308 144 37 obtenir,
419 5307 98 40 grâce
539 5314 66 24 aux
632 5308 287 38 renseignements

148 5347 83 40 qu'il
243 5347 193 34 fournirait,
444 5347 73 35 .des
528 5354 145 24 sommes
687 5346 233 32 relativement

145 5388 236 41 importantes.
425 5386 268 33 Naturellement
728 5386 26 30 il
788 5386 132 31 mettait

145 5435 86 33 pour
247 5425 169 33 condition
431 5427 19 31 à
459 5434 63 24 son
536 5425 189 40 obligeance
741 5425 180 32 l'abandon

149 5466 123 41 partiel
285 5466 60 31 des
360 5474 136 22 secours
510 5466 89 31 ainsi
614 5465 155 32 obtenus.

187 5506 45 32 Ce
246 5505 98 33 mode
358 5505 243 39 d'escroquerie
615 5513 44 22 ne
673 5505 94 31 suffit
787 5504 135 32 bientôt

145 5548 79 40 plus
240 5546 20 31 à
274 5555 61 22 son
350 5545 146 31 activité.
511 5545 30 31 Il
569 5552 151 30 annonça
756 5552 20 22 a
810 5543 107 40 grand

146 5587 183 37 orchestre,
345 5585 86 31 dans
452 5584 170 40 plusieurs
641 5584 182 38 journaux,
844 5584 61 30 l'in-

149 5627 131 32 tention
294 5626 40 31 de
344 5624 118 32 fonder
471 5624 176 32 lui-même
657 5633 66 24 une
732 5623 188 39 entreprise

149 5667 83 40 qu'il
246 5666 206 32 dénommait
465 5665 19 31 à
498 5665 149 31 l'avance
678 5674 11 18 «
706 5666 34 30 la
757 5662 135 32 Charité
906 5674 12 18 »

146 5711 35 27 et
204 5706 58 39 qui
278 5706 90 31 avait
380 5712 84 33 pour
480 5705 61 31 but
569 5705 41 30 de
637 5704 96 32 venir
769 5712 41 22 en
848 5704 73 31 aide

150 5753 67 24 aux
231 5745 142 32 détenus
386 5744 135 32 libérés.
539 5744 139 31 D'assez
700 5741 222 33 nombreuses

149 5792 148 25 sommes
312 5784 150 39 d'argent
483 5784 177 32 affluèrent
674 5781 132 32 bientôt
835 5783 20 30 à
883 5790 40 24 sa

150 5824 119 33 caisse.
282 5824 53 32 En
351 5831 39 24 sa
405 5823 125 40 qualité
547 5824 40 31 de
614 5823 124 31 détenu
751 5822 118 38 libéré,
898 5823 26 30 il

149 5865 168 39 s'octroya
330 5863 33 32 la
378 5862 130 33 totalité
523 5863 59 32 des
595 5862 182 32 offrandes.

172 5904 106 34 .C'est
293 5913 41 22 en
348 5903 116 31 raison
477 5902 40 32 de
533 5910 54 24 ces
599 5901 231 40 escroqueries
856 5908 65 33 que

150 5944 132 33 Dufour
296 5952 20 21 a
331 5950 161 30 comparu
506 5942 84 38 hier,
613 5949 41 24 en
670 5941 195 39 compagnie-
881 5941 40 32 de

151 5993 61 22 son
226 5982 146 32 associée
393 5981 78 33 Mlle
495 5981 77 39 Rio,
601 5982 124 31 devant
754 5981 33 31 la
816 5981 107 39 police

151 6022 288 33 correctionnelle.

193 6064 131 32 Dufour
339 6071 19 20 a
373 6063 52 31 été
451 6060 185 32 condamné
652 6060 18 31 à
685 6060 83 32 trois
791 6067 65 24 ans
886 6060 40 32 de

152 6104 119 41 prison
285 6104 32 32 et
331 6100 80 33 Mlle
425 6102 65 32 Rio
504 6102 19 31 à
537 6102 54 31 six
612 6102 87 31 mois
712 6100 39 32 de
765 6099 34 32 la
815 6100 112 32 même

156 6144 107 38 peine.

671 6182 109 21 WAITRË
796 6182 45 21 JU-

198 6269 324 66 QUESTION
582 6267 317 60 D'ARGENT

164 6426 44 24 LA
244 6423 243 26 SOUSCRIPTION
522 6423 46 24 DU
595 6420 204 25 SARAGOSSE.
888 6420 44 22 LA

202 6464 213 24 CONVERSION
429 6462 177 26 ANGLAISE.
677 6461 66 24 UNE
757 6461 156 22 MODIFICA-

202 6507 80 21 TION
304 6504 71 24 AUX
397 6503 145 25 STATUTS
555 6503 45 22 DE
619 6502 43 22 LA
684 6501 191 25 COMPAGNIE
889 6500 45 22 DE

202 6547 93 22 SUEZ.

203 6591 48 32 Le
267 6587 115 34 succès
404 6587 168 33 vraiment
592 6585 230 40 exceptionnel
847 6585 40 31 de
901 6585 32 31 la

165 6630 227 39 souscription
409 6628 137 32 ouverte
561 6626 213 39 aujourd'hui
784 6633 60 32 par
853 6624 80 33 MM.

164 6671 41 31 de
221 6669 203 33 Rothschild
437 6666 137 40 produit
587 6674 59 22 sur
667 6667 96 30 notre
777 6665 92 39 place
889 6671 47 24 un

167 6710 78 32 effet
257 6718 47 22 un
317 6717 66 31 peu
393 6707 187 32 inattendu.
594 6705 50 32 Le
659 6705 135 32 marche
808 6704 40 32 de
862 6704 61 32 l'ar

167 6751 79 38 gent
274 6748 80 33 s'est
380 6746 119 33 trouvé
526 6745 148 32 resserré
703 6744 118 40 depuis
850 6744 86 31 deux

163 6790 98 39 jours
276 6795 128 26 comme
418 6788 25 31 il
458 6795 43 22 ne
522 6787 113 31 l'avait
656 6793 61 32 pas
739 6785 51 30 été
820 6783 116 40 depuis

165 6831 201 37 longtemps.
384 6828 52 31 En
446 6828 107 31 même
567 6828 109 38 temps
690 6826 32 33 ie
737 6824 126 41 chèque
880 6831 57 22 sur

168 6868 151 31 Londres
337 6875 19 24 a
371 6867 112 32 baissé
495 6867 20 31 à
528 6866 102 33 2515.

1026 198 52 32 Ne
1093 207 86 24 nous
1189 198 176 40 plaignons
1380 207 73 32 pas,
1467 207 57 24 car
1537 198 52 33 les
1603 200 138 32 manifss-

987 240 125 30 tations
1127 239 46 31 du
1187 239 116 40 crédit,
1329 239 210 40 lorsqu'elles
1566 240 195 40 acquièrent

986 280 85 31 cette
1082 279 190 40 puissance,
1289 279 119 33 offrent
1431 286 96 25 assez
1541 279 216 40 d'avantages

985 326 85 32 pour
1085 319 99 39 qu'on
1211 319 72 32 leur
1309 319 171 39 pardonne
1500 319 144 46 quelque
1667 319 93 40 léger

985 359 247 31 inconvénient.
1258 358 90 32 C'est
1374 358 213 40 aujourd'hui
1615 367 65 32 que
1706 363 52 27 les

986 397 184 40 banquiers
1205 398 58 31 ont
1297 398 123 38 déposé
1444 398 92 32 leurs
1559 398 107 32 listes.
1702 398 53 32 On

956 430 4 48 !
987 438 144 31 s'attend
1147 439 19 30 à
1188 446 35 22 ce
1239 446 63 32 que
1317 437 187 32 l'émission
1518 439 66 31 soit
1600 439 77 39 cinq
1690 438 65 32 fois

954 477 4 40 ;
985 481 165 28 couverte.
1169 477 65 32 Les
1250 478 248 39 souscripteurs
1518 478 40 31 de
1584 478 58 31 dix
1657 480 99 30 titres

954 515 2 43 :
986 527 41 21 en
1044 517 215 32 obtiendront
1273 519 99 31 deux.
1387 519 164 39 Ajoutons
1569 527 64 31 que
1648 519 91 32 l'obli-

953 553 4 51 [
983 556 116 40 gatiou
1113 557 155 31 nouvelle
1290 557 182 40 Saragosse
1498 567 19 22 a
1544 559 63 32 fait
1633 559 73 32 hier
1721 560 33 31 et

953 598 2 40 i
983 598 214 34 aujourd'hui
1211 598 18 32 6
1244 599 110 31 francs
1367 599 40 32 de
1421 598 119 40 prime,

953 638 4 45 j
1022 638 53 31 En
1090 646 35 24 ce
1140 639 150 30 moment
1304 646 44 24 ou
1361 638 137 39 regarde
1519 638 170 39 beaucoup
1704 638 46 32 du

983 677 37 31 cô
1025 677 28 32 té
1067 677 40 33 de
1120 677 230 40 l'Angleterre.
1364 677 28 33 Il
1403 686 24 31 y
1437 686 19 22 a
1465 677 137 33 d'abord
1615 677 34 33 la
1657 686 77 32 ques-

980 717 72 32 tion
1065 717 40 32 de
1116 717 34 32 la
1162 717 203 39 conférence,
1381 718 58 39 qui
1452 718 51 31 est
1515 725 100 32 grave
1632 718 32 31 et
1694 717 59 40 qui

980 756 207 34 immobilise
1220 757 66 32 les.
1305 757 99 31 fonds
1437 757 174 40 égyptiens
1626 767 8 21 :
1663 758 89 30 mais

980 796 81 31 c'est
1077 797 133 31 surtout
1224 797 113 31 affaire
1352 806 67 22 aux
1441 797 193 40 politiques.
1650 797 30 32 Il
1694 807 24 31 y
1733 806 19 22 a

980 836 132 35 ensuite
1139 836 92 33 l'état
1253 837 45 31 du
1313 837 135 31 marché
1476 837 183 32 monétaire
1671 848 8 27 ;
1706 844 46 25 on

980 876 54 31 n'a
1048 886 60 30 pas
1124 878 158 31 souvenir
1297 878 97 31 d'une
1408 876 78 32 telle
1501 876 162 32 affluence
1678 878 72 31 d'or

979 918 123 31 venaut
1119 917 157 40 s'ajouter
1291 917 93 32 à-des
1398 918 151 31 réserves
1566 917 74 40 déjà
1656 925 76 24 sura-

977 954 188 33 bondantes
1178 966 7 21 :
1202 958 136 30 suivant
1352 958 92 30 toute
1459 956 182 41 prévision,
1654 958 51 31 dit
1719 958 52 31 le/

981 997 125 31 Times,
1122 997 81 32 c'est
1217 997 139 38 l'argent
1365 997 19 31 à
1394 997 61 32 bas
1470 997 74 38 prix
1560 1004 84 25 nour
1654 997 76 38 long-

977 1036 123 39 temps.

1017 1075 30 32 Il
1061 1084 24 31 y
1107 1084 18 24 a
1146 1075 91 33 enfin
1258 1076 33 32 la
1304 1084 117 32 grosse
1449 1075 172 40 opération
1648 1075 39 33 de
1714 1075 34 33 la

977 1117 210 30 conversion.
1201 1115 66 32 Les
1286 1116 87 31 trois
1400 1116 182 40 catégories
1597 1116 45 31 du
1656 1115 19 32 8
1688 1116 59 37 0/0

978 1155 141 40 anglais,
1134 1157 81 30 dont
1226 1155 35 40 je
1276 1156 126 40 parlais
1417 1157 84 37 hier,
1518 1156 230 40 représentent

976 1204 47 22 un
1048 1196 124 35 capital
1185 1196 41 31 de
1241 1196 74 38 plus
1341 1196 40 31 de
1396 1198 38 31 17
1448 1195 178 32 milliards.
1652 1196 93 30 Dans

976 1243 38 22 ce
1028 1235 126 37 chiffre,
1170 1235 50 31 les
1237 1237 196 31 Consolidés
1448 1238 213 38 proprement
1675 1235 70 31 dits

976 1274 144 40 figurent
1133 1284 85 32 pour
1233 1277 139 31 environ
1400 1277 39 32 10
1468 1276 165 31 milliards
1656 1277 33 30 et
1709 1276 32 31 le

976 1315 20 31 3
1022 1316 59 35 0/0
1108 1317 111 31 réduit
1247 1318 180 37 comprend
1441 1324 46 22 un
1501 1324 64 32 peu
1599 1316 77 39 plus
1706 1316 53 30 de'

974 1355 21 31 2
1023 1356 168 32 milliards
1227 1358 32 30 et
1294 1356 99 32 demi.
1411 1356 87 32 C'est
1525 1356 221 39 précisément

976 1395 85 32 cette
1075 1403 112 24 masse
1217 1395 40 32 de
1291 1396 39 31 12
1364 1395 167 32 milliards
1552 1397 32 30 et
1600 1395 89 32 demi
1703 1395 41 32 de

976 1434 111 33 francs
1102 1436 83 39 qu'il
1199 1434 97 41 s'agit
1315 1436 40 31 de
1370 1435 178 32 convertir.

1015 1474 66 35 Les
1096 1475 126 40 projets
1237 1476 41 31 de
1298 1474 45 34 M.
1361 1475 155 32 Childers
1544 1475 77 31 sont
1648 1482 96 24 assez

976 1515 200 38 complexes.
1191 1515 47 30 Le
1254 1515 132 31 cabinet
1407 1525 37 21 se
1459 1524 142 31 propose
1616 1514 126 31 d'offrir

976 1563 66 22 aux
1057 1557 143 30 rentiers
1215 1556 138 39 l'option
1371 1557 93 30 entre
1479 1557 66 30 soit
1559 1554 46 31 du
1619 1554 20 32 2
1654 1554 56 38 3/4
1724 1554 20 31 à

953 1585 1 50 |
976 1594 59 31 102
1046 1596 252 31 remboursable
1310 1596 19 30 à
1345 1597 91 30 toute
1450 1594 77 31 date
1543 1593 97 41 après
1650 1585 92 46 IÔOS,

976 1636 65 30 soit
1056 1635 46 31 du
1121 1636 20 31 2
1156 1635 58 35 1/2
1227 1636 19 30 à
1263 1635 71 32 108.
1348 1635 30 32 Il
1401 1636 52 31 est
1479 1633 159 41 probable
1667 1635 77 40 qu'à

973 1674 151 40 l'époque
1139 1676 44 30 où
1196 1675 32 32 le
1243 1675 190 32 Parlement
1455 1682 76 24 sera
1557 1675 84 31 saisi
1655 1675 40 32 de
1709 1675 34 31 la

973 1722 146 28 mesure,
1134 1715 32 32 le
1180 1715 122 31 travail
1328 1715 41 32 de
1394 1714 162 40 l'opinion
1581 1714 162 40 publique

974 1762 81 24 aura
1072 1754 246 40 déjà'simplifié
1332 1754 51 32 leé
1407 1754 130 32 choses.
1559 1754 50 32 La
1625 1755 61 31 cité
1702 1760 40 26 de

973 1794 165 38 Londres,
1155 1794 58 40 qui
1221 1798 52 27 est
1287 1794 92 31 reine
1390 1802 41 24 en
1446 1793 138 32 matière
1600 1793 43 32 de
1654 1802 65 22 com-

972 1843 110 22 merce
1095 1837 33 30 et
1142 1835 41 31 de
1198 1835 142 35 finance,
1351 1843 35 22 se
1401 1841 168 33 prononce
1580 1843 84 31 pour
1674 1844 67 21 une

973 1871 146 37 création
1134 1874 40 32 de
1189 1874 20 32 2
1224 1874 119 35 1/20/0
1357 1877 33 28 et
1402 1874 115 31 contre
1531 1876 32 30 le
1576 1874 21 32 2
1610 1874 69 38 3/4.
1689 1873 52 32 On

972 1916 137 37 regarde
1121 1923 46 25 un
1178 1915 47 38 tel
1239 1916 109 33 fonds,
1365 1913 112 34 disent
1491 1913 50 32 les
1552 1912 187 40 journaux,

972 1962 129 24 comme
1114 1963 66 22 une
1193 1955 231 31 excroissance
1437 1954 131 32 inutile.

1012 1995 52 31 On
1091 1995 118 32 estime
1239 1995 135 39 qu'avec
1404 1995 34 31 la
1473 1995 198 33 conversion
1700 2002 41 25 en

970 2035 22 32 2
1006 2034 56 39 1/2
1089 2035 31 32 le
1135 2035 122 32 Trésor
1272 2042 145 31 gagnera
1433 2034 76 39 pins
1527 2034 41 32 de
1597 2034 40 32 25
1664 2034 57 32 mil-

970 2074 90 33 lions
1072 2083 59 31 par
1148 2082 53 24 an.
1227 2074 28 32 Il
1284 2079 53 27 est
1371 2075 74 31 tout
1481 2075 132 31 naturel
1643 2075 98 39 qu'en

970 2114 198 40 Angleterre
1182 2124 44 21 on
1241 2114 129 31 discute
1385 2114 70 31 très
1483 2114 170 32 vivement
1682 2122 56 22 ces

970 2157 141 38 projets.
1124 2156 92 31 Pour
1228 2163 89 22 nous
1338 2163 37 22 ce
1397 2153 80 40 qu'il
1511 2153 73 32 faut
1604 2164 22 31 y
1656 2154 84 38 voir,

972 2191 79 35 c'est
1065 2203 65 24 une
1161 2194 154 32 sanction
1338 2193 155 33 nouvelle
1527 2194 45 31 du
1606 2202 122 24 mouve

971 2236 93 31 ment
1077 2235 59 44 qui
1150 2228 81 40 tend
1246 2235 19 31 à
1278 2235 150 31 abaisser
1442 2233 40 32 de
1496 2235 77 39 plus
1599 2243 40 22 en
1664 2235 77 40 plus

969 2275 32 32 le
1012 2276 84 32 taux
1108 2275 41 33 de
1162 2275 157 35 l'intérêt,
1336 2275 20 31 à
1377 2274 33 31 la
1439 2274 66 32 fois
1537 2274 151 37 nominal
1707 2275 34 31 et

970 2315 133 39 effectif,
1116 2314 167 40 servi'par
1296 2313 175 33 lesEiais.
1485 2313 30 32 Il
1525 2322 22 31 y
1559 2314 90 32 avait
1663 2314 78 32 bien

969 2354 33 33 le
1012 2355 20 31 2
1048 2355 57 37 1/2
1119 2354 189 32 hollandais
1323 2356 33 28 et
1378 2354 32 31 le
1421 2354 21 32 2
1456 2354 58 34 1/2
1527 2354 105 39 belge;
1663 2354 25 31 il
1717 2361 24 32 y

971 2395 90 31 avait
1076 2395 107 31 même
1198 2401 47 24 un
1270 2393 90 37 21/2
1385 2393 142 39 anglais;
1563 2393 89 32 mais
1681 2393 46 32 c'é-

969 2435 106 31 taient
1087 2432 135 43 jusqu'à
1235 2441 37 22 ce
1284 2433 77 35 jour
1377 2433 59 31 des
1450 2433 98 31 titres
1565 2433 40 31 de
1632 2433 104 33 haute

969 2474 145 40 banque.
1130 2476 47 30 Le
1208 2473 20 32 2
1244 2473 57 37 1/2
1313 2472 58 38 0/0
1397 2472 40 32 de
1465 2472 204 32 M.Childers
1698 2480 43 24 va

969 2515 211 40 populariser
1195 2522 37 22 ce
1244 2516 91 38 type,
1362 2512 30 31 Il
1420 2512 71 32 doit
1525 2522 43 21 en
1596 2512 144 32 résulter

970 2556 59 30 des
1044 2554 143 32 facilités
1201 2552 172 32 nouvelles
1394 2561 85 31 pour
1494 2552 51 32 les
1559 2561 161 32 gouverne-

969 2595 112 31 ments
1094 2595 59 39 qui
1168 2595 58 30 ont
1239 2594 19 31 à
1271 2593 249 40 entreprendre,
1546 2594 20 30 à
1593 2591 148 33 d'autres

971 2634 117 39 degrés
1103 2633 203 39 de.l'échelle
1320 2633 45 31 du
1395 2631 118 39 crédit,
1543 2633 59 32 des
1625 2633 94 40 opéra-

967 2673 92 33 tions
1076 2674 191 38 analogues.

1010 2714 39 31 Je
1064 2715 77 30 note
1156 2713 19 31 à
1192 2714 32 30 la
1238 2712 78 33 hâte
1330 2712 162 39 quelques
1508 2719 98 25 cours
1618 2721 7 21 :

1009 2752 48 33 La
1071 2754 20 30 4
1111 2753 58 37 1/2
1189 2752 58 37 0/0
1258 2756 52 28 est
1325 2752 19 32 à
1358 2752 59 32 108
1437 2752 40 32 37
1492 2763 9 27 ;
1514 2751 32 33 le
1558 2752 20 32 3
1599 2751 54 39 0/0
1668 2760 56 31 per-

969 2792 113 41 pétuel
1096 2793 20 31 à
1130 2793 39 32 77
1189 2792 40 31 72
1253 2794 33 28 et
1309 2791 270 33 l'Amortissable
1593 2792 20 31 à
1629 2792 39 39 7,8
1688 2791 50 32 77.

1012 2833 52 31 On
1080 2835 71 31 cote
1180 2833 39 31 95
1239 2832 39 31 45
1307 2841 59 21 sur
1391 2832 143 31 l'ltalien
1551 2843 9 27 ;
1591 2832 59 31 600
1676 2841 60 22 sur

970 2874 135 32 l'action
1120 2874 60 33 des
1196 2872 161 32 Chemins
1377 2871 235 32 méridionaux
1639 2871 83 32 d'lta-

969 2914 44 32 lie
1025 2923 9 28 ;
1051 2914 32 31 le
1097 2914 78 31 titre
1191 2914 81 30 vaut
1286 2911 279 32 matériellement
1579 2911 59 31 650
1650 2921 8 28 ;
1680 2911 60 32 340

969 2960 61 26 sur
1044 2953 207 40 l'obligation
1280 2952 210 39 égyptienne.
1508 2952 65 31 Les
1599 2953 138 30 valeurs

969 2994 190 31 ottomanes
1175 2994 77 28 sont
1279 2993 154 37 toujours
1447 2992 70 30 très
1543 2991 124 32 fermes
1678 3001 9 27 ;
1704 2992 34 31 la

967 3032 139 39 Banque
1122 3033 19 31 à
1155 3032 58 32 671
1226 3041 8 27 ;
1250 3032 136 31 l'action
1409 3032 59 38 dçB
1483 3031 130 32 Tabacs
1630 3032 24 35 à,
1664 3031 72 32 573.

967 3064 219 40 L'Èxtérieur
1195 3071 200 40 d'Espagne,
1406 3071 100 39 qu'on
1515 3071 109 32 essaie
1636 3071 40 31 de
1690 3079 33 24 re-

967 3112 109 31 fouler
1089 3112 19 31 à
1122 3111 99 32 l'aide
1234 3112 40 31 de
1289 3113 116 30 ventes
1419 3113 19 28 à
1453 3111 180 32 découvert
1657 3110 79 33 bien

969 3152 236 39 dangereuses,
1222 3159 35 22 se
1267 3150 110 32 relève
1393 3151 20 31 à
1427 3150 37 32 61
1487 3150 67 38 1/4.

1007 3191 40 32 Je
1059 3194 155 28 retrouve
1228 3191 135 31 l'action
1378 3191 46 30 du
1453 3190 85 31 Suez
1554 3191 18 30 à
1586 3190 105 38 2,080.
1709 3190 30 31 A

969 3240 37 24 ce
1019 3240 133 32 propos,
1166 3230 34 40 je
1214 3230 159 31 voudrais
1389 3234 150 28 montrer
1569 3233 170 30 comment

967 3280 48 22 un
1031 3272 131 38 comité,
1178 3270 155 40 lorsqu'il
1348 3273 78 28 veut
1444 3270 129 31 étudier
1590 3272 129 30 sincère-

967 3314 93 28 ment
1072 3312 50 31 les
1136 3311 132 32 affaires
1284 3309 236 40 sociales,peut
1534 3309 119 32 rendre
1671 3319 51 22 ser-

967 3351 72 32 vice
1055 3351 19 31 à
1088 3359 66 24 une
1169 3351 195 38 entreprise.
1378 3350 65 32 J'ai
1474 3348 74 40 déjà
1573 3351 92 39 parlé
1696 3350 40 32 de

967 3390 136 33 l'Union
1117 3391 58 31 des
1181 3390 228 35 Actionnaires
1424 3390 45 30 du
1482 3390 97 32 Suez.
1593 3390 129 31 L'atten-

967 3431 71 31 tion
1054 3430 41 32 de
1110 3437 54 25 ces
1182 3423 184 39 messieurs
1381 3430 79 31 s'est
1485 3429 116 40 portée
1617 3437 58 24 sur
1690 3437 48 24 un

967 3470 94 39 point
1090 3470 59 31 des
1178 3471 253 37 arrangements
1456 3469 128 32 arrêtés
1599 3469 20 31 à
1646 3469 67 32 Lon-

967 3511 78 30 dres
1061 3511 33 30 et
1110 3509 65 40 qui,
1191 3517 19 22 a
1238 3509 124 31 obtenu
1389 3508 171 32 d'ailleurs
1586 3516 66 24 une
1683 3517 37 30 ap-

966 3550 177 39 probation
1157 3550 171 30 unanime.
1343 3548 53 32 Eh
1423 3548 91 39 bien,
1538 3548 25 32 il
1578 3548 86 32 n'est
1677 3556 61 31 pas

966 3589 196 39 impossible
1179 3588 81 40 qu'il
1276 3591 90 28 sorte
1380 3588 40 31 de
1436 3589 51 30 cet
1501 3595 141 24 examen
1656 3596 61 24 nou-

965 3638 86 24 veau
1062 3638 66 22 une
1143 3627 233 32 amélioration
1388 3627 207 32 inattendue.

1005 3670 30 31 Il
1063 3669 97 39 s'agit
1188 3669 59 31 des
1274 3669 163 31 réserves.
1467 3667 50 31 La
1539 3667 200 31 convention

967 3709 40 32 de
1020 3709 152 31 Londres
1182 3709 94 39 porte
1286 3716 77 31 que,
1376 3707 210 31 maintenant
1600 3707 138 38 qu'elles

966 3751 58 28 ont
1039 3749 119 31 atteint
1174 3749 30 30 le
1219 3748 115 31 chiffre
1361 3749 40 28 da
1429 3748 20 31 5
1462 3748 163 35 millions,
1651 3748 26 30 il
1691 3755 43 22 ne

965 3789 73 32 leur
1052 3796 76 24 sera
1143 3788 76 39 plus
1234 3788 113 31 affecté
1359 3795 59 22 sur
1429 3788 48 30 les
1492 3787 165 31 bénéfices
1672 3795 65 31 que

964 3828 20 32 3
998 3828 57 37 0/0
1080 3836 43 22 au
1142 3828 69 31 lieu
1234 3827 39 32 de
1294 3827 31 31 5.
1351 3827 94 32 Yoici
1467 3827 168 31 comment
1658 3827 80 31 s'est

966 3868 154 39 produite
1134 3867 190 32 l'initiative
1338 3866 40 33 de
1387 3866 135 32 l'Union
1537 3867 58 31 des
1611 3866 105 33 action-

964 3908 123 31 naires.

1005 3947 53 31 On
1071 3957 20 21 a
1106 3946 163 32 demandé
1296 3945 53 32 s'il
1364 3953 41 24 ne
1436 3945 104 32 serait
1553 3953 61 32 pas
1631 3945 90 40 possi-

964 3987 56 32 ble
1032 3987 40 32 de
1087 3987 84 31 faire
1183 3987 131 38 compte
1341 3986 19 31 à
1384 3985 130 39 partda
1543 3996 37 21 ce
1606 3986 112 38 supplé-

965 4030 94 30 ment
1075 4028 40 31 de
1130 4028 150 31 réserves
1304 4025 132 32 au-delà
1452 4025 59 31 dus
1580 4019 157 37 Sifflions

966 4068 126 40 acquis,
1121 4068 40 30 de
1189 4067 97 37 façon
1315 4067 19 30 à
1361 4064 143 41 pouvoir
1527 4074 41 32 ep
1584 4065 152 40 disposer

966 4115 83 31 pour
1072 4107 144 40 parfaire
1244 4107 52 31 les
1325 4101 195 35 dividendes
1543 4103 54 33 s'il
1624 4113 94 24 surve-

966 4147 71 32 nait
1049 4154 61 32 par
1120 4146 125 33 hasard
1258 4146 143 40 quelque
1410 4144 105 33 année
1526 4146 190 39 moinspros-

965 4186 91 41 père.

1005 4226 131 32 Devant
1165 4225 84 32 cette
1283 4225 223 40 proposition,
1541 4225 32 32 le
1609 4225 128 32 conseil

967 4265 306 33 d'administration
1300 4265 46 32 du
1368 4264 84 33 Suez
1468 4267 53 28 n'a
1539 4272 61 32 pas
1616 4264 120 33 hésité.

966 4306 28 32 Il
1024 4315 19 24 a
1057 4305 288 32 immédiatement
1371 4304 85 32 saisi
1470 4304 40 32 de
1534 4304 33 32 la
1583 4304 156 40 question

967 4355 63 22 son
1044 4346 120 31 comité
1180 4345 40 31 de
1247 4345 227 33 contentieux,
1491 4344 20 31 à
1532 4343 35 32 la
1580 4345 66 30 tète
1677 4345 40 30 du-

967 4385 77 40 quel
1068 4389 63 33 est,
1147 4394 130 22 comme
1303 4384 32 31 le
1350 4385 119 30 savent
1493 4393 63 21 nos
1580 4384 157 38 lecteurs,

965 4426 172 32 l'éminent
1149 4424 241 41 jurisconsulte
1404 4423 45 32 M.
1475 4422 138 33 Senard.
1632 4424 44 32 Ce
1687 4433 35 22 co-

967 4466 81 32 mité
1062 4473 41 24 en
1119 4474 20 22 a
1153 4460 148 37 délibéré
1317 4473 34 22 ce
1367 4465 107 31 matin
1498 4460 120 39 mardi,
1632 4465 33 31 et
1680 4463 25 31 il
1721 4472 19 22 a

967 4506 120 39 chargé
1103 4512 65 25 une
1182 4504 318 32 sous-commission
1525 4504 40 32 de
1580 4504 159 32 chercher

966 4545 33 32 la
1011 4545 106 32 forme
1130 4545 105 39 légale
1252 4551 81 25 sous
1345 4543 145 41 laquelle
1506 4543 151 40 pourrait
1670 4538 70 38 être

970 4585 122 32 réalisé
1107 4593 37 24 ce
1157 4592 89 25 vœu.

1009 4624 45 32 Ce
1069 4624 126 37 conseil
1208 4624 46 32 du
1267 4624 85 32 Suez
1368 4624 52 32 est
1433 4623 79 32 bien
1540 4623 154 40 toujours
1709 4623 32 33 le

969 4667 110 30 même
1096 4674 8 21 :
1127 4672 45 22 on
1196 4672 41 22 ne
1251 4664 48 31 lui
1315 4671 142 32 propose
1470 4671 63 31 pas
1547 4671 67 24 une
1629 4662 112 34 bonne

969 4704 74 32 idée
1059 4713 80 22 sans
1156 4703 80 40 qu'il
1251 4703 156 39 l'adopte.

1103 4754 13 6 ~
1421 4760 86 24 XOUIB
1525 4760 135 22 PBUDEOT

999 4863 352 67 Nouvelles
1398 4863 306 67 Diverses

1126 5011 229 35 Température
1383 5014 44 26 du
1454 5013 45 27 29
1518 5013 90 27 avril

979 5069 435 30 Observatoire-Montmartre

1188 5106 177 28 Directeur:
1383 5105 34 31 P.
1436 5106 89 30 Jovis

1005 5159 190 33 Baromètre,
1209 5158 94 30 744.2.
1324 5158 242 37 Thermomètre,
1580 5158 57 31 91.

1006 5196 158 28 Direction
1175 5194 43 28 du
1232 5197 76 26 veat
1323 5200 8 22 :
1350 5193 50 30 W.
1416 5194 38 28 N.
1473 5194 50 30 W.

1007 5230 40 31 Sa
1062 5230 113 28 vitesse
1188 5230 19 26 à
1221 5230 126 34 l'heure,
1361 5230 37 27 10
1416 5230 56 27 kil.

1006 5265 72 30 Etat
1091 5264 252 37 hygrométrique
1354 5265 38 27 de
1404 5264 70 28 l'air
1485 5271 9 22 :
1508 5265 45 28 75.

1007 5301 115 33 Temps
1144 5300 149 37 probable
1302 5307 85 28 pour
1398 5298 201 38 aujourd'hui
1615 5309 7 21 ;

1006 5335 156 30 Variable.

1130 5419 39 20 LE
1188 5419 111 20 DRAME
1317 5411 281 31 D'AUBERVILLIEnS

1010 5458 178 37 L'autopsie
1209 5459 38 27 de
1274 5458 98 30 Maria
1400 5459 128 37 Decker,
1544 5463 172 28 assassinée
1730 5464 19 26 à

976 5493 242 35 Aubervilliers,
1227 5493 25 28 'à
1267 5493 45 28 été
1332 5494 74 28 faite
1431 5496 66 27 hier
1520 5497 18 27 à
1561 5497 32 27 là
1620 5497 129 37 Morgue

977 5537 58 30 par
1059 5530 30 26 le
1111 5530 125 27 docteur
1263 5530 117 34 Vibsrt,
1396 5530 54 37 qui
1476 5538 18 20 a
1521 5533 138 28 constaté
1688 5542 61 20 une

976 5564 195 37 perforation
1186 5565 41 27 du
1241 5572 137 28 poumon
1394 5570 30 24 et
1437 5567 43 28 du
1494 5575 93 20 cœur.

1011 5600 66 28 Eïle
1093 5601 116 34 portait
1221 5608 53 20 sur
1289 5600 30 28 le
1332 5601 72 27 bras
1420 5601 117 35 gauche
1560 5603 30 28 le
1604 5604 145 35 tatouage

978 5640 130 25 suivant
1117 5643 7 20 :

1015 5681 11 14 «
1042 5670 110 28 J'aime
1179 5670 122 35 Gégène
1328 5679 80 27 pour
1419 5673 32 26 la
1465 5673 61 28 vie.
1547 5683 9 14 »

1011 5706 40 28 Cè
1069 5715 11 15 «
1095 5705 122 37 Gég'êne
1234 5718 9 13 »
1261 5707 102 34 parait
1475 5707 125 37 Eugène
1628 5709 122 35 Geiger,

977 5741 130 28 l'amant
1121 5743 37 27 do
1172 5741 98 28 Mario
1289 5741 129 35 Decker,
1443 5745 78 26 celui
1547 5745 70 34 qui,
1643 5746 106 27 accusé

979 5777 41 28 du
1036 5779 135 25 meurtre
1185 5777 37 27 de
1237 5778 77 27 cette
1328 5777 76 34 fille,
1417 5777 72 28 s'est
1512 5780 143 34 présenté
1683 5781 50 28 ino-

977 5812 158 37 pinément
1149 5815 280 30 aupommissariat
1449 5813 162 30 dimanche
1639 5817 110 26 matin.

978 5846 5 40 .
1193 5855 58 27 que
1280 5849 32 26 la
1336 5849 81 28 mère
1434 5849 38 27 de
1486 5849 31 28 la
1531 5850 63 28 fille
1622 5850 128 37 Decker,

979 5884 53 34 qui
1048 5883 109 34 depuis
1169 5882 176 37 longtemps
1359 5884 149 34 proférait
1530 5882 37 37 de
1585 5882 18 37 3
1622 5882 129 37 menaces

979 5921 37 25 de
1030 5921 80 25 mort
1124 5920 104 26 contra
1244 5927 35 19 sa
1293 5919 72 35 fille,
1382 5927 19 20 a
1416 5920 46 28 été
1478 5921 116 28 arrêtée
1622 5922 81 34 hier,
1721 5926 31 24 et

980 5954 124 27 écrouée
1119 5960 40 21 au
1173 5954 110 34 Dépôt,
1299 5961 39 20 en
1365 5956 182 34 compagnie
1577 5957 37 28 de
1645 5956 87 30 Ferdi-

980 5989 85 27 nand
1081 5988 77 37 F...,
1173 5988 28 30 le
1214 5989 157 28 troisième
1384 5991 132 34 inculpé.

1178 6089 106 25 TOMBÉ
1298 6093 81 21 DANS
1398 6094 44 22 UN
1468 6096 90 21 FUITS

1018 6133 51 28 Un
1088 6133 176 35 déplorable
1290 6135 138 28 accident
1440 6138 47 26 est
1513 6137 112 35 arrivé,
1642 6137 30 30 la
1685 6139 70 28 nuit

989 6169 149 34 dernière,
1154 6176 69 21 vers
1238 6169 124 35 minuit,
1375 6178 53 21 rue
1444 6171 35 28 do
1493 6171 31 28 la
1538 6172 155 37 Chapelle,
1708 6174 46 28 98.

987 6204 50 28 Un
1070 6204 177 34 charretier,
1281 6207 122 27 nommé
1428 6207 99 28 Emile
1554 6208 136 37 Huguet,
1710 6211 46 26 est

986 6240 104 27 tombé
1120 6240 283 28 accidentellement
1431 6243 76 27 dans
1532 6252 45 20 un
1604 6246 85 34 piiits
1720 6246 37 27 de

985 6276 92 33 vingt
1089 6275 72 35 cinq
1175 6275 155 30 mètresde
1343 6276 197 37 profondeur,
1553 6280 77 27 dans
1638 6280 31 28 la
1683 6287 73 22 coar

989 6312 35 26 do
1039 6312 78 26 cette
1129 6312 130 26 maison.

1020 6345 63 28 Dos
1100 6347 106 34 agents
1222 6346 41 28 du
1270 6347 87 35 poste
1364 6348 113 35 voisin,
1494 6350 265 30 immédiatement

986 6383 165 34 prévenus,
1166 6384 54 25 ont
1244 6383 139 34 procédé,
1413 6391 74 21 avec
1501 6385 28 27 le
1541 6392 148 22 concours
1720 6387 35 27 de

989 6417 148 35 quelques
1161 6417 175 35 locataires,
1365 6426 41 20 au
1422 6423 168 33 sauvetage
1604 6422 43 27 du
1672 6423 70 27 char-

986 6452 103 33 retier,
1102 6451 20 27 à
1135 6451 89 28 l'aida
1239 6452 37 27 ds
1291 6454 154 34 cordages.

1023 6487 99 34 Après
1135 6495 45 19 un
1193 6489 92 33 quart
1298 6488 135 35 d'heure,
1448 6489 128 37 Huguet
1604 6498 72 30 apu
1693 6495 65 26 être

991 6522 104 34 retiré,
1110 6523 81 26 mais
1218 6522 24 27 il
1257 6524 77 27 était
1361 6528 178 31 gravement
1554 6528 204 30 contusionné

991 6566 61 19 aux
1064 6557 120 35 jambes
1199 6560 28 26 et
1234 6559 18 26 à
1265 6559 32 27 la
1311 6560 144 34 poitrine.
1473 6560 46 28 On
1534 6562 100 27 craint
1648 6563 51 28 des
1714 6565 28 27 lé
1754 6557 5 37 -

992 6593 85 27 sions
1091 6593 148 27 internes.
1269 6594 97 35 Après
1393 6595 89 33 avoir
1502 6604 71 28 reçu
1602 6599 54 26 des
1676 6599 83 28 soins

991 6628 77 28 dans
1081 6635 60 20 une
1160 6628 177 35 pharmacio
1350 6631 40 27 du
1407 6632 150 34 quartier,
1571 6632 28 28 le
1615 6632 99 31 blessé
1743 6641 15 21 a

991 6665 48 27 été
1054 6664 172 34 transporté
1241 6665 18 26 à
1278 6664 144 35 l'hôpital
1435 6666 219 31 Lariboisière.

1089 6757 150 22 INCENDIE
1258 6759 170 22 FAUBOURG
1446 6757 226 28 POISSONNIÈRE

1030 6797 59 30 Les
1102 6800 162 28 loeaiaires
1278 6802 41 27 du
1345 6803 129 27 numéro
1487 6803 35 30 73
1540 6806 35 28 de
1610 6806 31 28 la
1654 6814 54 21 rue
1723 6806 41 30 du

992 6834 167 38 Faubourg
1172 6835 216 30 Poissonnière
1400 6841 54 26 ont
1476 6840 144 38 éprouvé,
1636 6841 31 30 la
1695 6842 70 30 nuit

993 6870 138 30 dernière
1146 6879 60 21 une
1221 6872 70 28 bien
1307 6873 125 31 terrible
1444 6873 144 31 émotion.

1853 201 27 27 Il
1907 201 74 28 était
2008 201 129 30 environ
2272 201 111 30 heures
2411 203 104 34 quand
2542 210 44 21 un

1815 235 86 30 bruit
1915 237 239 35 épouvantable,
2169 237 84 30 suivi
2281 237 35 30 de
2330 239 60 28 cris
2405 239 71 34 plus
2496 239 72 35 épou-

1815 273 163 28 vantables
1993 280 118 28 encore,
2127 281 32 20 se
2173 273 35 28 fit
2219 273 155 30 entendre.

1851 307 109 30 C'était
1987 317 44 21 un
2057 308 146 37 plancher
2232 308 54 37 qui
2327 309 188 28 s'effondrait
2546 318 39 22 en

1813 345 99 27 même
1926 345 99 34 temps
2043 345 94 35 qu'un
2150 345 142 28 incendie
2304 351 33 21 se
2352 345 146 28 déclarait
2507 345 78 28 dans

1813 385 46 21 un
1873 381 214 34 appartement
2101 380 113 37 occupé
2239 389 41 20 au
2306 379 163 31 deuxième
2496 380 87 37 étage

1811 420 58 28 par
1883 415 45 28 les
1942 416 103 35 époux
2059 416 111 28 Baron.

1847 449 86 30 Voici
1948 458 33 21 ce
1996 452 56 34 qui
2066 451 102 28 s'était
2179 451 91 37 passé
2287 459 7 21 :

1848 484 43 30 M.
1913 488 30 26 et
1968 487 84 27 Mme
2076 488 113 34 Baron,
2216 488 130 27 couchés
2372 487 110 34 depuis
2507 495 74 20 onze

1811 521 120 34 heures,
1948 522 115 28 étaient
2074 522 124 30 éveillés
2212 530 71 20 vers
2306 523 80 28 deux
2412 523 112 28 heures
2539 523 41 28 du

1808 557 100 27 matin
1922 566 58 27 par
1994 566 60 20 une
2068 559 103 27 fumée
2185 560 119 33 épaisse
2333 560 54 34 qui
2415 560 86 27 avait
2528 567 34 19 en-

1808 592 74 28 vahi
1896 593 31 27 la
1941 593 144 28 chambre
2100 593 17 26 à
2132 595 139 26 coucher.

1843 627 81 30 Mme
1939 628 112 35 Baron,
2068 630 139 34 effrayée,
2222 628 84 30 avait
2320 630 89 28 sauté
2432 632 18 25 à
2464 630 58 28 bas
2538 630 39 28 du

1806 661 39 28 lit
1860 664 41 35 et,
1916 671 79 28 pour
2007 665 130 34 prendre
2152 665 53 27 des
2218 664 185 35 allumettes,
2415 664 100 28 s'était
2528 665 33 27 di-

1806 698 83 35 rigée
1907 706 70 22 vers
1991 699 32 28 la
2039 699 165 30 cheminée.
2235 700 80 30 Mais
2329 700 19 27 à
2362 700 90 35 peine
2480 700 81 28 avait-

1807 733 58 28 elle
1878 735 58 27 fait
1951 735 149 37 quelques
2124 743 56 28 pas
2196 743 59 28 que
2270 736 30 28 le
2317 736 148 35 plancher
2479 736 98 28 cédait

1806 771 31 25 et
1850 777 38 20 en
1902 774 98 26 même
2014 772 100 34 temps
2131 771 107 35 qu'elle
2254 772 131 28 tombait
2399 780 54 20 sur
2461 770 31 30 la
2505 780 54 27 pen-

1805 804 72 30 dule
1892 808 30 26 et
1935 807 46 27 les
1995 807 196 27 candélabres
2215 807 102 35 placés
2333 814 52 21 sur
2407 808 33 26 la
2465 808 94 26 chemi-

1805 841 57 27 née
1887 841 90 30 d'une
2002 842 145 28 chambre
2177 842 41 28 du
2235 843 131 35 premier
2393 842 97 35 étage,
2522 842 54 28 des

1804 876 137 28 flammes
1957 878 167 34 s'élançant
2139 878 37 27 de
2190 880 102 26 toutes
2300 880 85 33 parts
2392 886 32 20 se
2441 886 113 20 commu-

1804 912 163 34 niquaient
1981 920 63 21 aux
2066 912 139 30 meubles
2220 917 30 25 et
2264 913 202 35 atteignaient
2491 914 66 27 bien-

1804 948 46 26 tôt
1864 948 45 27 les
1922 948 53 28 lits
1991 950 40 27 où
2046 950 73 27 était
2134 950 113 27 couché
2274 950 41 27 M.
2346 951 100 26 Baron
2473 951 30 26 et
2528 948 46 28 les

1804 984 172 27 couchettes
2006 984 35 28 de
2069 984 81 28 deux
2177 984 123 28 enfants
2326 984 143 30 dormant
2497 984 77 30 dans

1804 1019 77 27 cet'e
1896 1019 154 30 chambre.
2359 1041 19 13 „

1838 1054 83 28 Mme
1935 1056 112 34 Baron,
2062 1056 61 27 fort
2137 1056 189 34 grièvement
2340 1056 129 34 blessée,
2484 1062 73 28 pous-

1802 1089 60 27 sait
1877 1089 53 30 des
1945 1093 59 27 cris
2019 1093 151 34 plaintifs.
2186 1091 41 28 M.
2249 1093 103 27 Baron
2367 1091 89 28 affolé
2484 1098 72 28 appe-

1801 1123 57 30 lait
1872 1124 37 30 de
1920 1134 57 20 son
1991 1127 66 27 côté
2072 1134 40 21 au
2126 1134 136 25 secours,
2288 1127 137 35 pendant
2440 1134 60 28 que
2529 1127 44 27 les

1802 1160 120 30 enfants
1939 1162 189 34 épouvantés
2144 1162 195 30 cherchaient
2367 1165 18 26 à
2400 1161 63 30 fuir
2477 1163 31 27 et
2522 1162 33 28 de-

1801 1196 180 28 mandaient
1994 1198 69 27 leur
2072 1199 91 27 mère.

1835 1231 60 28 Les
1907 1233 154 35 pompiers
2075 1233 53 27 des
2158 1234 104 34 postes
2291 1233 130 34 voisins,
2437 1233 135 28 aussitôt

1800 1274 161 30 accourus,
1988 1269 214 35 organisèrent
2213 1269 30 28 le
2258 1271 219 33 sauvetage,et,
2493 1277 58 27 pen-

1800 1303 76 27 dant
1890 1310 60 30 que
1962 1304 45 27 les
2021 1312 63 19 uns
2108 1304 243 35 transportaient
2366 1304 83 30 Mme
2467 1304 104 28 Baron

1800 1337 76 28 dans
1889 1346 61 21 une
1968 1339 176 35 pharmacie
2158 1333 132 41 voisine,
2306 1339 45 30 les
2368 1343 103 26 autres
2483 1339 70 30 enle-

1799 1374 106 27 vaient
1917 1375 45 27 les
1974 1375 83 28 deux
2070 1376 122 28 enfants
2207 1375 69 37 déjà
2303 1375 128 28 atteints
2459 1383 57 27 par
2541 1375 31 28 le

1799 1408 53 28 feu
1869 1413 33 25 et
1912 1410 41 28 M.
1974 1410 115 35 Baron,
2102 1411 54 34 qui
2171 1419 39 21 ne
2225 1411 129 34 pouvait
2365 1411 71 34 plus
2450 1411 119 34 bouger

1800 1444 37 28 de
1852 1453 57 20 son
1922 1446 48 27 lit.

1833 1480 98 35 Après
1948 1489 60 20 une
2028 1481 189 30 demi-heure
2232 1482 37 31 de
2283 1481 124 35 travail,
2428 1489 40 21 on
2496 1481 73 30 était

1798 1519 110 26 maître
1928 1517 37 28 de
1978 1517 171 28 l'incendie.

1833 1551 81 28 Mme
1930 1552 113 35 Baron,
2055 1552 74 30 dont
2139 1552 44 28 les
2197 1553 155 28 blessures
2365 1554 71 27 sont
2447 1560 120 28 graves,

1798 1593 19 20 a
1831 1587 46 28 été
1890 1589 193 34 transportée
2098 1589 18 27 à
2130 1589 141 35 l'hôpital
2282 1590 215 27 Larihoisière,

1830 1623 61 27 'Les
1905 1623 81 28 deux
2000 1624 133 35 enfants,
2147 1624 89 35 après
2252 1632 45 20 un
2311 1625 133 35 premier
2459 1631 91 30 panse-

1798 1659 97 33 ment,
1912 1661 54 27 ont
1983 1658 46 30 été
2044 1659 152 28 recueillis
2211 1668 56 27 par
2281 1659 52 28 des
2346 1661 131 28 voisins.

1948 1752 54 21 LES
2021 1747 215 26 DÉVALISEURS
2255 1744 159 28 D'ÉGLISES

1833 1793 67 27 Une
1916 1793 92 35 jeune
2023 1793 178 37 femme,qui
2217 1802 18 19 a
2248 1794 118 28 déclaré
2381 1802 32 19 se
2425 1801 141 21 nommer

1796 1827 137 31 Cluserie
1944 1831 30 26 et
1987 1831 63 26 être
2059 1830 157 35 employée
2232 1831 70 27 chez
2314 1830 41 28 M.
2367 1831 77 33 K...,
2456 1838 92 27 argen-

1796 1865 79 34 teur,
1885 1871 129 30 passage
2026 1864 285 37 Ménitmontant,se
2321 1865 169 35 présentait
2499 1865 66 28 hier

1796 1899 72 30 chez
1894 1907 43 21 un
1951 1900 295 34 commissionnaire,
2275 1909 40 20 au
2330 1902 138 28 Mont-de
2480 1900 85 30 Piété

1796 1935 37 32 de
1845 1935 31 30 la
1890 1943 56 24 rue
1958 1936 37 33 de
2008 1935 122 37 Bondy,
2146 1937 31 27 et
2190 1936 103 32 offrait
2307 1936 18 30 à
2336 1944 132 28 engager
2490 1936 76 30 trois

1796 1974 136 27 montres
1946 1981 39 24 en
2000 1981 33 20 or
2055 1975 30 26 et
2102 1971 155 37 plusieurs
2274 1970 98 38 objets
2385 1975 126 26 servant
2525 1980 40 21 au

1796 2007 80 28 culte
1893 2001 187 44 catholique.

1831 2042 48 28 On
1902 2044 105 28 refusa
2022 2047 37 26 de
2083 2044 100 35 prêter
2203 2043 19 27 à
2235 2043 77 27 cette
2337 2043 123 33 femme,
2476 2050 90 28 parce

1796 2079 110 34 qu'elle
1928 2081 117 27 n'avait
2059 2086 56 31 pas
2127 2079 37 27 de
2191 2079 132 35 papiers.
2339 2079 157 35 Quelques
2510 2079 44 28 mi

1795 2115 91 27 nutes
1896 2115 91 35 après
2000 2118 104 27 arriva
2117 2122 45 21 un
2176 2113 144 31 individu
2333 2115 54 35 qui
2400 2114 122 28 déclara
2533 2121 31 22 se

1796 2157 138 21 nommer
1949 2151 128 35 Muriot,
2091 2151 30 28 6t
2139 2150 158 30 demeurer
2313 2158 54 20 rue
2382 2150 164 30 Saint-Mar-

1796 2184 58 35 tin,
1870 2185 63 28 117.

1831 2220 59 28 Les
1903 2223 129 27 commis
2046 2222 191 37 acceptèrent
2251 2222 81 27 alors
2346 2220 47 28 les
2406 2220 142 28 nantisse-

1796 2258 100 26 ments
1912 2262 30 24 et
1956 2257 161 35 prêtèrent,
2125 2264 61 21 une
2202 2256 132 30 certaine
2352 2259 128 26 sommé.

1831 2291 91 30 Deux
1933 2295 109 34 agents
2056 2295 37 26 de
2106 2293 31 28 la
2159 2293 115 34 sûreté,
2290 2293 93 34 qu'on
2398 2293 86 27 avait
2498 2291 50 35 pré-

1795 2334 110 28 venus,
1928 2329 207 28 intervinrent
2156 2328 81 27 alors
2256 2329 31 26 et
2308 2327 220 30 demandèrent
2548 2327 18 28 à

1796 2362 115 28 MUriot
1925 2361 53 32 des
2006 2365 204 34 explications
2236 2370 54 21 sur
2310 2362 31 28 la
2368 2369 195 30 provenance

1796 2398 53 28 des
1864 2399 97 35 objets
1977 2399 142 38 engagés.

1831 2433 117 30 Muriot
1961 2437 85 27 tenta
2061 2438 37 26 de
2111 2434 132 37 prendre
2261 2433 33 28 la
2317 2434 89 34 fuite,
2437 2433 79 28 mais
2542 2433 24 28 il

1795 2470 48 27 fut
1865 2471 98 27 arrêté
1993 2478 130 28 presque
2146 2471 133 27 aussitôt
2306 2471 31 27 et
2365 2470 126 27 conduit
2524 2477 41 20 au

1796 2505 236 35 commissariat,
2048 2505 81 28 ainsi
2143 2513 59 28 que
2215 2505 33 28 la
2274 2505 111 28 femme
2413 2504 149 30 Cluserie.

1796 2536 85 33 Cette
1896 2542 169 27 dernière-a
2078 2542 99 27 avoué
2193 2541 87 28 avoir
2301 2542 71 27 volé
2398 2541 44 28 les
2470 2549 69 20 mon-

1796 2577 61 27 tres
1873 2583 61 22 aux
1951 2577 100 35 époux
2068 2576 109 37 Roger,
2193 2576 185 35 à.Enghien,
2408 2575 72 28 chez
2507 2576 58 35 qui

1796 2611 57 28 elle
1869 2614 85 26 avait
1964 2613 152 28 travaillé.
2127 2613 67 27 Elle
2209 2613 46 27 dit
2269 2613 122 27 ensuite
2417 2620 59 27 que
2499 2611 45 28 Mu-

1795 2647 61 28 riot
1871 2647 104 30 faisait
2007 2649 99 34 partie
2137 2648 37 27 de
2198 2647 32 28 la
2258 2647 102 30 bande
2375 2647 65 37 qui,
2457 2647 109 35 depuis

1796 2682 131 37 quelque
1943 2686 111 33 temps,
2069 2685 64 27 met
2146 2682 45 28 les
2206 2682 111 37 églises
2333 2691 39 20 au
2386 2682 126 37 pillage.

1831 2719 27 27 A
1870 2719 32 27 la
1915 2720 81 27 suite
2011 2720 35 26 de
2059 2726 48 20 ces
2121 2718 198 34 révélations,
2336 2719 133 27 d'autres
2481 2718 66 28 indi-

1795 2754 91 28 vidus
1902 2758 52 25 ont
1971 2754 47 28 été
2028 2754 115 28 arrêtés
2163 2753 77 30 dans
2254 2753 31 28 la
2297 2754 106 28 soirée.

1916 2843 81 37 4,612
2017 2844 198 27 KILOMÈTRES
2236 2850 40 21 EN
2294 2843 37 27 50
2347 2850 94 21 JOURS

1830 2894 45 27 De
1889 2893 89 28 Paris
1993 2893 20 28 à
2028 2893 96 28 Rome
2137 2894 30 26 et
2181 2893 37 28 de
2239 2891 97 30 Rome
2350 2891 19 28 à
2387 2891 102 35 Paris,
2506 2891 60 30 soit

1794 2928 84 35 4,612
1891 2927 189 35 kilomètres,
2095 2927 86 30 voilà
2196 2927 28 28 le
2238 2927 92 35 trajet
2353 2934 60 30 que
2440 2934 32 21 se
2499 2934 51 30 pro-

1795 2973 72 26 pose
1880 2965 38 28 de
1932 2963 204 35 faire-à-pied,
2152 2965 33 27 et
2197 2970 39 21 en
2248 2962 37 30 50
2309 2963 87 34 jours
2424 2965 124 27 coneéou-

1795 3000 64 34 tifs,
1876 2999 50 35 M,.
1932 3000 106 31 Victor
2061 2999 116 31 Martin
2192 2999 56 33 qui
2263 2999 119 34 partira
2402 2999 164 27 dimanche

1794 3035 33 28 11
1853 3035 72 35 mai,
1954 3034 41 28 du
2023 3034 65 28 café
2102 3034 37 28 de
2166 3027 247 41 i'Observatôire,
2441 3034 19 27 à
2487 3033 79 30 midi

1793 3071 110 37 précis.

2022 3154 39 21 LE
2080 3154 74 21 MOIS
2173 3154 41 21 DE
2233 3152 103 22 MARIE

1830 3195 80 31 C'est
1923 3203 33 20 ce
1971 3195 63 28 soir
2047 3195 35 28 30
2095 3195 81 27 avril
2190 3196 71 34 qu'a
2274 3195 74 33 lieu,
2360 3194 77 27 dans
2466 3195 99 27 toutes

1793 3231 45 28 les
1854 3231 110 35 églises
1980 3231 37 27 de
2030 3230 129 34 France,
2179 3229 187 28 l'ouverture
2379 3229 41 27 du
2434 3230 79 27 mois
2530 3229 35 28 de

1793 3267 109 34 Marie,
1918 3274 48 20 ces
1982 3267 150 27 exercices
2147 3266 38 27 de
2199 3266 144 27 dévotion
2372 3265 136 28 devenus
2538 3263 27 30 si

1794 3301 177 35 populaires
1984 3305 30 25 et
2028 3302 27 27 si
2075 3301 96 28 aimés
2186 3301 53 27 des
2254 3300 116 28 fidèles.

2037 3392 129 22 VIEILLE
2186 3392 137 21 AFFAIRE
2336 3400 9 8 -

1828 3436 44 30 M.
1899 3436 194 33 Mironneau,
2115 3435 209 28 commissaire
2350 3435 38 27 de
2417 3433 109 35 police,
2548 3442 18 20 a

1795 3472 97 28 arrêté
1906 3471 78 33 hier,
2000 3478 56 19 rue
2070 3471 43 27 du
2135 3470 60 28 Roi
2207 3469 135 37 d'Alger,
2369 3477 44 21 un
2441 3469 123 30 nommé

1794 3508 158 33 Bouchon,
1967 3514 38 20 ex
2017 3507 141 34 employé
2186 3506 53 28 des
2265 3508 117 32 postes,
2398 3506 106 28 accusé
2529 3507 35 27 de

1795 3543 249 28 détournements
2059 3542 185 35 importants
2257 3540 77 28 dans
2362 3542 79 27 cette
2469 3541 77 28 admi-

1794 3580 176 25 nistration.

1830 3614 54 28 Cet
1912 3614 154 35 individu,
2091 3612 161 30 recherché
2277 3612 110 34 depuis
2408 3612 155 35 plusieurs

1794 3651 89 33 mois,
1900 3652 85 26 avait
2000 3651 65 34 pris
2079 3650 30 27 le
2121 3656 73 20 nom
2209 3648 37 26 de
2261 3646 146 30 Ferrand.

1828 3684 155 37 Quelques
1996 3694 60 19 uns
2072 3686 37 27 de
2122 3690 58 21 nos
2194 3681 152 28 confrères
2362 3684 53 26 ont
2435 3690 53 20 cru
2505 3690 58 28 que

1794 3723 77 26 cette
1884 3722 185 27 arrestation
2085 3729 31 20 se
2131 3718 172 35 rapportait
2319 3726 40 20 au
2383 3717 52 31 vol
2465 3718 81 28 consi-

1794 3756 122 28 dérable
1929 3756 54 35 qui
1997 3764 19 19 a
2036 3756 57 28 fait
2107 3757 66 25 tant
2189 3756 37 26 de
2251 3752 85 30 bruit
2360 3762 40 20 au
2427 3755 136 27 moment

1794 3791 35 28 de
1845 3793 31 26 la
1890 3793 194 27 nomination
2096 3791 43 27 du
2167 3788 189 35 remplaçant
2372 3789 37 28 do
2421 3789 44 30 M.
2478 3789 85 30 Macô

1794 3834 116 21 comme
1924 3827 70 28 chef
2007 3828 37 27 de
2056 3827 32 28 la
2101 3827 103 27 sûreté

1828 3862 27 28 IL
1870 3862 69 28 n'eu
1952 3867 46 22 est
2011 3863 67 28 rien
2095 3870 6 20 :
2119 3863 28 27 le
2170 3865 50 26 vol
2249 3861 220 31 considérable
2483 3867 60 21 com-

1793 3899 60 26 mis
1867 3906 39 19 au
1922 3899 159 27 Ministère
2095 3898 53 27 des
2164 3900 103 33 postes
2280 3899 46 26 est
2352 3898 37 27 da
2417 3904 146 21 nouveau

1793 3933 103 28 tombé
1928 3934 77 27 dans
2035 3933 125 34 l'oubli;
2186 3932 164 30 l'individu
2386 3932 97 28 arrêté
2513 3932 48 27 n'a

1933 3969 97 37 qu'un
2041 3971 247 30 détournement
2298 3970 190 34 important.

2030 4067 43 21 UN
2092 4067 63 20 BON
2173 4065 149 21 EXEMPLE

1827 4108 76 30 MM.
1913 4108 168 35 Marquetti
2092 4106 120 37 Delllle,
2225 4107 138 35 Legeois,
2376 4107 144 31 Cocherie
2532 4108 28 26 et

1793 4143 102 34 Corvi,
1912 4144 53 35 qui
1978 4146 141 26 tiennent
2147 4143 45 27 les
2219 4142 184 43 principaux
2427 4142 133 28 théâtres

1794 4180 34 27 de
1858 4180 31 26 la
1902 4180 76 27 foire
2006 4186 40 20 au
2073 4179 74 34 pain
2163 4179 124 34 d'épioe,
2314 4180 56 26 ont
2380 4186 39 20 eu
2432 4178 32 28 la
2477 4179 67 27 loua-

1793 4215 50 28 ble
1854 4217 111 33 pensée
1980 4213 116 30 d'offrir
2118 4213 128 30 l'entrée
2271 4213 132 35 gratuite
2432 4213 37 28 de
2496 4213 65 28 leur

1794 4251 148 35 spectacle
1957 4258 61 19 aux
2034 4250 124 27 enfants
2170 4250 203 37 épiieptiques
2387 4250 35 27 de
2433 4248 128 35 Bicêlre,

1794 4286 74 28 dont
1883 4293 79 19 nous
1981 4285 129 28 n'avons
2132 4292 54 28 pas
2200 4283 107 31 besoin
2323 4285 38 28 da
2378 4284 64 28 dire
2456 4284 33 28 la
2500 4284 60 35 joie

1794 4323 30 26 et
1838 4322 31 27 la
1884 4322 263 27 reconnaissance.

1828 4356 67 28 Bon
1910 4356 149 35 exemple,
2082 4356 54 35 qui
2163 4356 107 27 mérite
2294 4355 93 28 d'être
2414 4355 85 27 suivi
2525 4362 35 21 en

1794 4393 111 28 faveur
1919 4393 52 27 des
1987 4391 122 28 enfants
2139 4391 125 28 assistés
2280 4393 31 26 et
2326 4391 52 28 des
2405 4390 156 35 orphelins

1795 4427 35 30 de
1846 4435 57 20 nos
1917 4427 152 34 hospices.

2006 4511 41 21 ON
2066 4511 131 26 SPIQIDK,
2209 4511 21 20 A.
2250 4511 102 20 MAZAS
2375 4511 5 26 •

1831 4551 48 30 Un
1911 4552 123 33 détenu,
2049 4551 123 28 nommé
2198 4551 86 28 Jules
2310 4551 104 35 Ginet,
2440 4550 124 35 inculpé

1794 4594 80 30 pour
1887 4587 184 27 fabrication
2085 4587 35 27 de
2135 4587 104 27 fausse
2255 4587 155 34 monnaie,
2426 4585 138 37 a-essayé

1795 4624 39 27 de
1851 4630 30 21 se
1894 4623 115 37 pendre
2022 4623 69 30 hier
2109 4622 128 31 dans'sa
2250 4622 118 35 oellule,
2385 4622 60 28 àla
2459 4622 105 37 prison

1795 4659 37 27 de
1847 4657 117 30 Mazàs.
1978 4654 14 7 '

1833 4694 50 28 Un
1910 4693 184 30 surveillant
2108 4701 18 21 a
2139 4700 44 30 pu
2196 4693 28 31 le
2245 4693 162 31 décrocher
2420 4693 19 27 à
2453 4694 111 34 temps,

1795 4731 31 27 et
1839 4730 30 27 le
1883 4729 139 30 médecin
2034 4730 35 27 de
2082 4730 117 28 service
2210 4729 41 28 l'a
2264 4729 123 35 rappelé
2417 4728 18 28 à
2463 4728 30 28 la
2516 4728 50 30 vie

1798 4765 89 37 après
1899 4772 63 22 une
1974 4766 94 27 heure
2085 4765 37 28 de
2137 4765 96 28 soins.

1832 4801 83 28 Pour
1926 4801 97 28 éviter
2035 4808 63 20 une
2109 4800 129 30 seconde
2267 4800 161 34 tentative,
2444 4799 93 31 Ginet
2549 4806 18 21 a

1798 4837 47 28 été
1859 4837 133 28 enfermé
2008 4837 78 27 dans
2100 4843 60 21 une
2176 4835 109 28 cellule
2300 4835 120 28 double.

2283 4887 15 21 ,
2314 4887 155 21 WLTL-FURET

1922 4957 57 37 LE
2003 4957 202 37 CONSEIL
2237 4958 59 34 DU
2327 4954 130 40 JOUflf

1834 5011 58 28 Les
1909 5011 156 27 amateurs
2091 5008 151 32 d'huîtres
2268 5008 128 30 doivent
2424 5016 32 20 se
2485 5008 85 38 dépô:

1800 5047 72 28 cher
1886 5053 7 21 :
1917 5046 40 28 ils
1971 5044 87 28 n'ont
2073 5044 71 35 plus
2159 5052 59 28 que
2233 5044 148 37 quelques
2413 5044 86 34 jours
2532 5044 38 27 de

1800 5082 89 35 grâce
1903 5081 115 28 devant
2039 5088 70 20 eux.
2125 5080 69 31 Une
2220 5080 128 34 opinion
2363 5080 151 35 vulgaire,
2531 5087 39 21 en

1800 5118 80 34 effet,
1891 5111 129 34 interdit
2034 5115 118 35 l'usage
2171 5115 35 27 de
2223 5117 47 26 cet
2291 5115 129 28 aliment
2433 5117 137 33 pendant

1800 5156 72 28 tous
1898 5152 46 30 les
1972 5151 80 28 mois
2068 5152 53 35 qui
2137 5150 85 30 n'ont
2233 5158 57 30 pas
2315 5151 71 28 d'R
2400 5150 77 28 dans
2503 5150 67 30 leur

1801 5196 84 27 nom,
1905 5187 194 28 c'est-à-dire
2111 5187 136 34 pendant
2272 5186 46 28 les
2347 5187 81 27 mois
2445 5186 37 28 de
2496 5186 74 35 mai,

1799 5224 80 37 juin,
1891 5223 113 38 juillet,
2021 5224 81 25 août.
2139 5223 4 38 .

1838 5258 27 30 IL
1876 5262 47 25 est
1937 5259 76 27 utile
2028 5258 35 27 de
2079 5265 32 20 se
2126 5256 170 30 conformer
2315 5257 20 30 à
2350 5258 77 28 cette
2443 5257 128 35 opinion

1802 5296 54 35 qui
1869 5303 19 20 a
1902 5302 43 20 un
1958 5293 178 28 fondement
2151 5293 208 34 raisonnable,
2375 5300 51 20 car
2440 5293 32 27 la
2487 5293 84 27 chair

1801 5333 38 26 de
1846 5330 124 28 l'huître
1977 5331 46 26 est
2033 5328 159 28 insalubre
2202 5328 18 27 à
2230 5328 138 37 l'époque
2379 5327 74 30 de-la
2466 5331 104 32 ponte,

1802 5366 56 35 qui
1872 5365 183 37 correspond
2072 5363 201 35 précisément
2288 5363 17 27 à
2321 5372 33 20 ce
2374 5365 137 27 moment
2535 5363 37 28 de

1800 5400 130 30 l'année.

2193 5434 84 30 Mare
2297 5434 35 31 de
2349 5434 184 33 ROSSÏSNÏ..;

1808 5543 181 61 REVUE
2067 5543 504 69 BIBLIOGRAPHIQUE

1845 5683 215 39 Plébéienne,
2091 5693 59 31 par
2178 5685 43 33 G.
2250 5683 250 40 Maisonueuve,
2529 5686 46 32 tel

1805 5725 52 32 est
1871 5725 32 32 le
1916 5725 79 31 titre
2019 5725 80 31 d'un
2112 5725 139 31 curieux
2274 5732 117 25 roman
2406 5725 59 39 qui
2484 5725 91 33 vient

1806 5765 40 31 de
1860 5765 145 39 paraître
2022 5765 19 30 à
2063 5765 33 31 la
2111 5765 150 32 librairie
2276 5765 84 31 Paul
2375 5765 197 33 Ollendorff.

1845 5804 46 32 Le
1906 5805 89 38 sujet
2009 5804 41 31 de
2076 5811 37 24 ce
2140 5804 99 38 livre,
2268 5805 74 31 tout
2370 5804 203 39 d'actualité,

1806 5844 52 31 est
1872 5844 176 38 emprunté
2062 5851 66 24 aux
2143 5843 118 39 grèves
2274 5846 33 28 et
2322 5851 65 24 aux
2400 5844 175 31 coalitions

1806 5884 183 31 ouvrières.
2026 5883 74 32 Une
2133 5883 110 32 action
2268 5884 253 31 mouvementée
2544 5884 31 31 et

1807 5923 219 39 dramatique,
2044 5930 64 32 que
2122 5923 188 31 traversent
2320 5922 50 33 les
2385 5931 136 22 amours
2536 5923 39 32 de

1808 5963 174 37 l'héroïne,
2004 5972 66 22 uns
2092 5962 69 31 Me
2176 5962 45 32 du
2235 5963 131 39 peuple,
2388 5967 70 27 Sert
2473 5963 40 31 de
2525 5972 33 22 ca-

1807 6002 59 31 dre
1880 6002 20 30 à
1915 6004 84 30 cette
2011 6002 200 31 saisissante
2225 6004 154 38 peinture
2393 6004 46 31 du
2457 6014 12 17 «
2486 6011 89 33 pays

1808 6041 76 32 noir
1900 6052 12 18 >
1930 6043 20 30 à
1963 6041 143 40 laquelle
2128 6041 50 32 les
2204 6043 214 32 événements
2445 6043 130 32 récents

1812 6083 148 31 donnent
1974 6091 45 21 un
2035 6083 154 39 puissant
2204 6081 132 33 intérêt.

1852 6188 100 31 Vient
1967 6188 40 31 de
2021 6188 145 39 paraître
2183 6188 79 32 chez
2276 6188 84 31 Paul
2382 6188 196 39 Gllendorff,

1809 6228 34 31 la
1858 6228 118 31 Lande
1998 6235 43 24 en
2054 6229 107 35 fleurs
2165 6250 9 14 ,
2190 6228 40 32 de
2243 6228 115 32 André
2378 6228 202 39 Alexandre,

1811 6267 131 39 poésies
1956 6267 193 38 bretonnes,
2173 6268 214 31 charmantes
2414 6268 41 31 de
2484 6270 97 38 gtâee

1812 6306 175 39 attendrie,
2008 6306 176 39 précédées
2209 6307 98 32 d'une
2328 6307 131 40 préface
2480 6308 80 31 d'An-

1813 6346 58 32 dré
1883 6345 171 33 Theuriet.

1853 6438 103 40 Vingt
1971 6433 117 39 ans'de
2105 6441 197 40 république
2316 6450 67 24 aux
2398 6443 183 39 Pays-Bas,

1814 6478 213 32 aboutissant
2070 6488 43 24 au
2157 6481 274 34 rétablissement
2469 6483 40 32 de
2549 6484 33 31 la

1814 6519 157 39 dynastie
1991 6520 170 32 nationale
2184 6521 59 31 des
2256 6522 133 39 princes
2406 6521 175 41 d'Orange,

1815 6560 81 30 c'est
1919 6559 90 31 ainsi
2030 6567 63 32 que
2115 6563 146 35 peuvent
2287 6569 35 24 se
2353 6562 152 31 résumer
2533 6566 48 28 les

1817 6599 87 31 deux
1930 6599 155 32 volumes
2100 6607 63 31 que
2187 6600 47 32 M.
2264 6600 148 34 Antonin
2427 6602 157 32 Lefèvre-

1817 6638 163 40 Pontalis,
1995 6639 117 31 ancien
2126 6638 132 41 député,
2280 6640 91 32 vient
2398 6641 41 32 de
2452 6641 131 41 publier

1815 6678 21 31 à
1851 6677 34 31 la
1898 6678 150 32 librairie
2062 6678 97 38 PIOD,
2171 6687 81 24 SOUS
2265 6680 32 31 le
2314 6680 79 32 titre
2413 6681 41 32 de
2466 6691 8 21 :
2497 6684 89 28 Jean

1818 6719 41 30 de
1883 6718 93 37 Witt,
1987 6720 119 30 Grand
2119 6719 255 33 Pensionnaire
2387 6723 40 30 de
2443 6723 123 30 Hollan-

1819 6759 52 30 de.
1890 6756 86 32 C'est
1996 6758 165 31 l'histoire
2190 6759 77 31 d'un
2298 6761 106 37 grand
2431 6762 155 31 ministre

1819 6800 33 30 et
1866 6796 79 32 d'un
1961 6797 143 33 honnête
2118 6798 135 32 homme
2268 6800 112 32 d'Etat
2393 6809 64 32 que
2470 6802 45 31 M.
2528 6802 39 31 Le-

1819 6837 91 32 fèvre
1924 6837 152 31 Pontalis
2092 6847 19 22 a
2126 6839 63 32 fait
2216 6840 86 31 ainsi
2316 6841 171 32 connaître
2504 6841 81 32 dans

1820 6879 78 31 tous
1912 6886 57 25 ses
1982 6876 131 40 détails,
2128 6879 115 40 puisés
2259 6887 66 25 aux
2341 6887 135 27 sources
2491 6880 94 41 origi-

2642 204 105 40 nales,
2763 204 73 32 tant
2863 204 20 33 à
2909 204 99 33 celles
3037 204 60 32 des
3124 204 152 32 archives
3306 204 40 31 de
3360 204 48 31 La

2641 244 97 39 Haye
2759 247 98 38 qu'au
2871 244 99 41 dépôt
2986 244 45 32 du
3045 244 174 32 ministère
3243 244 59 32 des
3319 243 76 33 affai-

2641 293 54 24 res
2724 285 202 40 étrangères.
2960 285 66 32 Les
3053 286 133 38 papiers
3211 283 43 33 de
3281 283 128 33 famille

2641 324 79 40 qu'il
2737 332 20 25 a
2771 332 60 25 eus
2857 326 19 31 à
2901 332 38 24 sa
2965 325 202 40 disposition
3187 322 51 33 lui
3267 325 69 35 ont,
3366 332 43 25 en

2640 365 106 37 outre,
2761 365 112 31 fourni
2887 365 50 31 les
2952 365 77 39 plus
3041 365 139 31 curieux
3190 364 213 38 documents,

2639 404 50 32 les
2704 404 154 39 épisodes
2870 404 51 33 les
2935 406 77 37 plus
3021 404 182 32 touchants
3216 404 34 32 et
3263 404 51 32 les
3328 404 78 39 plus

2637 443 239 41 dramatiques,
2893 444 32 32 et
2947 443 250 33 contribueront
3222 451 44 25 au
3287 444 116 32 succès

2637 483 40 32 de
2699 484 51 31 cet
2771 484 184 39 important
2970 493 155 32 ouvrage.

2675 523 50 32 La
2737 523 185 40 cinquième
2935 523 125 32 édition
3079 534 6 20 :
3102 526 48 28 Le
3165 524 87 30 Lion
3268 523 137 37 dompté

2633 570 69 30 par
2721 563 182 39 l'Agneau,
2914 565 41 31 de
2968 565 141 31 l'auteur
3124 565 46 30 du
3183 562 222 34 Protectorat

2635 606 40 30 de
2700 606 194 37 Cromwell,
2923 606 53 31 est
3002 604 87 33 mise
3118 613 41 24 en
3187 605 99 31 vente
3322 604 81 32 chez

2635 644 124 32 Dentu.

2673 750 72 33 Une
2758 750 152 33 dédicace
2939 758 45 24 on
3005 757 41 25 ne
3060 750 80 39 peut
3155 749 76 40 plus
3247 750 156 32 flatteuse

2631 797 65 31 que
2725 789 44 32 M.
2785 790 78 32 José
2877 789 40 32 de
2941 790 143 39 Catnpos
3111 789 136 32 adresse
3275 790 19 31 à
3321 789 81 32 Mlle.

2630 830 40 32 B.
2687 829 201 40 Déchamps,
2904 831 159 30 créatrije
3079 829 45 31 du
3137 829 176 32 charmant
3328 829 72 31 rôle

2630 870 41 31 de
2687 869 170 38 Mathilde,
2871 869 63 31 fait
2946 869 158 32 ressortir
3118 878 46 22 un
3191 868 90 40 sujet
3307 869 93 33 aussi

2629 911 78 32 bien
2721 918 105 30 conçu
2843 918 63 32 que
2920 908 77 33 bien
3012 909 92 32 écrit.

3141 950 11 14 *
3158 950 2 14 ■

2669 1030 86 32 Tout
2771 1030 52 33 est
2837 1030 19 31 à
2870 1029 61 33 lire
2961 1029 85 32 dans
3069 1029 31 32 le
3124 1029 133 32 volume
3272 1029 126 40 d'Ange

2628 1069 159 39 Bénigne,
2810 1070 161 32 Femmes
2994 1070 31 32 et
3050 1071 247 33 Amoureuses,
3311 1069 87 31 édité

2627 1119 60 31 par
2701 1109 139 39 Marpon
2855 1114 33 27 et
2902 1109 241 32 Flammarion.
3157 1109 66 32 Les
3241 1109 156 32 héroïnes

2627 1150 41 31 de
2682 1157 56 22 ces
2765 1149 158 40 saynètes
2944 1149 148 31 forment
3115 1157 66 22 une
3206 1148 124 40 galerie
3356 1148 41 32 de

2627 1189 143 32 femmes
2786 1198 78 24 avec
2893 1189 180 38 lesquelles
3093 1196 43 22 on
3150 1189 157 31 voudrait
3321 1196 57 32 pas-

2628 1238 54 24 ser
2711 1238 38 22 sa
2773 1230 64 38 vie,
2874 1228 244 41 légitimement
3151 1237 44 24 ou
3287 1231 90 30 autre-

2626 1271 104 31 ment.

2665 1376 47 32 Le
2726 1376 172 32 ministère
2921 1376 40 32 de
2985 1376 33 32 la
3026 1376 129 32 marine
3177 1376 33 31 et
3222 1375 72 32 desr
3308 1375 66 31 colo-

2626 1419 74 30 nies
2717 1416 92 31 vient
2833 1416 41 32 de
2901 1416 83 31 faire
3015 1415 146 40 paraître
3188 1415 203 32 l'Annuaire

2604 1478 15 15 m
2621 1466 92 30 pour
2727 1457 94 30 1884
2837 1456 79 31 chez
2941 1456 50 31 les
3018 1455 146 32 éditeurs
3191 1454 181 39 Berger-Le-

2624 1498 116 33 vrault
2754 1500 32 30 et
2809 1498 24 31 G
2835 1501 11 13 O
2849 1520 8 15 ,
2874 1498 30 38 5,
2920 1505 59 24 rue
2994 1496 59 32 des
3067 1494 223 33 Beaux-Arts.

2970 1553 81 35 ###

2665 1604 222 40 Aujourd'hui
2909 1604 109 40 parait
3059 1604 79 31 chez
3177 1604 139 38 Marpon
3359 1604 32 28 et

2622 1644 241 37 Flammarion,
2880 1645 30 31 le
2924 1652 154 24 nouveau
3094 1644 83 32 livre
3191 1643 41 32 de
3255 1643 44 32 M.
3327 1643 43 30 Ca-

2622 1685 93 31 mille
2750 1685 146 38 Dehans,
2927 1687 48 30 les
3008 1685 180 30 Malheurs
3229 1685 39 30 de
3302 1684 89 30 John

2622 1728 92 34 Bull,
2731 1724 158 33 fantaisie
2901 1734 45 21 un
2968 1733 65 31 peu
3046 1723 80 32 rude
3154 1724 115 31 contre
3301 1722 72 32 l'An-

2621 1766 151 40 gleterre.
2895 1766 4 40 .

2967 1805 83 38 4*%

2660 1880 50 32 La
2722 1878 150 33 librairie
2887 1876 214 40 académique
3113 1874 130 39 Didier,
3261 1874 67 32 met
3346 1881 40 26 en

2620 1923 98 30 vente
2732 1918 211 41 aujourd'hui
2956 1917 31 35 le
2999 1916 143 41 premier
3152 1917 235 31 Dictionnaire

2620 1963 57 28 des
2692 1961 193 37 sculpteurs
2900 1959 40 31 de
2963 1955 190 40 l'antiquité
3170 1955 58 41 qui
3255 1954 47 32 ait
3313 1952 6 18 '

2619 2001 64 31 fait
2694 2000 133 40 jusqu'à
2844 2007 35 24 ce
2891 1998 89 38 jour.

2661 2040 58 32 Cet
2734 2047 156 31 ouvrage,
2902 2039 58 38 qui
2972 2036 168 33 fourmille
3151 2036 40 31 de
3197 2035 176 40 renseigne

2619 2081 110 31 ments
2745 2079 18 31 à
2778 2088 64 31 peu
2867 2080 77 39 près
2970 2076 176 39 inconnus,
3164 2076 52 32 est
3242 2075 47 32 dû
3317 2083 67 22 aux

2619 2120 244 32 intéressantes
2891 2117 196 32 recherches
3100 2115 79 33 d'un
3191 2115 102 39 jeune
3321 2115 66 33 star

2619 2159 163 34 tuairede
2796 2158 116 37 talent,
2928 2157 44 32 M.
2988 2154 165 35 Stanislas
3170 2154 107 33 Lami.

2965 2216 79 35 **#

2659 2282 174 32 L'Amour
2867 2281 21 31 à
2904 2281 98 31 trois,
3018 2280 46 32 tel
3090 2280 51 32 est
3156 2278 30 32 le
3215 2278 78 31 titre
3308 2276 78 32 d'un

2619 2323 142 31 curieux
2771 2322 133 31 volume
2927 2321 41 31 de
2982 2319 44 32 M.
3041 2317 86 33 Paul
3157 2317 149 39 Ginisty,
3324 2317 60 39 qui

2617 2362 93 32 vient
2720 2362 40 31 de
2772 2361 145 38 paraître
2940 2360 79 33 chez
3047 2360 50 31 les
3124 2357 146 33 éditeurs
3298 2356 71 32 Bail-

2619 2402 83 32 lière
2713 2402 33 31 et
2760 2401 181 39 Messager.

2655 2441 33 32 •Il
2702 2441 51 32 est
2767 2440 137 34 précédé
2919 2439 98 33 d'une
3046 2440 74 30 vive
3136 2438 33 32 et
3183 2435 202 43 paradoxale

2619 2481 130 39 préface
2765 2480 40 32 de
2819 2480 78 40 Guy
2913 2480 40 32 de
2976 2479 216 40 Maupassant
3219 2478 69 40 qui,
3305 2485 79 22 avec

2619 2523 92 34 toute
2726 2519 211 41 l'originalité
2950 2518 39 33 de
3006 2526 61 25 son
3089 2518 117 31 talent,
3223 2518 163 39 s'attaque

2620 2562 20 31 à
2649 2562 38 32 la
2701 2559 195 35 redoutable
2910 2559 156 39 question
3080 2559 41 31 de
3142 2557 184 34 l'adultère.

2660 2602 113 31 Douze
2800 2598 257 40 compositions.
3071 2598 81 32 hors
3167 2598 90 31 texte
3272 2597 59 34 de.
3340 2596 40 35 F,

2620 2642 171 39 Régamey
2813 2640 171 32 illustrent
3005 2639 51 31 les
3071 2637 171 32 nouvelles
3256 2637 115 37 drama-

2620 2683 111 38 tiques
2746 2683 33 30 et
2793 2679 216 41 passionnées
3039 2679 81 31 dont
3136 2686 35 24 se
3187 2685 155 31 compose
3356 2676 32 32 le

2620 2722 96 31 livre.

3103 2761 4 50 '
3184 2761 2 50 .
3234 2774 39 14 ■>■
3307 2774 6 37 ;
3380 2783 8 13 ,

2653 2832 83 28 ■Une
2757 2830 156 37 Critique
2940 2829 90 32 d'art
3052 2836 54 24 au-
3119 2826 274 33 -dise-neuvième,

2621 2870 100 33 siècle
2735 2870 111 40 (Félix
2859 2869 118 38 Alcan,
2992 2868 142 40 éditeur)
3150 2869 52 30 est
3215 2875 66 24 une
3289 2865 99 33 étude

2621 2911 70 32 très
2706 2909 174 39 complète,
2902 2909 70 32 très
2995 2907 228 43 approfondie,
3242 2906 144 43 quoique

2621 2950 126 39 rapide,
2763 2950 60 30 des
2837 2948 104 39 idées,
2956 2949 59 31 des
3045 2954 142 25 travaux
3215 2944 40 33 de
3281 2946 93 31 l'écri-

2621 2993 78 28 vain
2715 2989 143 39 original
2885 2989 33 31 et
2942 2996 117 31 sagace
3080 2988 59 39 qui
3167 2986 80 32 s'est
3275 2985 115 39 appelé

2621 3028 136 33 d'abord
2773 3028 111 32 Thoré
2911 3028 39 32 de
2981 3037 61 22 son
3065 3028 73 31 vrai
3158 3035 91 28 nom,
3278 3025 77 48 guis
3369 3026 21 28 à

2620 3070 72 39 pris
2707 3078 40 22 en
2763 3070 67 31 exil
2845 3067 85 34 celui
2946 3069 40 33 de
3001 3069 139 38 Burger.
3158 3065 80 41 qu'il
3255 3074 19 21 a
3288 3061 102 44 gàidé

2617 3110 135 40 jusqu'à
2767 3117 63 22 son
2852 3105 132 34 dernier
3008 3106 87 40 jour.
3126 3106 150 38 Critique
3305 3105 85 31 d'art

2620 3150 185 37 lui-même,
2830 3149 45 31 M.
2897 3149 113 30 Pierre
3039 3146 119 32 Pétroz
3174 3155 24 31 y
3219 3154 19 22 a
3266 3144 123 39 exposé

2620 3189 50 34 les
2680 3188 167 40 principes
2859 3188 221 41 d'esthétique
3094 3187 57 39 qui
3167 3187 58 30 ont
3235 3185 154 38 toujours

2620 3228 99 41 guidé
2734 3229 141 31 l'auteur
2889 3228 57 30 dos
2961 3227 131 32 Musées
3109 3227 39 30 de
3164 3222 177 41 Hollande,
3359 3224 31 34 il

2621 3278 28 22 a.
2661 3268 138 40 indiqué
2823 3268 92 33 leurs
2944 3268 113 39 points
3086 3266 40 31 de
3150 3265 132 32 contact
3309 3270 79 24 avec

2621 3317 84 24 ceux
2719 3308 40 32 de
2780 3309 33 30 la
2837 3308 162 39 politique
3020 3305 198 33 rationnelle
3246 3305 32 31 et
3293 3304 41 34 de
3356 3304 33 37 lu

2621 3348 93 32 saine
2752 3347 211 40 philosophie
2976 3356 8 30 ;
3015 3348 32 30 et
3076 3345 26 32 il
3136 3353 20 22 a
3194 3343 196 33 clairement

2620 3387 130 32 montré
2766 3387 89 31 ainsi
2870 3387 151 31 combien
3041 3386 50 31 les
3112 3385 145 31 lecteurs
3282 3385 87 28 atten-

2619 3428 60 32 tifs
2693 3426 41 33 de
2748 3426 111 33 Thoré
2874 3428 77 31 sont
2969 3425 117 33 fondés
3111 3425 20 31 à
3158 3424 50 32 lui
3236 3423 152 39 assigner

2619 3476 66 24 une
2698 3462 93 45 place
2812 3467 19 31 à
2845 3468 76 38 part
2934 3462 110 44 parmi
3058 3461 231 37 leTécrivams
3302 3463 86 31 d'art

2620 3507 279 40 contemporains.

2624 3630 306 64 T&SSBâHBES
2944 3634 31 46 S
2995 3628 394 53 KS2ESPBBMRCES

2887 3762 43 22 UN
2943 3761 183 24 ASSASSINAT

2653 3804 195 31 BELFORT.
2914 3804 50 28 Un
2986 3804 170 27 assassinat
3183 3802 86 30 vient
3295 3802 92 28 d'être

2617 3843 129 27 commis
2760 3843 18 26 à
2792 3841 130 35 Lepuix,
2939 3843 113 25 canton
3066 3840 37 28 de
3113 3837 201 37 Giromagny.

2654 3879 48 28 Un
2718 3876 200 37 propriétaire
2930 3875 35 27 de
2979 3876 77 26 cette
3071 3880 171 28 commune,
3257 3875 28 26 le
3301 3874 84 27 sieur

2616 3914 86 27 Jules
2717 3913 97 34 Heck,
2828 3912 54 35 qui
2896 3912 86 27 avait
3009 3919 38 19 eu
3060 3909 137 35 pendant
3209 3908 33 28 la
3255 3908 132 30 matinée

2616 3958 61 20 une
2693 3950 72 27 vive
2779 3947 180 28 altercation
2975 3954 72 19 avec
3061 3954 44 19 un
3125 3945 35 28 de
3177 3952 48 20 ses
3241 3945 90 34 amis,
3359 3944 28 28 le

2616 3985 123 27 nommé
2754 3984 71 34 8...,
2841 3990 32 21 se
2888 3983 152 34 présenta,
3056 3987 70 20 vers
3138 3984 110 32 quatre
3276 3980 111 27 heures

2616 4020 43 27 du
2674 4020 72 32 soir,
2763 4026 40 20 au
2816 4018 142 27 domicile
2973 4018 35 27 de
3024 4016 79 30 celui
3117 4017 35 27 ci.
3184 4016 72 28 Ala
3270 4023 61 20 vue
3346 4015 38 28 de

2616 4056 97 34 Heck,
2730 4055 58 28 8...
2796 4054 133 33 furieux,
2941 4051 145 30 décrocha
3097 4058 44 20 un
3152 4051 77 27 fusil
3236 4051 103 34 pendu
3347 4058 39 19 au

2616 4095 106 26 muret
2733 4090 37 28 fit
2784 4089 51 28 feu
2849 4088 80 30 deux
2942 4087 60 30 fois
3013 4095 53 21 sur
3079 4094 57 21 sou
3146 4085 184 30 adversaire.
3346 4084 44 30 Le

2616 4128 202 27 malheureux
2844 4123 98 34 Heck,
2966 4123 112 27 atteint
3103 4123 77 26 dans
3215 4121 174 28 l'abdomen

2616 4162 145 28 chancela
2777 4161 100 33 et,mal
2883 4160 52 35 gré
2948 4159 45 28 les
3007 4157 86 28 soins
3105 4156 46 28 les
3165 4156 71 37 plus
3253 4163 113 30 empres-

2616 4199 60 34 sés,
2691 4196 24 30 il
2727 4196 130 35 expirait
2870 4194 148 37 quelques
3030 4194 111 27 heures
3152 4194 99 33 après.

2652 4234 43 28 Le
2707 4230 163 31 meurtrier
2883 4238 19 20 a
2916 4230 46 28 été
2975 4230 107 28 arrêté.

2772 4286 86 22 MORT
2874 4286 41 20 DE
2929 4286 51 20 SIR
2994 4284 138 22 GEORGES
3146 4284 85 22 BYNG

2653 4329 195 31 LONDRES.
2908 4328 47 30 Sir
2968 4328 116 34 George
3098 4325 292 37 Bysag-Torrington

2617 4365 208 32 chambellant
2838 4364 38 28 de
2889 4364 31 27 la
2934 4364 84 27 reine
3026 4363 144 34 Victoria,
3184 4362 110 35 depuis
3307 4361 81 35 1859,

2616 4403 87 27 vient
2717 4401 37 28 de
2767 4400 128 30 mourir.

2849 4456 142 21 IMMENSE
3008 4454 151 22 INCENDIE

2653 4498 228 31 NEW-YORK.
2946 4496 69 28 Une
3027 4495 131 37 dépêche
3188 4495 35 28 de
3253 4495 138 28 Panama

2620 4543 138 21 annonce
2771 4534 97 35 qu'un
2881 4533 141 27 incendie
3050 4540 18 20 a
3092 4531 117 30 détruit
3234 4531 156 37 plusieurs

2620 4572 107 34 dépôts
2743 4570 37 28 de
2792 4570 187 35 spiritueux,
2994 4569 35 28 de
3051 4567 113 35 poudre
3188 4567 18 26 à
3231 4573 100 20 canon
3360 4567 30 26 et

2620 4606 37 28 de
2670 4606 126 35 pétrole.
2818 4605 59 27 Les
2906 4606 102 33 pertes
3035 4606 71 26 sont
3135 4602 143 30 évaluées
3300 4603 18 30 à
3346 4609 43 22 un

2621 4641 216 31 demi-million
2852 4639 37 28 de
2906 4638 126 30 dollars.

2725 4697 162 20 SCANDALE
2904 4696 43 21 DE
2965 4688 172 30 LTSLESUR
3149 4694 136 22 SORGUES

2655 4739 136 31 NIMES.
2855 4737 81 28 Onze
2949 4736 52 28 des
3022 4739 126 26 auteurs
3177 4736 41 27 du
3247 4735 144 33 scandale

2622 4775 37 30 de
2678 4775 81 27 l'lsla
2776 4775 241 33 comparallront
3032 4773 113 28 devant
3158 4772 32 28 la
3209 4779 74 21 cour
3313 4772 61 28 d'as-

2622 4812 77 28 sises
2712 4811 37 27 de
2760 4804 184 41 Gârpentras
2960 4815 73 21 sous
3051 4808 32 27 la
3109 4808 184 35 prévention
3317 4807 59 27 d'at-

2622 4847 115 28 tentats
2752 4847 18 26 à
2784 4845 32 28 la
2833 4845 130 35 pudeur.
2989 4845 113 34 Quatre
3117 4843 116 28 d'entre
3253 4850 60 21 eux
3337 4841 37 30 dé-

2622 4883 126 37 passent
2766 4880 141 31 soixante
2921 4880 53 27 dix
2985 4886 74 27 ans;
3090 4878 81 28 deux
3197 4879 195 33 notamment

2622 4918 104 32 seront
2739 4916 209 35 octogénaires
2960 4915 77 30 dans
3047 4913 143 30 dix-huit
3206 4912 89 31 mois,

2813 4978 167 31 L'AFFAIRE
2991 4984 58 21 DES
3063 4984 139 22 OMNIBUS

2659 5028 240 32 MARSEILLE.
2963 5026 98 33 Après
3077 5034 60 20 une
3162 5026 113 35 longue
3293 5027 28 27 et
3337 5026 38 27 mi-

2623 5067 143 28 nutieuse
2785 5063 176 37 procédure,
2986 5062 43 27 M.
3053 5062 117 33 Mallet,
3195 5062 73 34 juge
3300 5061 79 27 d'ins

2624 5101 146 33 truction,
2797 5108 18 19 a
2838 5098 84 37 réglé
2946 5096 197 37 aujourd'hui
3169 5096 28 28 le
3224 5095 117 30 dossier
3356 5096 38 30 de

2623 5137 128 30 l'affaire
2766 5134 61 28 dite
2838 5134 53 27 des
2911 5133 156 31 omnibus.

2661 5171 156 35 L'adjoint
2831 5170 139 32 Garnier,
2999 5167 196 37 l'inspecteur
3223 5167 170 37 municipal

2627 5209 52 28 des
2694 5209 137 26 voitures
2844 5204 144 34 Rolland,
2996 5211 57 20 son
3066 5204 215 34 prédécesseur
3293 5203 81 35 Guey-

2626 5244 81 32 rard,
2722 5243 141 32 Arnoux,
2883 5238 132 30 courtier
3027 5238 154 33 électoral,
3196 5243 56 25 ont
3266 5238 47 28 été
3327 5246 51 20 ren-

2626 5278 94 37 voyés
2733 5278 113 27 devant
2857 5276 33 28 la
2903 5274 143 31 chambre
3060 5275 53 27 des
3137 5275 92 27 mises
3246 5282 38 21 en
3309 5282 69 21 accu-

2628 5315 100 28 sation
2743 5313 43 28 de,
2792 5311 33 30 la
2831 5319 79 24 .cour
2924 5310 91 33 d'Aix
3035 5317 73 20 sous
3122 5309 216 37 l'inculpation
3358 5310 38 28 de

2628 5349 196 30 concussion.

2662 5385 58 30 Lés
2746 5386 104 26 autres
2870 5388 208 30 personnages
3107 5381 128 27 officiels
3261 5388 40 21 ou
3331 5381 52 27 offi-

2628 5421 87 27 cieux
2730 5420 37 27 de
2781 5419 30 27 la
2835 5417 107 30 mairie
2955 5421 56 24 ont
3037 5415 46 28 été
3096 5415 116 30 écartés
3223 5424 8 27 ;
3248 5417 79 27 mais
3353 5417 41 28 ils

2628 5464 60 28 pou
2693 5456 113 28 iraient
2815 5453 72 27 bien
2900 5454 64 26 être
2975 5453 183 33 compromis
3174 5452 77 27 daus
3265 5459 58 22 une
3340 5460 34 20 au-

2629 5496 45 24 tre
2688 5489 198 31 information
2901 5487 54 37 qui
2968 5489 46 27 est
3034 5487 149 34 entamée,
3203 5493 40 21 au
3261 5487 79 34 sujet
3357 5487 39 27 de

2629 5526 155 30 différents
2798 5523 196 38 pots-de-vin.

2822 5588 126 22 VOYAGE
2967 5588 93 21 DE'M.
3081 5583 123 26 MËLINE

2663 5630 90 30 —M.
2779 5630 124 32 Môline,
2935 5629 139 27 ministre
3107 5629 37 27 de
3177 5629 220 34 l'agriculture,

2629 5667 99 28 arrivé
2758 5663 201 38 aujourd'hui
2973 5663 18 28 à
3018 5663 100 34 Arles,
3131 5663 118 37 partira
3273 5665 125 34 demain

2629 5711 72 20 avec
2712 5701 28 28 le
2756 5701 96 34 préfet
2867 5708 78 26 pour
2959 5699 32 28 la
3004 5700 182 34 Camargue,
3213 5700 40 27 où
3268 5700 52 28 des
3339 5701 44 27 tra-

2629 5747 84 20 vaux
2727 5735 189 35 d'irrigation
2930 5735 71 28 sont
3015 5734 142 35 projetés.

2665 5793 154 31 CàLAIS.
2883 5793 43 27 Le
2941 5792 124 35 général
3086 5792 145 33 Graham,
3248 5793 150 27 revenant

2631 5831 161 35 d'Egypte,
2806 5829 57 28 viâ
2877 5829 84 34 Bàle,
2979 5829 71 27 s'est
3065 5828 176 35 embarqué.

2665 5867 44 28 La
2724 5865 154 37 princesse
2890 5864 185 33 Frederique
3086 5864 37 27 de
3131 5863 144 28 Hanovre
3291 5865 46 26 est
3350 5864 33 27 dé-

2629 5903 135 34 barquée
2789 5898 197 38 aujourd'hui
2999 5898 50 35 ici,
3063 5906 32 21 se
3118 5898 130 28 rendant
3263 5907 38 20 en
3317 5898 66 28 Alle-

2629 5944 122 30 magne.
3190 5955 6 5 •
3294 5953 39 17 -,

2896 5991 131 22 BALLON-
3037 5986 104 26 BRÛLÉ

2666 6041 137 30 TURIN.
2868 6041 84 27 Vous
2966 6047 139 21 recevrez
3126 6047 57 28 par
3203 6045 133 25 courrier
3352 6048 43 21 un

2630 6086 144 20 morceau
2785 6078 43 27 du
2850 6077 106 27 ballon
2972 6077 35 27 de
3021 6076 43 30 M.
3080 6076 224 35 Gotard,brûlé
3319 6077 79 35 hier,

2631 6115 19 26 à
2665 6115 107 34 quatre
2800 6112 122 33 heures,
2950 6119 57 27 par
3021 6112 32 26 la
3078 6111 119 28 foudre.
3227 6112 45 27 La
3295 6119 106 27 presse

2631 6149 151 34 française
2798 6148 58 27 fait
2870 6155 60 20 une
2952 6145 208 37 souscription
3184 6154 79 27 pour
3278 6148 124 27 couvrir

2633 6184 46 28 les
2694 6184 74 27 frais
2784 6183 72 27 d'un
2870 6190 144 20 nouveau
3028 6182 117 32 ballon,
3162 6183 60 26 soit.
3235 6182 102 35 60,000
3350 6183 51 34 fr.,

2634 6220 54 37 qui
2702 6217 141 38 pourrait
2854 6220 64 26 être
2930 6219 70 34 prêt
3014 6217 77 27 dans
3105 6223 63 21 une
3178 6217 90 27 mois.

2760 6278 154 25 ÉLECTION
2926 6282 44 20 AU
2989 6281 129 20 CONSEIL
3132 6275 145 27 GÉNÉRAL

2668 6322 231 31 BORDEAUX.
2942 6338 33 5 -
3012 6321 43 30 M.
3093 6322 175 28 Alexandre
3301 6322 97 35 Léon,

2636 6360 202 34 républicain,
2861 6367 17 19 a
2907 6359 46 27 élé
2981 6358 51 28 élu
3065 6366 78 27 pour
3165 6358 31 28 le
3226 6360 113 26 canton
3366 6359 34 27 de

2635 6396 151 34 Captieux
2811 6402 57 28 par
2895 6393 53 28 533
2979 6393 74 28 voix
3079 6397 104 25 contre
3197 6393 53 27 348
3275 6394 18 27 à
3308 6393 43 28 M.
3365 6394 37 28 de

2636 6431 83 34 Sèze,
2733 6430 220 28 monarchiste.

2673 6465 47 27 Eu
2734 6467 76 26 août
2823 6464 80 33 1883,
2920 6464 40 28 M.
2974 6465 35 26 de
3021 6464 72 27 Sèze
3116 6465 84 26 avait
3221 6464 115 28 obtenu
3351 6464 53 28 456

2635 6503 77 27 voix
2726 6506 104 24 contre
2844 6500 53 28 386
2911 6500 18 28 à
2946 6500 43 28 M.
3004 6500 94 28 Léon.
3131 6501 7 9 '

2673 6536 163 28 L'élection
2851 6536 37 32 de
2903 6536 43 27 M.
2961 6535 38 27 de
3018 6535 72 27 Sèze
3105 6535 50 27 fut
3180 6535 157 28 invalidée
3347 6543 58 27 par

2635 6572 31 30 le
2681 6570 113 30 conseil
2810 6569 112 31 d'Etat.

2781 6634 237 24 ENTERREMENT
3032 6634 41 21 DE
3092 6635 24 20 M
3118 6632 31 15 MO
3165 6634 99 21 BABLY

2674 6674 167 31 DENAIN'.
2931 6677 84 28 Mme
3041 6677 105 35 Basly,
3177 6676 32 28 la
3237 6676 111 30 femme
3365 6676 41 28 du

2641 6712 164 27 secrétaire
2819 6712 124 34 général
2960 6712 41 27 du
3030 6712 144 35 syndicat
3189 6712 52 27 des
3255 6712 150 33 mineurs,

2639 6748 89 28 vient
2740 6746 38 27 de
2792 6749 118 27 mourir
2922 6746 90 38 après
3031 6756 61 20 une
3105 6748 116 34 longue
3235 6749 30 27 et
3279 6746 110 30 doulou-

2641 6789 90 21 reuse
2748 6783 143 27 maladie.

2676 6817 64 30 Son
2767 6819 206 28 enterrement
2987 6817 72 31 civil
3074 6826 18 20 a
3118 6824 38 22 eu
3170 6817 60 31 lieu
3254 6826 32 21 ce
3299 6817 73 35 soir,
3390 6817 18 27 à

2641 6854 73 34 cinq
2726 6853 118 30 heures.
2875 6855 80 34 Cinq
2968 6855 85 28 mille
3083 6861 168 28 personnes
3275 6854 130 28 environ

2640 6896 21 28 y
2679 6888 188 31 assistaient.

3601 208 142 26 RÉUNION
3757 213 41 21 DE
3811 213 44 21 LA.
3869 211 228 30 CROLÇL-HOUSSE

3500 259 117 30 LYON.
3686 260 45 28 Le
3757 260 111 28 comité
3898 260 216 27 conservateur
4146 257 86 31 avait

3463 294 157 37 provoqué
3632 294 77 35 hier,
3715 296 19 27 à
3746 294 31 30 la
3791 295 93 30 Croix
3896 294 129 35 Rousse,
4031 301 63 22 une
4103 293 129 30 sécende

3462 330 131 28 réunion
3607 331 159 28 électorale
3780 331 18 27 à
3811 331 133 37 laquelle
3966 330 72 37 plus
4063 330 37 28 de
4120 330 112 37 quinze

3462 369 86 25 cents
3560 373 168 30 personnes
3743 370 54 25 ont
3810 366 122 30 assisté.

3496 400 51 30 Au
3560 402 138 28 début.et
3711 400 63 30 àla
3787 403 44 28 fin
3842 403 39 27 de
3901 402 32 28 la
3946 402 142 35 réunion,
4101 409 61 21 une
4174 402 38 28 mi-

3459 437 113 35 norité,
3586 437 158 37 composée
3757 437 90 30 d'une
3863 437 220 37 cinquantaine
4097 437 38 28 de
4162 443 50 30 per-

3459 478 200 30 sonnes,sans
3672 472 92 30 doute
3780 474 111 35 payées
3906 481 78 27 pour
3998 474 78 27 cette
4083 472 145 35 besogne,

3459 509 54 26 ont
3528 508 157 37 provoqué
3699 516 44 21 un
3757 508 133 30 tumulte
3905 515 142 21 convenu
4070 508 156 27 d'avance.

3495 543 47 27 Oti
3556 552 19 20 a
3591 547 122 26 surtout
3726 546 161 34 remarqué
3900 543 30 28 le
3957 544 126 28 docteur
4109 543 117 35 Jântet,

3457 585 45 21 un
3513 579 185 28 blackboulé
3710 580 38 28 de
3762 583 102 25 toutes
3882 580 44 27 les
3953 580 156 33 élections,
4123 580 57 34 qui
4209 587 17 19 a

3457 614 61 27 crié
3533 622 56 27 par
3604 615 81 27 deux
3696 615 59 28 fois
3769 622 7 21 :
3796 626 11 14 t
3823 615 77 28 Vive
3926 614 32 28 la
3977 614 195 35 République
4187 614 7 28 !
4213 626 11 13 »

3457 650 143 28 Aussitôt
3613 651 85 27 mille
3712 652 73 26 voix
3803 652 97 27 crient
3913 658 7 20 :
3939 661 11 14 «
3967 651 78 28 Vive
4062 651 30 27 la
4101 650 123 32 liberté!

3457 685 72 28 vive
3542 685 31 28 la
3581 686 117 28 France
3709 685 5 30 !
3732 697 12 14 »

3491 720 96 30 Entre
3600 720 45 30 lés
3664 722 80 28 deux
3771 722 164 34 incidents,
4009 722 154 35 Jacquier,
4174 720 38 28 l'é-

3456 756 118 27 minent
3589 756 206 30 conférencier
3809 757 157 34 royaliste,
3981 759 30 25 et
4031 757 43 27 M.
4090 756 133 37 Boubée,

3456 791 41 28 du
3511 793 94 27 Salut
3611 794 123 34 public,
3750 795 53 26 ont
3827 793 165 33 prononcé,
4003 793 81 28 deux
4109 800 94 21 remar-

3455 827 129 34 quables
3599 829 149 33 discours,
3764 828 197 35 préconisant
3971 828 201 28 l'effacement
4187 828 37 27 de

3454 861 31 28 la
3497 862 150 37 politique
3660 872 40 20 au
3716 865 92 35 profit
3816 863 52 28 des
3876 863 129 28 intérêts
4020 863 91 30 d'une
4121 863 102 28 bonne

3455 898 263 30 administration.

3523 969 145 22 GRANDES
3685 969 202 25 MANŒUVRES
3907 970 43 21 DU
3970 960 35 31 15
4005 965 32 14 ms
4056 969 94 22 CORPS

3496 1009 136 30 NIMES.
3696 1010 58 28 Les
3769 1010 130 35 grandes
3919 1018 196 20 manœuvres
4128 1010 71 28 d'au-

3452 1045 104 28 tomne
3582 1046 43 27 du
3647 1045 37 30 15
3685 1050 20 13 m
3707 1051 11 20 e
3748 1054 87 28 corps
3865 1046 141 30 d'armée,
4018 1048 112 28 auront
4155 1045 65 30 lieu

3451 1082 78 26 cette
3543 1082 97 26 année
3669 1082 77 27 dans
3759 1082 28 26 le
3810 1082 93 34 Gard,
3920 1083 96 28 -entre
4031 1082 45 28 les
4103 1082 117 28 vallées

3451 1115 41 28 du
3507 1115 146 30 Vidourle
3669 1116 31 28 ët
3713 1116 43 28 du
3776 1117 137 28 Gardon;

3488 1152 43 27 La
3544 1153 169 34 principale
3730 1153 103 27 action
3848 1160 69 21 sera
3933 1153 133 35 engagée
4087 1153 131 28 derrière

3450 1187 105 27 Nimes
3569 1195 54 20 sur
3635 1194 44 21 un
3692 1195 107 27 espace
3815 1188 35 28 de
3865 1188 155 37 plusieurs
4039 1188 180 28 kilomètres

3450 1222 79 27 situé
3561 1226 85 25 entre
3686 1224 195 32 Sommières,
3925 1224 178 34 Montpezat
4128 1226 28 26 et
4185 1224 31 28 la

3449 1258 158 28 Calmette.
3637 1258 69 28 Une
3718 1258 136 30 division
3885 1260 176 27 s'avancera
4085 1266 57 27 par
4156 1259 41 28 Rè-

3449 1294 137 27 moulins
3600 1302 39 20 en
3653 1297 176 26 remontant
3856 1294 31 27 le
3900 1294 125 28 Gardon
4046 1294 125 35 jusqu'à
4186 1294 31 28 la

3448 1330 161 33 Calmette,
3625 1330 87 27 Saint
3726 1330 111 27 Geniès
3867 1332 30 35 pt
3926 1330 183 33 Boncoiran,
4137 1337 79 28 pour

3448 1363 123 37 déloger
3594 1374 61 19 une
3685 1365 136 27 division
3848 1365 154 35 ennemie,
4028 1367 184 28 échelonnée

3448 1407 54 21 sur
3515 1401 45 27 les
3574 1402 131 26 coteaux
3718 1402 37 26 de
3776 1401 86 27 Saint
3876 1401 130 27 Marnert
4030 1402 30 26 et
4074 1401 120 35 Montpa-

3448 1436 58 26 zàt.
3523 1435 65 28 Elle
3604 1435 184 38 l'attaquera
3802 1436 157 28 vivement
3971 1437 28 27 et
4012 1436 32 28 la
4057 1436 152 30 refoulera

3446 1478 56 21 sur
3514 1470 197 35 Sommières,
4090 1467 18 19 •*

3483 1506 44 27 La
3542 1506 113 35 grande
3671 1514 92 20 revue
3790 1514 67 20 sera
3885 1507 105 34 passée
4006 1515 53 22 sur
4083 1507 31 28 la
4126 1509 98 28 routa,

3446 1541 37 28 de
3491 1541 111 34 Sauve,
3613 1541 313 37 entréVaqueyrolles
3934 1545 31 26 et
3974 1543 239 35 Parignargùes.

3481 1577 81 28 Tout
3586 1578 27 27 le
3640 1584 86 30 corps
3751 1578 131 30 d'armée
3902 1579 174 27 traversera
4104 1578 106 30 Nîmes

3445 1620 79 28 pour
3536 1620 32 21 se
3581 1612 107 30 rendre
3699 1612 77 30 dans
3785 1620 47 21 ses
3844 1613 163 37 garnisons
4016 1616 195 34 respectives.

3951 1665 183 22 VILLENEUVE

3480 1742 59 28 UN
3550 1742 77 28 BON
3646 1742 177 30 CONSEIL.
3909 1742 59 30 Les
3991 1742 152 30 médecins
4168 1743 45 30 les

3444 1778 71 34 plus
3528 1779 171 34 distingués
3713 1779 249 30 recommandent
3974 1779 239 35 journellement

3443 1809 96 32 l'Eau
3562 1815 31 26 et
3618 1813 30 28 la
3672 1814 176 27 Pommade
3862 1814 43 28 du
3920 1813 40 28 Dr
3973 1815 144 34 Jacomy,
4134 1822 79 27 pour

3444 1851 113 27 arrêter
3572 1848 31 28 la
3617 1848 96 35 chute,
3722 1850 54 28 des
3790 1850 138 28 cheveux
3952 1850 31 28 la
4002 1850 71 35 plus
4088 1851 123 35 rebelle,
4227 1869 6 5 -

3444 1881 30 31 ét
3496 1892 39 20 en
3556 1884 142 35 prévenir
3724 1884 31 28 la
3776 1884 219 30 décoloration.
4026 1885 111 37 Paris,
4155 1887 56 32 21,

3444 1920 80 35 quai
3550 1920 244 37 Saint-Michel,
3823 1923 31 25 et
3880 1920 77 27 dans
3979 1920 45 27 les
4038 1920 185 30 meilleures'

3442 1951 193 40 ph'armaciès
3647 1956 32 26 et
3692 1956 213 35 parfumeries.
3915 1951 5 40 '

3489 2043 38 33 E.
3546 2043 124 40 Lhtré,
3685 2043 209 33 Dictionnaire
3908 2046 35 31 de
3958 2046 31 31 la
3999 2047 110 43 langue
4121 2048 71 40 fran-

3449 2083 94 39 çaise,
3576 2083 20 32 5
3626 2083 139 32 volumes
3790 2085 100 39 grand
3918 2085 91 32 in-4'
4041 2088 168 32 contenant

3449 2124 93 37 3,000
3569 2132 97 32 pages
3697 2124 18 31 à
3745 2125 18 30 3
3797 2124 164 40 colonnes,
3992 2126 77 31 livré
4091 2127 92 32 immé-

3448 2164 170 30 diatement
3631 2165 31 28 et
3673 2163 133 40 complet
3824 2165 19 28 à
3859 2164 31 35 la
3908 2164 137 32 librairie
4065 2166 43 32 L.
4130 2167 51 33 Hé-

3448 2203 105 37 bert,
3565 2205 31 38 7,
3613 2204 230 38 raePerro.net,
3866 2204 19 30 à
3905 2198 98 45 Paris,
4022 2215 63 21 aux
4102 2206 87 33 condi-

3449 2238 81 34 tions
3543 2242 157 31 suivantes
3718 2251 8 22 :

3487 2282 131 38 Broché,
3647 2282 58 31 113
3737 2282 102 31 francs
3862 2282 148 39 payables
4029 2284 26 32 5
4070 2284 138 33 francs

3449 2330 57 31 par
3523 2322 90 30 mois.

3489 2361 100 38 Relié,
3627 2361 56 30 142
3709 2360 100 32 francs
3842 2362 149 37 payables
4016 2362 25 31 7
4069 2363 138 33 francs

3449 2409 57 31 p&ç
3517 2400 91 38 moi|,
3718 2424 17 14 r

3497 2451 6 11 '
3524 2451 6 11 °
3567 2445 17 15 '"
3606 2445 4 40 ;
3634 2466 6 1 -
3673 2454 7 11 '
3719 2454 9 11 r
3738 2454 24 14 '"
3784 2459 6 6 '
3855 2456 25 15 «><
3941 2457 14 6 '■
3977 2458 22 8 -
4140 2461 15 6 •■
4168 2445 1 40 ■
4187 2445 1 40 ■

3484 2480 4 20 '
3498 2481 6 15 >
3667 2483 20 18 H',
3913 2487 12 11 ■!
3947 2487 35 11 ;V;■
3989 2480 9 20 J
4009 2480 9 20 6
4029 2480 9 20 -

3445 2516 92 69 La
3569 2513 224 71 Soirée
3822 2512 387 76 Parisienne

3443 2661 193 33 REPRISE
3659 2661 34 30 de
3723 2657 214 33 MADAME
3967 2649 243 41 BONÏFAÇE

4072 2707 6 5 '
4096 2705 1 24 '

3774 2726 107 33 FABLÉ

3634 2802 35 19 on
3686 2793 143 35 reprenait
3842 2794 58 25 atiX
3914 2792 133 26 Bouffes'
4115 2798 63 17 v«
4200 2798 11 15 «

3536 2828 135 25 Madame
3686 2826 152 30 BonifUce.
3861 2824 86 26 Aussi
4044 2828 9 6 '
4117 2829 11 15 >
4157 2824 1 32 ■

3445 2859 72 25 Tout
3531 2861 65 25 peut
3614 2865 30 18 sa
3658 2858 125 25 résumer
3802 2864 33 18 en
3850 2863 47 18 ces
3913 2854 116 32 simples
4044 2852 158 27 mots'tii*:"

3452 2882 5 41 !
3481 2887 24 35 f;
3530 2882 282 39 tNous'poifffohs,'je
3828 2887 103 37 pouffe,
3946 2888 31 22 tu
3992 2884 118 33 pouffes.

3444 2915 40 34 Fa
3498 2921 79 33 pièce
3591 2921 44 24 est
3647 2922 148 22 amusante
3806 2921 27 22 et
3847 2919 30 25 la
3891 2916 136 37 partition
4202 2922 8 17 /

3443 2952 57 26 M'a
3516 2950 118 33 procuré
3643 2950 148 32 beaucoup
3802 2950 34 24 de
3850 2948 187 30 satisfaction,

3531 2982 84 25 'Mais'
3626 2982 28 24 la
3673 2981 79 25 reine
3765 2988 33 17 ae
3814 2980 30 25 là
3857 2980 54 24 fête

3539 3014 72 24 C'est
3625 3013 30 25 la
3669 3011 158 35 principale
3841 3009 151 35 interprète
4004 3009 5 37 ;

3539 3044 37 25 Et
3589 3044 26 31 je
3630 3044 41 24 lui
3686 3043 72 25 dirai
3770 3041 177 32 simplement
3961 3048 6 17 :

3537 3084 12 14 «
3566 3074 154 32 Pourquoi,
3736 3074 150 35 mignonne
3900 3073 18 24 à
3933 3071 67 26 l'oeil
4024 3071 156 28 charmant,

3537 3107 44 24 Au
3596 3106 66 27 bras
3678 3105 85 25 blanc
3777 3106 28 24 et
3817 3104 80 32 rond,
3914 3104 18 24 à
3947 3103 30 25 la
3992 3102 73 25 mine

3510 3133 5 33 -
3536 3136 217 31 Provocante,'à
3769 3136 28 24 la
3810 3135 79 25 taille
3902 3133 53 26 fine

3536 3168 37 25 Et
3589 3168 66 24 faite
3670 3174 72 25 pour
3762 3162 201 33 l'enlacement',

3444 3198 144 32 Pourquoi
3602 3200 124 24 surtotls
3742 3204 50 19 nos
3798 3204 96 18 cœurs
3906 3203 113 18 exerces
4030 3197 30 24 tu
4069 3194 142 32 l'empire?

3536 3229 70 26 D'où
3620 3229 76 25 vient
3710 3236 54 25 que
3778 3235 72 30 pour
3865 3227 39 25 toi
3919 3224 63 27 tout
3997 3226 129 33 conspire
4139 3224 11 26 ?

3543 3261 69 24 D'où
3628 3262 77 22 vient
3719 3259 67 33 qu'il
3802 3259 77 25 suffît
3894 3259 33 25 de
3945 3261 28 22 te
3986 3256 60 27 voir

3523 3293 74 22 Pour
3612 3291 137 32 éprouver
3761 3291 83 25 l'effet
3857 3291 34 24 de
3906 3294 48 20 ton
3969 3288 137 32 pouvoir?

3539 3324 129 24 D'autres
3683 3322 143 32 pourtant,
3843 3321 70 25 dans
3928 3321 72 24 cette
4015 3320 87 32 pièce,

3539 3354 72 24 Sont
3626 3353 98 31 dignrs
3738 3353 34 24 de
3785 3354 81 22 notre
3882 3352 152 24 tendresse.
4056 3354 45 14 '•»
4122 3356 8 14 '
4185 3356 22 13 >«

3527 3385 57 25 -On
3599 3392 17 22 y
3630 3385 59 24 voit
3704 3385 163 27 Levasseur,
3883 3383 85 31 Riga,

3537 3416 113 31 Maugé,
3671 3417 93 30 Lamy,
3778 3413 170 33 Piccaluga;

3540 3446 76 25 Mais
3632 3449 30 21 tu
3678 3446 106 32 parais,
3801 3448 27 22 et
3843 3449 64 20 tout
3924 3444 118 25 s'efface.

3540 3477 81 25 Voici
3638 3477 130 24 Madame
3782 3476 133 25 Boniface
3928 3474 5 28 !

3443 3508 131 27 Aussitôt
3587 3509 65 22 tous
3667 3507 41 25 les
3725 3514 94 18 cœurs
3836 3507 111 24 battent
3960 3506 65 25 d'un
4039 3506 76 25 doux
4129 3503 81 32 émoi,

3442 3541 41 25 Le
3497 3539 109 30 succès,
3621 3539 41 25 les
3677 3539 113 25 bravos,
3804 3544 35 18 ne
3849 3539 66 24 sont
3926 3537 63 31 plus
4005 3543 53 26 que
4072 3543 71 26 pour
4159 3535 50 28 toi;

3443 3574 25 22 A
3483 3569 40 26 toi
3537 3569 79 26 seule
3632 3569 57 25 s'en
3705 3570 66 24 vont
3784 3569 43 24 les
3841 3569 113 24 faveurs
3967 3569 33 22 de
4016 3567 115 26 Mécène
4144 3575 6 20 ;

3444 3602 44 25 On
3504 3608 33 18 no
3552 3601 59 24 voit
3626 3600 65 32 plus
3706 3607 53 22 que
3774 3599 40 25 toi
3829 3607 50 17 sur
3891 3598 28 26 la
3931 3599 87 31 petite
4032 3598 83 26 scène
4128 3606 6 18 ;

3601 3632 73 24 Tout
3689 3638 52 25 par
3756 3630 50 32 toi,
3821 3631 66 24 tout
3899 3637 71 25 pour
3983 3630 43 25 toi
4031 3644 9 15 f
4052 3654 13 8 _

3608 3661 5 31 '
3690 3666 8 5 '
3707 3661 144 31 Pourquoi
3863 3661 12 25 ?
4026 3661 5 31 .

3542 3692 144 32 Pourquoi
3703 3694 73 22 cette
3790 3699 91 24 vogue
3891 3690 138 30 .éternelle

3445 3724 54 31 Qui
3516 3724 105 25 s'étend
3639 3724 33 24 de
3690 3723 81 25 Paris
3784 3723 116 31 jusques
3913 3723 17 24 à
3946 3722 110 25 Bornéo
4071 3720 12 31 ?

3594 3755 90 24 Parce
3700 3761 63 25 que,
3778 3752 129 33 répondit
3919 3751 30 27 la
3963 3752 83 30 belle,

3568 3787 59 30 Ego
3641 3785 139 25 nominor
3791 3785 91 25 Theod
4123 3785 4 31 .

3830 3830 78 17 —v-
3946 3836 184 21 -mmpOTjK
4143 3837 13 6 -

3441 3952 524 116 iisiiiii
4011 3950 202 110 mis

3561 4143 240 34 déplacements
3814 4143 30 26 et
3861 4142 229 34 villégiatures

3477 4192 43 28 M.
3533 4192 87 27 Félix
3633 4191 111 35 Leroy,
3759 4191 20 28 à
3794 4191 87 28 Lille.

3478 4227 41 28 M.
3537 4226 162 35 Raymond
3715 4227 37 27 de
3765 4226 31 28 la
3809 4226 104 34 Barre,
3928 4227 18 27 k
3960 4227 163 32 Avermest.

3478 4263 43 28 M.
3534 4261 167 38 Troplong,
3718 4261 18 27 à
3750 4261 89 30 Saint
3852 4260 148 30 Emilion.

3480 4298 43 28 Le
3550 4298 138 35 marquis
3709 4297 35 28 de
3775 4292 158 41 Starpoôle
3960 4305 39 20 au
4026 4297 130 34 châ'ejru
4180 4298 35 28 de

3444 4332 189 37 Fontenelle,.

3478 4369 46 28 La
3536 4371 149 26 comtesse
3698 4368 38 28 de
3764 4368 237 35 Saint-Aignan,
4018 4375 40 21 au
4087 4368 128 30 château

3444 4404 38 27 de
3496 4404 87 28 Saint
3598 4400 136 39 Aignant

3475 4511 41 25 La
3529 4509 66 25 liste
3608 4508 50 26 des
3679 4511 142 24 Maisons
3842 4509 262 25 recommandées
4122 4517 53 25 par
4188 4509 27 26 le

3446 4541 120 26 Gaulois
3580 4543 26 24 et
3619 4541 71 25 celle
3705 4541 48 25 des
3770 4541 105 25 Offres
3889 4541 33 24 et
4124 4541 73 27 d'em-

3444 4573 85 31 plois
3543 4573 64 25 sont
3621 4571 132 25 affichées
3775 4573 65 22 tous
3861 4571 41 25 les
3919 4571 89 32 jours,
4035 4571 164 26 extérieure-

3444 4606 90 27 ment,
3543 4604 18 24 à
3575 4603 30 25 la
3618 4605 80 30 porte
3713 4602 37 26 du
3771 4602 130 31 Gaulois,
3926 4602 151 26 boulevard
4091 4603 50 24 des
4155 4604 44 28 Ita-

3444 4633 81 30 liens,
3541 4633 27 27 9.

4287 210 57 26 IIN
4361 209 148 27 COCHER
4522 209 76 26 valet
4611 209 35 26 de
4662 209 143 33 chambre,
4824 210 32 25 29
4867 216 61 26 ans,
4944 214 116 31 parlant

4290 236 26 34 U
4331 242 143 35 l'anglais,
4488 242 107 26 bonnes
4610 241 170 27 références.
4850 242 99 27 Ecrire
4964 244 28 26 C.
5007 246 51 31 D.,

4285 274 170 26 Madeleine.

4285 319 83 38 ||NE
4381 319 130 26 BONNE
4522 320 18 24 &
4553 320 64 24 tout
4631 319 79 30 faire,
4726 319 31 26 26
4770 326 60 24 ans,
4846 319 92 27 bonne
4952 319 113 38 coutu-.

4287 345 25 34 U
4330 351 81 31 rière,
4428 350 154 26 excellents
4596 348 165 27 certificats.
4830 350 100 28 Ecrire
4944 352 39 27 D.
4997 353 58 32 A.,

4284 379 106 26 bureau
4408 380 122 26 Bourse.
4563 379 5 28 .

4284 425 58 39 ||N
4357 425 143 32 GROOM,
4515 426 76 25 valet
4611 426 35 25 de
4658 426 72 32 pied,
4755 428 30 24 21
4799 435 60 22 ans,
4876 429 59 24 très
4950 428 104 26 distin-

4285 451 26 33 U
4329 457 64 34 gué,
4408 457 136 26 demande
4572 457 80 32 place
4682 464 71 26 pogr
4782 458 28 25 la
4835 464 169 26 campagne.

4281 487 99 27 Ecrire
4395 488 34 25 V.
4448 489 52 31 D.,
4515 495 37 19 au
4561 489 136 32 journal..

4281 583 64 63 IE
4383 583 215 63 CARNET
4636 588 67 58 DE
4737 588 314 59 LABATEII3

4454 728 39 21 LE
4511 729 106 21 VENTE
4635 722 248 30 D'AUJOURD'HUI

4312 769 27 27 Il
4367 770 93 27 serait
4487 769 102 35 puéril
4613 770 197 30 d'entretenir
4831 780 57 20 nos
4916 770 132 32 lecteurs

4278 803 133 30 d'autres
4426 809 107 24 ventes
4546 814 59 28 que
4620 806 37 28 de
4677 806 72 28 celle
4775 808 54 34 qui
4841 816 41 19 va
4897 816 130 21 commen-

4277 847 48 21 cer
4354 840 208 35 aujourd'hui,
4600 841 91 28 salles
4704 842 64 28 Bet
4788 843 26 27 9.
4830 842 45 30 La
4899 844 149 35 première

4276 875 145 28 vacation
4435 883 69 20 sera
4526 878 159 32 consacrée
4704 878 18 27 à
4736 878 226 32 l'intéressante
4988 881 46 27 col-

4274 909 113 30 lection
4410 911 130 30 d'armes
4563 914 219 33 européennes,
4807 914 174 37 orientales,
4998 915 33 37 ja-

4276 947 156 35 ponaises,
4448 950 30 26 et
4493 954 61 21 aux
4570 947 172 37 sc.ulplu'res
4756 957 53 20 sur
4822 950 79 30 bois.

4744 1000 117 22 ARTHUR
4878 1002 109 24 BLOCHE

4279 1083 247 74 HENRI
4572 1088 102 80 DE
4717 1088 320 74 FRANCE

4311 1207 46 32 La
4374 1207 85 33 livre
4473 1209 132 32 illustré
4617 1220 64 31 que
4696 1212 43 33 M.
4756 1213 43 32 H.
4830 1221 44 24 DE
4898 1214 92 32 PÊNE
5020 1224 20 24 a

4273 1247 157 32 consacré
4446 1250 18 30 à
4479 1248 170 34 Monsieur
4663 1253 32 31 le
4716 1254 107 31 comte
4853 1253 39 32 de
4922 1254 100 32 Gharu-

4271 1285 83 33 bord
4369 1290 145 37 paraîtra
4527 1290 84 32 dans
4628 1292 119 35 quinze
4756 1292 109 39 jours.

4310 1326 170 34 L'éditeur
4491 1331 51 30 est
4563 1331 44 31 M.
4625 1331 123 39 OUDIN,
4765 1332 50 38 51,
4844 1342 61 25 rue
4925 1333 85 32 Bona-

4416 1368 1 39 '
4448 1368 5 39 *
4571 1370 8 7 *
4580 1371 19 14 W
4782 1381 6 4 -

4309 1407 30 31 II
4354 1408 70 31 doit
4437 1408 70 33 être
4535 1409 66 33 mis
4631 1420 41 22 en
4708 1413 107 37 vente,
4854 1422 44 27 en.
4930 1414 109 32 même

4269 1446 122 41 temps,
4407 1448 19 32 à
4437 1448 109 38 Paris,
4561 1459 40 22 en
4618 1452 156 37 province
4802 1455 31 30 et
4870 1453 81 32 dans
4988 1455 50 32 les

4269 1488 142 38 grandes
4423 1488 97 32 villes
4534 1489 40 32 de
4587 1489 188 41 l'étranger.

4307 1524 99 35 Voilà
4420 1527 34 32 la
4466 1527 139 40 réponse
4617 1539 66 22 aux
4695 1532 171 38 questions
4879 1533 152 40 quinous

4269 1566 79 33 sont
4359 1566 118 41 posées
4493 1569 84 31 dans
4591 1570 59 31 des
4683 1571 117 33 lettres
4828 1573 76 39 trop
4938 1581 70 24 nom-

4266 1605 139 33 breuses
4420 1616 84 31 pour
4514 1609 79 39 qu'il
4605 1618 25 31 y
4644 1611 112 39 puisse
4782 1612 70 32 être
4880 1612 155 39 répondu

4266 1644 322 37 individuellement.

4317 4032 7 6 -
4403 4015 66 66 G
4496 4017 85 52 G
4612 3992 301 90 QIB#
4995 3992 5 90 -

4312 4123 217 37 Aujourd'hui,
4541 4123 17 27 à
4567 4124 74 27 trois
4657 4124 119 34 heures,
4785 4130 122 21 courses
4917 4122 15 28 à
4942 4122 100 30 Saint-

4271 4160 98 33 Qu«n.
4421 4160 4 33 ■
4565 4160 2 33 ,
4591 4183 6 5 .
4685 4185 97 7 ...
4957 4166 45 17 fvr.
5020 4166 11 7 ~

4304 4195 65 30 Nos
4384 4195 138 32 favoris:
4552 4189 2 41 .
4795 4189 185 41 ..
4991 4189 11 11 1

4304 4232 87 33 griot
4404 4232 37 26 de
4462 4231 171 28 Verrières.
4702 4230 156 37 Etoupille
4872 4238 39 20 ou
4937 4230 98 28 Péru«

4271 4266 93 31 vieil»
4369 4273 26 22 o.

4305 4303 86 27 Prix
4403 4304 38 26 de
4456 4303 133 27 Sevran.
4672 4300 180 31 Eirst-Love
4880 4307 40 22 ou
4942 4300 99 30 Saint-

4271 4337 107 30 Lucia.
4685 4337 30 34 h
4748 4337 5 34 '
4786 4339 7 13 r
5008 4337 4 34 :

4309 4375 84 26 Prix
4411 4375 38 26 de
4468 4372 198 35 Montgiron.
4742 4372 45 28 La
4812 4371 162 31 Mulatièra
5001 4377 40 22 ou

4271 4408 200 35 Marguerite.
4617 4406 17 14 T
4959 4417 11 4 -

4307 4444 85 28 Prix
4410 4446 38 26 de
4467 4444 132 35 Thiçux.
4670 4443 152 37 Epilogue
4838 4450 40 22 ou
4891 4441 151 38 Kospolh.

4383 4545 38 12 «...
4442 4546 12 12 ,
4473 4543 149 22 COURSES
4642 4541 46 24 DU
4702 4535 143 31 VÉSINEÏ

4524 4586 112 31 Mardi
4650 4587 44 34 $9
4708 4589 89 27 avril

4581 4633 146 27 Résultats

4311 4678 84 27 Prix
4409 4680 38 27 de
4466 4680 31 27 la
4511 4678 202 30 Malmaison
4728 4678 118 37 (course
4871 4678 35 28 de
4935 4677 110 35 haies).

4337 4715 132 32 Vicaire,
4483 4715 60 33 4/1,
4558 4715 71 32 à.P.
4644 4715 137 27 Dervillé
4811 4715 182 35 (BachelorJ,
5008 4715 38 32 1,

4271 4749 162 35 Banbury.
4448 4749 104 28 favori
4566 4749 18 27 à
4597 4749 61 35 5/4,
4669 4749 161 30 deuxième
4850 4749 18 27 à
4883 4749 76 30 trois
4970 4749 61 28 .lon-

4271 4792 133 30 gueurs;
4419 4783 69 30 Rou
4496 4785 89 34 Piou,
4594 4785 154 28 troisième
4756 4786 18 27 à
4788 4785 262 37 deuxloDgueurs.

4280 4819 4 38 '
4307 4820 71 28 Non
4393 4820 106 37 placés
4515 4827 7 22 :
4539 4820 94 37 Early
4648 4820 102 30 Dawn
4768 4822 31 26 et
4824 4820 154 33 Fortunée
5006 4819 43 35 11,

4277 4856 131 28 tombée.

4307 4891 122 32 Vicaire
4460 4898 17 20 a
4506 4891 46 28 été
4580 4891 105 30 acheté
4698 4891 84 35 3,800
4794 4891 103 28 francs
4922 4898 57 30 par
5001 4890 43 30 M.

4273 4926 103 32 Khan.
4404 4926 4 37 •
4441 4937 34 13 v-
4576 4937 7 4 -
4779 4926 40 37 ~j
4915 4926 4 37 ,

4309 4963 86 26 Prix
4409 4963 38 27 de
4462 4963 133 27 Monval
4617 4963 119 34 (course
4762 4962 93 33 plate,
4870 4962 177 35 handicap).

4328 4997 169 35 Wolseley,
4512 4997 65 37 5/2,
4592 4998 18 27 à
4632 4997 44 30 M.
4706 4997 103 30 Wilde
4834 4996 117 38 (Lane),
4981 5004 50 30 pre-

4273 5034 96 34 mier;
4385 5033 190 34 Primerolle,
4591 5034 162 27 deuxième
4762 5031 19 28 à
4795 5041 63 19 une
4871 5033 154 34 longueur
5034 5041 13 26 ;

4274 5068 106 35 Lully,
4395 5068 102 31 favori
4521 5068 19 28 à
4564 5068 65 35 6/4,
4643 5068 157 31 troisième
4826 5068 19 27 à
4873 5068 81 28 deux
4982 5068 51 28 lon-

4274 5112 124 27 gueurs.

4310 5138 71 32 Non
4400 5139 86 35 placé
4501 5146 7 21 :
4526 5139 124 30 Robert.

4280 5174 5 40 ;
4310 5176 84 30 Prix
4406 5177 39 26 de
4460 5176 33 27 la
4506 5176 224 28 Grenouillère
4754 5176 119 34 (course
4885 5174 177 40 plate),.

4276 5210 229 34 Grommegutte,
4518 5210 61 34 5/1,
4597 5211 17 27 à
4628 5210 35 28 E.
4674 5210 85 28 Price
4770 5210 48 35 (A.
4832 5210 176 33 Andrews),
5019 5210 28 34 1;

4276 5246 136 34 Galatée,
4427 5245 28 35 2,
4472 5246 18 26 à
4501 5254 61 20 une
4578 5248 77 33 tête;
4669 5245 142 35 Nimrod,
4831 5245 102 33 favori
4948 5246 19 32 à
4982 5244 64 35 6/4,

4274 5282 28 34 3,
4319 5282 18 26 à
4354 5281 80 27 deux
4448 5281 180 35 longueurs.

4311 5316 71 28 Non
4395 5316 104 37 placés
4534 5316 158 30 Couvains
4707 5317 28 27 et
4750 5316 137 30 Gazette.

4311 5353 217 35 Gommegutte
4544 5360 18 20 a
4578 5353 46 28 été
4651 5353 149 32 réclamée
4813 5360 79 27 pour
4911 5350 84 37 :1,200
5009 5352 39 28 fr.

4276 5394 57 30 par
4344 5387 41 28 M.
4401 5387 139 27 Jametel.

4274 5438 6 11 <
4312 5424 83 27 Prix
4408 5425 39 26 de
4467 5422 170 28 Gravières
4654 5422 122 32 (çourse
4792 5424 34 28 de
4852 5422 98 32 haies,
4968 5422 60 28 han-

4278 5458 110 35 dicap).
4485 5458 139 34 Vigilant
4650 5458 44 34 11,
4716 5458 64 33 8/1,
4807 5459 18 27 à
4854 5458 43 28 M.
4924 5458 124 35 Seapini

4278 5493 168 35 (Skinner),
4460 5493 28 35 1;
4502 5493 142 37 Sieba,2,
4656 5496 19 26 à
4689 5499 61 31 unp
4765 5493 162 37 longueur;
4943 5492 91 30 Littlo

4278 5530 104 34 Dolly,
4395 5529 161 28 mauvaise
4569 5523 169 34 troisième.'

4311 5564 71 28 Non
4396 5564 131 35 ,placés:
4552 5563 193 35 Ramember,
4770 5564 102 28 favori
4899 5564 18 27 à
4943 5563 63 35 5/4,
5021 5565 28 27 et

4278 5600 339 35 Manchester-Square,
4632 5602 57 33 qui
4701 5608 33 20 se
4748 5603 71 25 sont
4835 5598 137 30 dérobés.

4530 5696 273 31 ANGLETERRE

4313 5750 217 35 Aujourd'hui,
4544 5751 19 27 à
4572 5751 210 34 Newmarket,
4799 5753 104 26 seront
4918 5758 130 21 courues

4278 5785 46 28 les
4338 5785 93 30 DEUX
4449 5792 98 22 MILLE
4565 5786 151 28 GUINÉKS.

4315 5820 87 30 Yoici
4415 5822 87 43 quels
4526 5824 71 26 sont
4618 5823 46 27 les
4682 5823 143 34 partants
4839 5820 163 38 probables
5016 5824 30 26 et

4278 5857 84 28 leurs
4374 5857 129 35 jockeys
4513 5864 8 20 :

4313 5891 171 28 Doncaster
4498 5891 67 37 Cup
4581 5891 146 37 (Goater),
4755 5893 198 35 Departure's
4969 5893 81 30 Dam

4279 5927 63 28 colt
4352 5927 48 34 (G,
4415 5927 137 35 Egaies),
4569 5928 96 28 Sister
4678 5931 33 26 to
4739 5928 146 28 Adelaide
4915 5928 61 27 colt
5004 5929 44 34 (G.

4278 5962 124 34 Wood),
4431 5962 168 32 Harvester
4630 5963 46 34 (F.
4703 5962 139 35 Archer),
4874 5963 71 31 Scot
4976 5963 74 28 Frea

4281 5998 187 35 (Fordham),
4482 5999 90 27 Saint
4585 5998 126 30 Médard
4727 5999 46 34 (F.
4800 5999 123 34 Webb),
4952 5998 98 37 Royal

4278 6033 81 27 Fera
4372 6033 48 35 (T.
4436 6033 154 35 Gannon),
4604 6033 197 37 Baauchamp
4830 6033 38 33 (J.
4886 6033 162 35 Osborne),

4280 6069 138 35 Supcrba
4434 6069 151 37 (Sharpe),
4609 6070 132 35 Lynetto
4754 6071 60 27 colt
4827 6070 52 34 (H.
4896 6070 154 35 Morgan),

4279 6103 138 28 Kedlock
4429 6104 220 37 (Tomlinson),
4664 6105 81 27 Lord
4760 6104 116 37 Byron.

4315 6138 84 30 Tous
4422 6141 45 27 les
4483 6139 159 35 journaux
4654 6139 120 35 anglais
4794 6141 148 35 spéciaux
4968 6139 63 30 s'ac-

4280 6175 124 28 cordent
4419 6183 80 27 pour
4512 6175 139 35 désiguer
4665 6176 180 33 Harvester,
4874 6174 74 33 Scot
4970 6175 77 30 Frea

4281 6213 31 26 et
4328 6209 103 35 Royal
4443 6209 89 28 Fern.

4315 6244 178 35 Harvester,
4501 6253 57 28 par
4572 6244 136 37 Sterling
4719 6246 30 27 et
4774 6244 176 37 Wheatear,
4963 6254 19 19 a
4996 6252 39 30 ga-

4278 6281 64 63 fné
4356 6281 18 26 à
4385 6280 200 28 Newmarket
4597 6281 46 26 les
4657 6280 149 28 Triennal
4832 6281 137 28 Produce
4983 6274 54 35 Sis-

4304 6324 45 26 es,
4364 6315 43 28 où
4419 6315 170 34 Talisman,
4603 6315 65 28 l'un
4682 6315 52 28 des
4748 6317 119 28 favoris
4883 6318 43 27 du
4935 6317 117 35 Derby,

4281 6352 51 27 n'a
4346 6351 48 28 été
4421 6351 86 34 placé
4530 6359 59 27 que
4603 6352 171 31 quatrième
4787 6359 11 26 ;
4811 6353 22 26 il
4852 6359 19 20 a
4897 6353 156 34 remporté

4281 6386 122 31 ensuite
4415 6385 45 28 les
4469 6385 291 30 GlearwaliStakes.
4772 6386 83 28 Lord
4878 6386 177 35 Fahnouth,

4285 6429 58 20 son
4358 6422 210 35 propriétaire,
4584 6425 97 32 ayant
4701 6423 61 27 mis
4778 6423 19 27 à
4824 6423 162 27 exécution
5000 6430 56 20 son

4283 6457 99 35 projet
4397 6457 35 30 de
4448 6464 32 20 se
4495 6457 107 27 retirer
4617 6457 41 28 du
4671 6457 76 34 turf,
4762 6459 70 26 tous
4848 6465 48 19 ses
4911 6457 143 28 chevaux

4284 6489 281 32 étl'entraînement
4579 6495 56 26 ont
4662 6494 46 27 été
4722 6491 122 30 vendus
4872 6493 91 28 lundi
4991 6493 50 28 der-

4284 6528 67 27 nier
4368 6528 78 30 dans
4459 6528 46 27 les
4537 6528 157 34 paddocks
4704 6527 37 28 de.
4752 6527 137 28 Mathew
4898 6529 137 27 Dawson
5046 6535 8 26 ;

4284 6562 170 32 Harvester
4474 6569 18 20 a
4506 6561 46 30 été
4567 6563 106 28 acheté
4688 6561 118 37 225,750
4819 6563 105 28 francs
4943 6570 56 28 par
5013 6563 44 28 sir

4285 6598 28 30 J.
4331 6598 215 35 Willoughby.
4564 6598 1 35 .
4603 6598 2 35 .
4670 6598 4 35 .

4324 6633 71 28 Scot
4409 6632 86 37 Freo,
4604 6633 177 35 Macgreger
4809 6634 31 26 et
4869 6633 155 35 Gelibacy,
5040 6641 19 20 a

4291 6676 98 21 couru
4402 6670 74 27 trois
4492 6670 60 28 fois
4565 6669 19 27 à
4598 6670 83 31 deux
4702 6677 58 20 ans
4774 6670 32 28 et
4818 6669 51 28 n'a
4885 6671 98 34 gagné

4286 6704 30 27 le
4331 6704 129 37 Sapling
4473 6705 98 34 Plate,
4581 6704 125 28 battant
4721 6705 91 27 d'une
4839 6705 143 27 encolure
4997 6705 46 26 Sis-

4284 6742 46 26 ter
4344 6742 32 26 to
4391 6738 148 34 Adelaide
4548 6739 69 28 colt.
4635 6739 66 28 Elle
4715 6741 86 28 vient
4826 6739 38 28 de
4889 6741 170 33 remporter

4279 6775 52 28 les
4345 6775 119 28 Craven
4494 6775 110 28 Stakes
4630 6775 94 35 (1,600
4742 6776 67 33 m.),
4837 6775 85 28 Loch
4941 6774 116 35 Ranza,

4285 6810 123 34 second,
4423 6810 18 27 à
4455 6810 77 28 trois
4545 6810 170 34 longueurs
4734 6811 30 28 et
4792 6810 170 28 Doncaster
4975 6810 78 35 Cup,

4286 6844 152 33 troisième
4449 6854 11 27 ;
4474 6846 71 28 c'est
4558 6846 20 27 à
4604 6846 31 28 la
4650 6847 78 27 suite
4757 6846 139 28 de'cette
4922 6846 129 30 victoire

4289 6881 109 35 qu'elle
4413 6886 46 24 est
4474 6881 137 30 devenue
4624 6881 150 38 première
4787 6881 141 32 favorite.

2082 69 67 38 LE
2178 67 244 40 GAULOIS.
2524 69 280 40 MERCREDI
2835 71 52 39 30
2922 71 112 41 Avril
3079 70 102 40 ÎBB4

4957 67 26 41 3

3614 4835 206 28 TOILETTES
3846 4837 24 25 D
3885 4834 159 27 HOMMES

3448 4899 183 27 CHEMISES
3652 4899 48 25 DE
3722 4898 107 31 LUXE,
3852 4897 183 26 ARTICLES
4051 4897 165 26 ANGLAIS

3448 4930 259 28 Creutzer-Valois,
3720 4930 32 26 L.
3768 4930 122 31 Regard,
3905 4937 13 17 s
3919 4935 9 9 r
3931 4948 6 11 ,
3948 4930 39 27 51,
4002 4936 51 18 rue
4070 4929 144 25 Vivienne.

3582 4987 299 27 PHOTOGRAPHIE
3906 4985 50 26 DE
3979 4985 103 26 LUXK

3448 5054 73 25 BEN
3524 5053 76 27 QUE
3612 5052 45 25 ET
3731 5050 39 27 33.
3785 5056 51 18 rue
3850 5048 266 31 Boissy-d'Anglas.

3449 5107 270 35 PORCELAINES,
3749 5098 181 34 FAÏENCES
3956 5106 47 26 ET
4029 5106 190 25 CRISTAUX

3449 5172 124 61 HENRI
3588 5171 144 30 BEZIAT,
3748 5171 40 32 54,
3803 5177 51 18 rue
3866 5170 34 25 de
3914 5169 130 26 Paradis.
4109 5169 111 26 Maison

3498 5203 125 34 spéciale
3638 5209 73 26 pour
3731 5202 43 25 les
3795 5200 123 26 services
3932 5200 34 24 de
3979 5200 77 25 table
4068 5206 34 18 en
4116 5205 84 27 porce-

3449 5237 76 25 laine
3540 5237 27 22 et
3581 5241 33 19 en
3627 5236 72 22 terre
3710 5232 34 26 de
3759 5232 41 26 fer
3813 5239 69 18 avec
3889 5231 115 26 chiffres
4013 5237 37 19 ou
4061 5230 157 28 armoiries.

3748 5288 178 27 BRONZES;

3471 5354 180 60 ÎARTINET
3665 5354 97 24 frères.
3787 5353 125 24 Bronzes
3932 5350 72 25 d'art
4018 5350 28 25 et
4059 5355 65 26 gaz.
4149 5349 53 25 Sus-

3489 5386 139 31 pensions,
3635 5385 162 31 garnitures
3803 5383 33 24 de
3842 5381 209 30 chetninées,7l,
4057 5387 24 19 r.
4090 5380 129 26 Chariot.

3540 5439 6 5 •
3607 5439 155 28 HOÏELS'
3777 5431 287 40 RECOMMANDÉ^

3452 5502 541 28 VERSAILLES.—HôteI-Restaurant
3999 5500 50 25 des
4054 5499 167 26 Réservoir»

3751 5557 165 27 HYGIENE

3454 5628 30 26 P'
3501 5628 165 27 MAIORItt.
3681 5623 85 24 t'Jßau
3783 5624 50 22 des
3846 5621 154 28 Brahmss,
4010 5621 40 28 £O,
4068 5627 24 19 r,
4101 5621 64 28 Roy
4167 5620 53 25 sS.it.

3438 5687 19 13 N
3592 5680 155 26 VOYAGE
3771 5680 47 25 ET
3843 5678 234 27 CAMPEMENT

3451 5745 137 61 BAZAR
3607 5745 52 25 DU
3679 5743 163 30 VOYAGE,
3865 5743 24 28 S,
3905 5743 81 31 place
4002 5741 35 25 de
4051 5740 125 32 l'Opéra.

3503 5776 111 32 Malles,
3627 5774 175 26 nécessaires
3816 5776 28 21 et
3857 5773 183 24 couvertures
4054 5771 37 26 de
4104 5778 117 26 voyag».

3451 5807 104 26 Tante®
3568 5809 28 25 et
3609 5805 126 27 meublas
3759 5804 38 35 &%
3814 5803 105 33 jardin,
3940 5804 193 32 campements
4149 5805 72 28 pou?

3454 5839 207 30 explorateurs.

3547 5947 122 37 OFFRES
3693 5946 37 35 ET
3752 5943 175 37 QEESÂMDES
3951 5941 180 38 D'EBPLOiS

3488 6056 27 26 N
3539 6054 79 27 BON
3638 6052 235 27 COMPTABLE,
3894 6051 76 33 disp.
3991 6051 35 25 de
4049 6057 46 18 ses
4109 6048 115 32 soirées,

3501 6087 72 24 dem.
3589 6089 85 21 tenue
3687 6086 34 24 de
3736 6084 98 25 livres.
3853 6083 90 26 S'adr.
3959 6083 30 27 L-
4000 6081 44 28 P.,
4055 6079 169 33 au.journal.

3456 6132 58 32 fTN
3530 6130 136 26 HOMME
3679 6130 123 28 séiieux,
3817 6129 31 22 42
3863 6135 61 24 ans,
3939 6126 98 30 marié,
4055 6125 170 25 excellentes

3458 6152 26 40 U
3501 6163 168 28 références,
3691 6161 30 24 15
3736 6167 52 18 ans
3801 6159 91 24 même
3906 6157 118 31 maison,
4039 6156 185 26 connaissant

3456 6191 202 34 comptabilité,
3673 6191 92 24 caisse
3780 6191 28 24 et
3821 6189 252 32 correspondance,
4089 6187 137 26 demande

3456 6223 115 31 emploi-
3634 6221 96 26 Ecrire
3745 6221 35 26 G.
3800 6221 48 27 P.,
3865 6228 35 17 au
3918 6219 133 25 Gaulois.

3456 6269 58 32 fIN
3530 6267 76 26 BON
3624 6266 163 30 COCHER,
3810 6266 31 24 52
3856 6272 63 25 ans,
3933 6266 28 21 et
3976 6270 33 17 sa
4023 6263 99 24 femme
4137 6260 87 26 cuisi-

3458 6289 27 40 U
3502 6299 86 31 niàre,
3601 6299 31 25 30
3645 6305 61 22 ans,
3723 6295 170 30 excellentes
3919 6293 168 30 références,
4109 6293 98 25 deman-

3456 6332 67 24 dent
3536 6330 81 31 place
3632 6335 56 18 aux
3704 6326 130 26 environs
3849 6326 35 26 de
3900 6325 93 30 Paris,
4012 6324 99 26 Ecrire
4123 6324 37 25 D.
4176 6324 48 28 13.,

3456 6363 109 25 bureau
3580 6358 169 27 Madeleine.

3457 6399 58 39 jnN
3541 6404 207 28 JARDINIER,
3769 6404 31 24 45
3821 6409 63 24 ans,
3901 6400 58 25 très
3974 6400 99 31 expert
4088 6405 33 19 en
4136 6397 90 26 horti-

3462 6428 25 39 U
3506 6436 109 26 culture
3630 6438 28 21 et
3670 6433 217 30 arboriculture,
3900 6430 177 26 dessinateur
4098 6430 34 25 de
4148 6436 78 25 parc,

3458 6468 136 27 demande
3608 6465 105 32 emploi
3736 6464 70 25 dans
3831 6463 105 32 grande
3958 6461 155 34 propriété.
4130 6459 98 26 Ecrire

3458 6500 37 26 B.
3515 6498 50 31 P.,
3579 6500 83 30 poste
3673 6495 168 33 d'Etigaien.

3459 6543 58 31 ÏIN
3534 6541 197 32 CUISINIER,
3754 6541 31 24 30
3801 6547 60 22 ans,
3886 6540 58 22 très
3958 6534 206 32 recommandé,
4180 6535 47 25 de-

3463 6563 26 41 U
3507 6574 99 26 mande
3620 6573 94 32 place.
3774 6570 98 25 Ecrire
3885 6569 38 25 N.
3940 6568 51 31 P.,
4004 6574 35 19 au
4051 6567 129 33 journal.

3461 6611 59 40 îjN
3531 6618 120 25 VALET
3669 6617 48 25 DE
3730 6615 97 30 PIED,
3848 6614 31 25 21
3900 6620 63 24 ans,
3984 6613 57 26 très
4061 6611 168 31 intelligent,

3463 6643 26 37 U
3508 6650 71 25 bons
3594 6647 162 30 certificats,
3771 6646 92 25 désire
3878 6645 93 33 place.
4029 6644 98 25 Ecrire
4139 6643 34 22 B.
4183 6643 45 30 R,,

3459 6681 57 30 106,
3531 6686 50 19 rue
3593 6678 187 27 Miromesnil.
4134 6678 1 33 :

3462 6723 84 35 f'NE
3573 6723 132 27 FEMME
3733 6722 51 26 DE
3821 6718 190 32 CHAMBRE,
4049 6717 181 27 connaissant

3465 6746 26 39 U
3509 6756 77 32 linge
3600 6757 28 22 et
3641 6761 163 25 repassage,
3820 6751 137 26 demande
3971 6754 92 28 place.
4076 6750 71 25 Très
4159 6749 71 26 bons

3464 6787 164 26 certificats.
3691 6784 97 26 Ecrire
3801 6783 38 25 N.
3857 6783 48 30 R.,
3920 6789 38 19 au
3971 6781 132 26 Gaulois.

3464 6831 57 33 |IN
3549 6828 235 31 COMPTABLE,
3804 6828 59 26 très
3889 6828 107 31 expert,
4013 6824 92 25 désire
4126 6823 104 25 donner

3468 6853 25 40 U
3509 6868 47 19 ses
3570 6860 105 26 soirées
3689 6863 18 22 à
3720 6863 84 22 tenue
3819 6860 34 25 de
3868 6857 97 27 livres.
4029 6854 97 27 Ecrire
4139 6854 32 27 L.
4186 6854 44 31 G.,

3463 6900 38 19 au
3522 6892 135 27 Gaulois,

4271 1748 32 40 Le
4310 1748 176 40 B3r«Jtf3i
4494 1750 51 38 E£s
4552 1750 45 33 ET
4605 1753 111 35 BST
4720 1748 110 30 UI,RÉAT
4837 1755 28 22 DE
4873 1752 161 28 L'UNIVERSITÉ

4271 1773 91 39 ~T*
4370 1770 116 41 MV
4493 1781 52 19 «
4605 1770 51 31 RS
4680 1783 18 19 H
4753 1781 13 20 2
4780 1781 109 22 Médailles
4902 1782 100 26 d'Argent

4271 1805 17 17 t.
4292 1800 294 28 Labruyère,B,Paris,guérit
4597 1808 61 18 sans
4668 1805 105 27 retour,-
4787 1808 35 20 la
4832 1809 117 18 MAHi
4957 1811 76 22 iirtl

4271 1831 46 21 par
4330 1832 50 18 son
4394 1826 187 31 Vépuratif
4591 1828 126 31 végétal
4730 1821 302 40 auUMlSUnAfv&jI

4271 1854 104 24 Maladies
4384 1857 150 24 contagieuses
4540 1859 22 20 et
4570 1859 27 20 de
4603 1859 20 21 la
4633 1859 65 21 Peau.
4707 1870 8 5 -
4721 1859 156 26 Correspondance.
4885 1872 8 5 -
4902 1860 57 25 KotiCD
4964 1863 69 22 Iraaso.

4270 1878 275 30 T.entB:E.Ï,AUBENT,!
4545 1878 4 37 l
4689 1885 126 26 Gaillard,
4819 1887 85 27 Paris,
4906 1889 126 22 etf'Pliara,

4277 1963 330 46 CONSTIPATION

4636 1968 102 19 atTMRIS
4753 1969 65 20 SAHM
4832 1970 109 20 XITOVM
4956 1974 54 20 PASL

4613 1989 85 20 Soarco
4703 1991 109 19 GUBL23I
4825 1993 207 22 CHATEb-OOTO?

4299 2060 131 54 Fabrique
4449 2065 28 41 et
4492 2063 100 43 Grands
4607 2065 130 54 Magasins
4754 2067 243 45 d'Ameublements

4265 2187 255 103 MAISON
4584 2190 77 104 L.
4733 2194 300 107 SIMON

4316 2319 19 37 1
4374 2323 35 33 et
4447 2321 46 46 3,
4540 2319 110 41 RUE
4690 2324 70 37 DE

4410 2446 481 72 AVIS

4303 2554 57 28 La
4395 2554 156 31 Maison
4591 2557 46 28 L.
4671 2558 156 28 SIMON
4872 2568 161 31 engage

4266 2597 63 28 les
4363 2606 228 28 personnes
4625 2603 71 35 qui
4709 2611 7 7 '
4728 2604 193 30 auraient
4961 2607 72 28 des

4266 2644 259 27 commandes
4532 2646 32 27 â
4577 2646 60 28 lui
4646 2646 195 31 adresser
4856 2657 103 26 pour
4972 2650 61 27 les

4266 2687 105 28 mois
4391 2687 159 30 d'Avril
4569 2691 41 28 et
4635 2691 97 35 Mai,
4754 2691 48 30 dé
4819 2692 96 31 bien
4935 2701 74 22 vou-

4266 2730 80 30 loir
4361 2733 267 30 transmettre
4649 2735 113 27 leurs
4775 2737 145 30 ordres
4936 2746 99 20 sans

4266 2776 156 35 retard,
4441 2777 26 28 à
4491 2778 113 30 seule
4623 2779 54 28 lin
4707 2772 77 44 ijue
4809 2781 64 27 les
4892 2783 142 28 envois

4267 2820 188 35 puissent
4474 2822 87 28 être
4578 2823 104 28 faits
4697 2824 122 30 d'une
4832 2826 122 38 façon
4975 2828 40 27 ré-

4267 2864 168 37 gulière,
4453 2864 131 31 vu'les
4596 2868 263 30 nombreuses
4871 2870 136 30 deman-

4267 2909 73 30 des
4368 2910 70 35 qui
4463 2910 56 28 lui
4550 2913 93 27 sont
4669 2913 219 30 adressées
4917 2914 72 31 dès
5009 2916 25 27 à

4266 2953 180 37 présent.
4483 2946 6 21 !
4502 2953 18 12 *
4535 2947 34 19 *•*'
4580 2947 50 25 **'•
4706 2949 6 12 '
4740 2957 6 11 •
4759 2957 67 17 '*"*■
4832 2957 73 20 *.«*•-

4263 2991 31 13 :,f
4303 2985 20 17 H
4344 2989 17 19 y
4456 2989 6 8 '■
4482 2985 2 24 ,

4302 3030 45 28 La
4361 3030 159 28 Maison
4539 3031 45 28 La.
4606 3032 155 30 SMMOSi
4787 3033 137 37 rappelle
4954 3035 18 27 à
5000 3043 34 20 sa

4266 3069 148 30 Clientèle
4426 3071 97 35 qu'un
4538 3071 105 30 atelier
4669 3073 115 34 spécial
4807 3074 38 27 de
4858 3076 176 34 Tapisserie

4267 3111 31 27 et
4317 3107 239 39 d'Ebénisterie/
4573 3111 77 28 dans
4677 3112 103 37 lequel
4806 3120 32 20 se
4858 3115 111 27 trouve
4989 3122 41 21 un

4267 3149 128 28 nombre
4409 3150 144 30 suffisant
4567 3151 180 35 d'ouvriers,
4773 3155 117 35 permqj.
4905 3154 37 28 do
4956 3154 78 30 faire

4266 3188 32 28 la
4310 3189 74 28 ville
4398 3191 30 27 et
4442 3190 45 28 les
4501 3198 146 28 voyages,
4663 3193 61 27 soit
4746 3200 39 21 en
4799 3193 128 37 France,
4942 3194 60 28 soit
5019 3194 21 27 à'

4266 3228 175 37 l'étranger,
4481 3237 79 28 pour
4594 3231 216 38 l'installation
4843 3233 171 30 d'Ameuble-

4269 3270 112 33 ments,
4395 3267 151 38 Rideaux,
4561 3270 150 30 Tentures
4733 3274 28 26 et
4774 3272 106 37 Tapis.
4903 3289 7 5 -

4304 3384 128 30 Envoi
4478 3386 146 28 franco
4669 3387 72 27 des
4788 3389 247 37 Catalogues

4269 3428 358 38 d'Ameublement,
4651 3431 217 35 .Tentures,
4891 3432 119 35 Tapis-

4269 3471 122 35 serie,
4400 3472 161 37 Literie,
4571 3474 223 34 Miroiterie
4806 3477 41 26 et
4858 3476 178 28 Bronzes

4269 3516 27 28 à
4655 3516 69 38 qui
4737 3527 50 20 en
4807 3519 81 30 fait
4907 3520 43 28 la
4969 3520 44 30 de-

4269 3561 158 27 mande.

4270 3647 50 32 La
4333 3650 137 32 Maison
4485 3650 57 32 n'a
4548 3658 67 31 pas
4626 3653 40 30 de
4678 3656 197 28 succursale
4886 3653 21 31 à
4917 3654 118 34 Paris,

4369 3692 38 30 ni
4420 3697 44 25 en
4476 3693 174 37 province,
4663 3694 37 28 ni
4714 3691 21 32 à
4750 3692 188 41 l'étranger

4271 3762 63 44 Bien
4357 3763 128 44 observer
4509 3764 26 41 le
4553 3775 59 32 nom
4637 3767 31 41 L.
4687 3767 94 43 SIMOS
4806 3768 83 41 avant
4911 3767 124 41 d'entrer

4496 3839 118 30 SEULE
4642 3833 145 33 ENTRÉE
4805 3846 8 20 :

4344 3893 44 48 3,
4419 3893 122 40 RUE
4571 3895 79 39 DE
4678 3895 228 50 RIVOLI,
4939 3898 27 38 3

4332 3965 38 12 ~f
4426 3943 2 34 '
4586 3944 13 14 '''
4760 3945 20 31 Z
4946 3943 24 21 I'
