5402 7328
273 219 172 43 jouïd'hni
470 219 92 33 l'état
599 216 132 44 général
765 217 53 32 est
846 215 152 33 meilleur
1012 214 33 33 et

276 260 110 35 même
398 260 78 33 bon.

754 309 13 17 »
783 296 129 34 DANET.
932 308 12 17 J

319 406 54 32 Un
389 413 83 32 coup
491 404 93 33 aussi
609 402 250 43 épouvantable,
875 409 64 32 que
974 406 73 25 sou-
1068 399 1 46 |

278 445 80 32 dam
386 446 94 31 vient
513 445 39 31 de
587 444 133 39 frapper
739 442 44 31 M.
800 441 85 32 Paul
899 439 103 32 Féval
1017 439 33 31 et

280 493 56 25 ses
351 485 144 32 enfants.
511 485 50 31 La
582 485 171 30 meilleure
769 482 58 31 des
843 481 152 38 femmes,
1017 480 34 31 la

278 526 175 32 meilleure
467 524 183 33 des'mères
666 524 91 31 vient
772 522 40 31 de
827 522 73 31 leur
915 521 70 31 être
996 527 37 24 en-

279 566 93 32 levée
387 574 40 22 en
443 568 117 37 quatre
572 563 109 40 jours,
697 570 59 32 par
771 570 65 24 une
852 560 131 39 angine.

322 605 89 32 Mme
426 606 84 30 Paul
524 604 115 39 Féval,
663 596 67 39 fille
754 601 46 32 du
823 602 135 30 docteur
967 631 8 12 ,
991 598 40 32 Pé-

282 646 116 40 noyée,
417 644 58 40 qui
490 654 20 20 a
523 644 103 32 laissé
643 643 106 40 parmi
774 650 54 22 ses
855 640 148 31 malades
1019 639 34 31 et

282 686 110 40 parmi
406 686 50 31 les
470 692 144 33 pauvres
628 691 66 24 une
713 681 28 31 si
767 681 86 32 belle
879 679 190 37 mémoire,.

283 725 83 32 était
391 733 118 24 encore
533 725 85 30 dans
647 723 39 31 -la
710 722 90 32 force
814 722 40 31 de
868 720 94 39 l'âge.
979 717 74 33 Elle

285 767 81 30 était
379 765 34 31 la
428 764 203 31 Providence
645 763 58 31 des
718 762 102 31 siens.
839 761 59 32 Ses
911 759 73 32 huit
999 767 35 22 en-

285 806 104 37 fants,
405 806 117 39 quatre
536 804 54 31 fils
618 804 33 30 et
674 804 118 38 quatre
816 801 89 31 filles
974 798 79 31 dont

285 846 87 31 deux
406 844 79 32 sont
507 844 133 32 entrées
674 850 41 24 eu
748 841 138 40 religion
905 850 8 27 ;
993 846 60 24 son

285 886 99 37 mari,
409 885 30 31 si
470 883 185 39 justement
689 881 141 37 célèbre,
855 880 30 30 si
911 878 98 37 aimé,
1025 878 31 31 si

287 924 159 41 respecté,
463 924 31 32 si
508 922 146 33 chrétien
665 924 33 31 et
711 921 27 31 si
754 919 154 41 éprouvé,
917 918 139 40 perdent

286 973 44 22 en
344 965 63 32 elle
420 965 73 30 leur
513 964 109 31 forçai
631 964 33 30 et
685 963 73 31 leur
793 959 228 33 consolation..
1028 956 28 32 Il

286 1004 58 39 n'y
360 1013 19 21 a
392 1012 61 32 pas
468 1004 40 31 de
522 1003 133 40 pai'oles
667 1010 84 31 pour
767 1000 122 32 rendre
912 999 48 31 lea
984 1005 60 22 sen

287 1044 219 35 timents.que
520 1051 86 22 nous
622 1042 125 39 inspire
763 1041 31 32 le
808 1039 91 33 deuil
914 1037 142 33 soudain

285 1084 41 33 de
340 1085 85 32 cette
438 1083 138 33 famille.

326 1124 69 32 Les
409 1124 195 32 funérailles
618 1122 41 31 de
673 1122 91 31 Mme
778 1120 84 31 Paul
885 1119 103 32 Féval
1009 1124 33 22 se-

287 1169 78 27 ront
389 1163 165 33 célébrées
583 1161 224 39 aujourd'hui,
824 1160 20 31 à
872 1160 85 31 midi
985 1156 71 32 très

283 1205 149 38 précis,e
435 1213 21 21 n
467 1204 128 39 l'église
608 1200 224 34 Notre-Dame
848 1198 41 32 de
904 1198 142 40 Glignan

288 1248 109 28 court.
422 1244 52 31 Ou
503 1252 37 22 se
565 1239 137 35 réunira
716 1241 19 30 à
749 1240 34 31 la
810 1239 132 32 maison
971 1245 65 24 mor-

288 1285 120 37 tuaire,
425 1284 70 37 129,
513 1292 59 22 rue
585 1281 180 32 Marcadet.

328 1324 66 32 Les
409 1330 182 34 personnes
607 1323 58 38 qui
679 1320 185 31 n'auraient
894 1326 61 31 pas
980 1324 79 30 rrçu

288 1365 41 31 de
344 1365 98 31 lettre
468 1363 41 32 de
523 1363 83 31 faire
622 1362 73 39 part
715 1361 77 31 sont
806 1358 109 40 priées
930 1358 40 31 de
984 1365 57 22 con-

289 1404 126 33 sidérer
430 1403 31 31 le
472 1398 136 45 présent
628 1401 72 31 avis
722 1407 129 25 comme
878 1398 124 31 devant
1017 1404 41 24 en

288 1444 89 33 tenir
392 1444 80 32 lieu.

327 1535 96 32 Nous
438 1534 178 40 rappelons
628 1539 64 32 que
706 1530 31 32 le
761 1528 128 33 service
917 1525 142 33 funèbre

287 1574 43 33 de
338 1574 90 33 Mme
441 1574 219 34 la'princesse
683 1571 41 30 de
738 1569 164 39 Wagram
918 1574 76 25 sera
1009 1566 33 31 cé-

286 1615 93 32 lébré
411 1623 41 22 en
485 1613 126 40 l'église
640 1612 40 31 de
694 1607 242 43 Boissy-Saiat-
944 1606 113 40 Léger,

282 1655 107 40 jeudi,
406 1655 18 31 à
438 1654 94 32 midi.

327 1695 66 32 Les
409 1695 112 31 billets
546 1693 40 32 de
605 1690 174 40 faire-part
806 1689 77 31 sont
904 1685 155 33 adressés

287 1743 69 22 aux
383 1742 98 24 noms
510 1734 45 31 du
579 1731 115 40 prince
715 1728 189 33 Alexandre
922 1727 40 32 de
977 1726 56 32 Wa-

286 1783 109 31 gram,
409 1775 41 31 de
463 1773 33 33 S.
513 1770 40 34 À.
570 1773 32 31 le
617 1772 112 39 prince
741 1769 124 37 Murât,
881 1768 45 30 du
947 1767 109 31 comte

286 1817 41 30 de
346 1817 157 34 Turenne
531 1811 162 44 d'Âynac,
723 1809 46 32 du
798 1809 112 39 prince
941 1806 128 31 Louis-,

285 1854 191 33 Alexandre
490 1854 41 31 de
543 1851 177 40 Wagram,
735 1848 41 33 de
789 1848 33 33 S.
839 1848 40 31 A.
895 1847 32 31 le
943 1846 115 40 prince

285 1894 156 32 Joaebim
454 1893 124 37 Murât,
593 1891 45 31 du
667 1894 107 27 comte
800 1889 113 39 Clary,
937 1887 45 31 du
1009 1894 33 22 vi-

285 1936 109 31 comte
413 1933 112 39 Giai'y,
543 1932 44 31 du
617 1933 107 28 comte
752 1926 219 40 d'Hautpoul,
1002 1933 56 24 ses

286 1975 67 38 fils,
383 1972 152 43 gendres,
552 1971 102 40 petits
669 1971 66 37 fils,
758 1969 106 31 frères
893 1970 32 28 et
953 1967 113 32 beau-'

285 2014 99 33 frère.
855 2048 6 6 .
947 2046 21 11 „
994 2044 6 7 .
1031 2044 6 6 .

326 2055 53 32 On
396 2062 34 24 se
443 2053 135 32 réunira
588 2050 19 33 à
617 2050 125 40 l'église
748 2049 40 31 de
802 2046 253 41 Boissy-Saint-

285 2094 118 41 Léger,
419 2095 43 31 où
474 2101 46 24 un
549 2091 89 33 train
663 2089 124 45 spécial
814 2087 162 33 conduira
1006 2085 48 32 les

285 2135 137 32 invités.

325 2173 125 41 Départ
461 2172 39 33 de
515 2173 33 31 la
562 2179 77 33 gare
654 2171 41 32 de
710 2169 202 37 Yincennes,
930 2167 19 30 à
973 2173 83 24 onze

285 2215 123 32 heures
423 2213 157 40 précises.

326 2255 52 31 Un
402 2254 90 32 train
513 2251 165 41 repartira
692 2249 40 32 de
745 2249 124 40 Boissy
885 2246 151 32 Saint-Lé-

283 2302 58 31 ger
357 2295 19 31 à
392 2294 87 31 deux
493 2293 123 32 heures
626 2293 33 31 et
673 2290 119 32 demie.

324 2407 50 32 La
389 2405 163 41 première
578 2402 139 40 journée
743 2401 40 32 de
798 2401 34 32 la
861 2400 98 32 vente
973 2398 81 32 faite

283 2454 43 25 au
341 2446 102 39 profit
455 2446 59 31 des
528 2443 174 45 orphelins
719 2441 40 32 de
787 2441 150 31 l'Œuvre
952 2439 81 31 d'Au-

283 2487 83 31 teuil
380 2496 19 22 a
426 2485 51 33 été
504 2485 111 32 bonne
644 2485 32 28 et
697 2481 32 31 le
756 2479 223 33 dévouement
993 2478 60 31 des

282 2526 187 31 vendeuses
485 2535 19 21 a
514 2525 125 31 obtenu
653 2531 38 22 sa
704 2520 227 40 récompense.
947 2519 85 31 Beau-

283 2575 84 31 coup
380 2567 40 31 de
446 2564 120 32 monde
596 2564 120 30 autour
741 2562 58 30 des
826 2559 180 39 boutiques
1020 2558 33 32 et

283 2606 171 39 beaucoup
469 2604 163 31 d'achats.

326 2646 87 32 C'est
430 2642 213 41 aujourd'hui
657 2642 33 33 la
705 2641 143 32 seconde
860 2639 152 38 journée.
1024 2636 30 32 Il

281 2686 74 32 faut
370 2685 119 41 qu'elle
503 2693 41 22 ne
566 2682 67 32 soit
646 2691 61 32 pas
732 2681 111 32 moins
860 2680 193 31 fructueuse

283 2734 65 32 que
363 2726 33 31 la
416 2725 174 40 première.
621 2722 96 32 Nous
738 2719 280 33 recommandons
1035 2718 18 30 à

283 2774 63 24 nos
360 2766 144 31 lecteurs
520 2765 32 30 et
566 2763 151 31 lectrices
743 2770 66 22 une
830 2759 102 33 visite
958 2766 41 24 au
1013 2758 41 32 84

283 2806 41 31 de
359 2805 33 32 la
420 2812 60 24 rue
508 2804 40 31 de
586 2798 464 37 Grenellè-Saint-Germain,

283 2844 203 33 transformé
509 2851 40 25 en
574 2851 46 22 un
651 2842 130 39 élégant
807 2839 100 31 bazar
920 2838 43 32 de
978 2838 57 32 cha-

283 2885 76 32 rité.

326 2975 84 32 Très
424 2974 157 32 brillante
596 2973 33 31 et
650 2972 70 32 très
731 2969 202 32 nombreuse
952 2967 86 32 assis-

283 3017 109 37 tance,
418 3014 86 37 hier,
522 3014 18 31 à
554 3012 96 37 midi,
666 3012 20 32 à
716 3007 269 39 Saint-Philippe
1007 3007 46 32 du

285 3054 120 38 Roule,
418 3061 84 32 pour
517 3053 31 32 le
562 3053 149 39 mariage
726 3051 40 30 de
782 3050 45 31 M.
843 3048 43 32 G.
901 3047 129 32 deGran-

285 3104 73 31 cey,
387 3093 164 39 capitaine
580 3090 222 39 d'état-major
831 3098 43 22 au
900 3087 52 32 29°
967 3086 71 40 régi-

285 3136 93 32 ment
392 3132 204 38 d'artilleide,
620 3139 78 25 avec
719 3131 78 31 Mlle
814 3130 125 31 Jeanne
956 3128 99 39 Sapia

285 3175 41 31 de
337 3174 136 32 Lencia.

325 3214 112 33 Avant
463 3213 41 32 de
533 3213 126 31 donner
678 3211 34 31 la
738 3208 214 34 bénédiction
967 3216 66 30 nup-

286 3255 92 38 tiale,
398 3254 45 32 M.
459 3253 107 32 l'abbé
594 3250 167 37 Cathelin,
776 3248 163 33 chanoine
953 3248 81 31 hono-

285 3294 90 33 raire
389 3295 33 31 et
436 3294 78 31 curé
528 3293 41 32 de
591 3289 265 39 Saint-Philippe
872 3288 46 32 du
932 3287 120 39 Roule,

287 3344 19 22 a
319 3333 168 41 prononcé
498 3340 66 25 une
579 3332 180 31 touchante
769 3327 194 33 allocution.

328 3373 155 32 Pendant
496 3372 32 33 la
556 3379 123 28 messe,
694 3371 34 31 la
756 3367 154 33 maîtrise
926 3376 19 24 a
956 3366 83 34 iater-

286 3413 94 41 prétô
407 3412 50 32 l'O
477 3420 58 24 res
560 3412 185 34 mirabilis,
762 3410 40 31 de
815 3407 144 38 Dubois,
974 3413 80 25 avec

287 3452 314 43 accompagnement
614 3451 40 32 de
677 3451 116 38 harpe,
808 3446 196 34 violoncelle
1020 3446 32 31 et

287 3502 122 32 orgue;
437 3494 48 30 l'O
509 3491 180 37 salutaris,
704 3490 41 30 de
774 3490 43 31 Le
822 3496 118 30 sueur;
957 3488 21 31 Y
980 3488 74 30 Ave

287 3535 131 37 Maria,
445 3531 41 33 de
509 3529 252 39 Mendelssohn,
776 3530 33 31 et
836 3528 31 33 le
887 3527 167 37 Laudate,

274 3572 169 32 •'d'Adam.

328 3613 69 32 Ont
411 3612 94 40 signé
533 3619 129 26 comme
674 3608 148 34 témoins
842 3607 45 32 du
901 3606 118 38 marié,
1036 3607 20 30 à

287 3653 34 32 la
350 3653 152 32 sacristie
515 3661 7 22 :
552 3651 81 33 MM.
648 3651 31 32 Je
704 3648 135 40 général
863 3647 109 32 comte
986 3646 70 31 Des

287 3692 81 33 Plas
384 3698 33 27 et
430 3692 32 32 le
475 3692 144 32 vicomte
633 3691 40 32 de
689 3689 155 37 Couëdie,
854 3686 118 32 ancien
985 3685 57 32 offi-

287 3732 91 38 cier;
406 3736 33 28 et
450 3741 85 31 pour
561 3731 34 32 la
609 3731 143 31 mariée:
782 3728 80 32 MM.
878 3726 32 31 le
921 3725 135 40 général

289 3771 194 38 Casîeloau,
507 3771 117 32 ancien
640 3770 74 32 aide
729 3769 40 31 de
790 3775 96 32 camp
901 3767 43 31 de
959 3765 32 32 S.
1007 3764 45 32 M.

287 3811 175 41 Napoléon
475 3811 60 35 111,
548 3814 32 28 et
594 3809 174 40 Alphonse
781 3808 151 35 Gautier,
939 3804 117 32 ancien

287 3852 178 33 conseiller
477 3852 124 32 d'Etat.

327 3893 156 32 Pendant
521 3893 32 30 le
580 3888 109 39 défilé,
718 3888 58 40 qui
802 3888 53 31 n'a
883 3894 61 32 pas
973 3883 83 33 duré

287 3932 112 32 moins
411 3932 98 31 d'une
522 3932 210 37 heure,nous
749 3934 103 25 avons
862 3925 191 40 remarqué:

287 3972 80 32 MM.
385 3972 30 32 le
430 3971 132 39 général
591 3972 107 30 comte
723 3967 138 39 Fleury,
888 3964 167 41 Hyrvoix,

286 4012 106 32 baron
420 4011 156 37 Poisson,
613 4010 107 31 comte
755 4010 33 28 et
828 4006 164 32 comtesse
1016 4005 40 31 de

287 4051 236 40 Bricqueville,
553 4048 210 43 _Abbatucci,
802 4046 106 31 baron
941 4046 33 30 et
1000 4044 38 31 ba-

287 4098 105 25 ronne
419 4090 41 32 de
507 4089 201 40 Cambourg,
749 4087 105 32 baron
888 4083 168 39 Ramond,

286 4130 106 32 baron
407 4130 40 32 de
463 4129 208 40 Soubeyran,
699 4129 109 31 comte
833 4126 168 32 Thoinuet
1016 4123 40 32 de

286 4172 34 30 la
364 4169 220 38 Turmelière,
613 4168 187 35 Chevreau,
829 4165 159 39 marquis,
1017 4163 39 32 de

286 4211 126 38 Piceuc,
448 4211 105 32 baron
576 4208 170 37 Brincart,
775 4207 109 31 comte
911 4206 41 30 de
978 4204 60 31 Bre-

286 4252 96 37 teuil,
398 4253 164 28 comtesse
575 4248 116 31 Ducos
704 4246 43 33 de
761 4246 34 32 la
815 4246 107 37 Hitte,
948 4243 45 32 M.
1024 4243 33 32 et

286 4290 91 33 Mme
387 4289 148 39 Vûhrer,
547 4287 182 35 Camondo,
756 4285 141 38 Pinard,
922 4284 135 37 Levert,

285 4331 43 31 E.
343 4330 135 40 Guyon,
506 4329 89 33 Mme
619 4328 40 32 de
672 4326 113 38 Lurcy
802 4326 33 31 et
848 4330 41 26 sa
900 4324 80 35 fille,
997 4323 40 31 ba-

286 4377 105 26 ronne
410 4370 40 31 de
463 4370 135 32 Roman
624 4369 34 30 et
683 4374 54 24 ses
860 4364 105 32 baron
980 4363 58 32 Cor-

285 4410 120 39 visart,
433 4409 85 32 Paul
543 4409 41 31 de
612 4407 202 39 Cassagnac,
842 4403 148 39 Georges
1017 4402 40 32 de

287 4449 202 40 Cassagnac,
513 4449 41 31 de
567 4447 220 35 Beauvallon,
802 4444 202 32 vicomtesse
1017 4442 41 32 de

286 4488 216 40 Boislandry,
516 4488 92 32 Mme
620 4487 41 31 de
690 4483 229 41 Jacquemain,
952 4482 106 32 baron

285 4528 41 32 de
340 4528 213 38 Farincourt,
568 4527 81 32 MM.
666 4528 34 31 et
713 4525 90 32 Mme
817 4525 46 31 H.
878 4521 178 38 Fournier,

286 4569 118 32 baron,
411 4569 41 32 de
480 4569 120 37 Vatry,
630 4566 107 33 baron
763 4566 33 30 et
821 4565 149 31 baronne
998 4561 40 31 Le-

285 4616 102 33 goux,
398 4609 40 32 de
452 4607 96 32 Saint
561 4606 144 38 Hilaire,
726 4605 76 38 etc.,
819 4605 61 31 etfc.

326 4651 31 30 A
372 4649 116 32 l'issue
502 4649 40 32 de
555 4649 35 31 la
606 4644 198 37 cérémonie,
835 4651 45 24 un
908 4641 102 33 lunch
1038 4649 19 24 a

1100 208 99 34 réuni
1211 208 52 33 les
1276 206 124 33 invités
1414 206 83 32 chez
1511 204 90 33 Mme
1615 203 100 41 Sapia
1729 203 40 33 de
1786 203 64 33 Len-

1101 250 64 31 cia.

1142 330 83 32 Hier
1247 337 19 24 a
1281 335 41 25 eu
1341 328 80 40 lieu,
1439 335 44 24 au
1508 326 185 38 Ministère,
1708 322 165 34 l'élection

1102 370 60 33 des
1176 369 168 32 membres
1359 369 47 32 du
1420 366 126 33 conseil
1563 366 174 40 supérieur
1752 365 40 33 de
1801 364 59 33 l'in-

1104 409 165 33 struction
1283 407 175 40 publique.

1120 459 6 2 ■
1144 449 66 31 Ont
1226 448 51 32 été
1291 449 85 35 élus,
1394 456 83 32 pour
1491 446 274 40 l'enseigneiheat
1780 443 77 43 supé-

1104 490 91 33 rieur
1208 498 7 20 :

1144 527 159 33 Facultés
1326 530 64 30 des-
1406 528 118 31 lettres
1541 537 9 20 :
1577 527 44 31 M.
1651 526 85 32 Paul
1765 524 110 39 Jauet,

1107 569 189 40 professeur
1312 569 19 30 à
1354 568 33 31 la
1414 568 137 30 Faculté
1580 567 41 32 de
1645 567 109 37 Paris,
1772 566 32 31 et
1830 563 46 34 M,

1107 609 117 34 Gouat,
1239 609 109 39 doyen
1363 608 40 31 de
1419 608 32 30 Ja
1479 606 138 32 Faculté
1633 607 39 30 de
1687 605 189 32 Bordeaux.

1147 648 46 32 M.
1211 648 84 31 Paul
1310 648 99 31 Janet
1436 647 81 31 était
1546 646 149 32 membre
1726 644 150 38 sortant;

1106 689 46 32 M.
1160 689 106 32 Gouat
1278 690 51 30 est
1342 696 46 22 uu
1404 686 149 32 membre
1567 694 169 24 nouveau:
1752 685 26 31 il
1791 691 64 24 rem-

1107 729 93 39 place
1222 728 44 32 M.
1289 728 136 35 Ferraz,
1446 726 40 32 de
1507 728 110 39 Lyon,
1643 726 57 40 qui
1726 724 80 33 s'est
1831 731 33 24 re-

1107 768 76 33 tiré.

1149 807 159 32 Facultés
1329 809 58 30 des
1403 809 149 28 sciences
1571 819 9 18 :
1599 806 41 32 M.
1671 806 126 32 Lacaze
1813 804 46 30 Du-

1109 849 120 35 thiers,
1246 847 191 40 professeur
1459 847 18 31 à
1491 848 33 30 la
1539 846 138 32 Faculté
1707 844 40 32 de
1770 844 115 35 Paris,'

1110 891 33 30 et
1165 888 43 32 M.
1231 888 187 39 Léspiault,
1433 886 191 40 professeur
1639 886 18 31 à
1681 885 34 32 la
1743 883 139 32 Faculté

1110 930 41 30 de
1165 928 189 34 Bordeaux,
1372 926 168 31 membre.3
1557 926 159 31 sortants.

1150 967 161 32 Facultés
1341 969 40 31 de
1395 966 188 32 .médecine
1612 977 9 18 :
1648 965 46 31 M.
1730 961 152 38 Bêclârd,

1111 1007 109 39 doyen
1237 1007 39 31 de
1291 1007 33 30 la
1337 1006 139 32 Faculté
1502 1006 40 31 de
1558 1005 109 35 Paris,
1683 1007 33 27 et
1731 1002 131 33 M.Tour-

1113 1049 72 33 des,
1196 1046 191 40 professeur
1404 1046 19 32 à
1436 1046 32 30 la
1482 1045 139 32 Faculté
1636 1045 40 31 de
1688 1044 132 38 Nancy.

1152 1087 46 32 M.
1226 1085 141 33 Béclard
1394 1088 52 31 est
1474 1084 149 32 membre
1651 1085 151 34 sortant;
1837 1081 45 35 M.

1113 1127 151 33 Tourdes
1279 1128 52 30 est
1346 1133 46 25 un
1408 1126 149 31 membre
1570 1131 174 28 nouveau;
1757 1122 24 31 il
1795 1130 67 22 rem-

1113 1168 94 40 place
1233 1167 44 31 M*.
1303 1165 201 39 Moitessier,
1522 1168 40 28 de
1583 1163 224 40 Montpellier,
1825 1161 59 40 qui

1114 1217 43 22 ne
1173 1207 79 31 s'est
1265 1214 63 32 pas
1341 1205 203 40 représenté.

1154 1246 157 32 Facultés
1328 1248 39 28 de
1382 1246 90 30 droit
1488 1256 9 19 :
1524 1244 45 32 M.
1597 1243 164 39 Beudani,
1778 1241 107 39 doyen

1113 1287 40 31 de
1167 1286 34 32 la
1221 1286 139 32 Faculté
1375 1287 39 30 de
1435 1285 110 31 Paris,
1560 1285 32 30 et
1607 1284 44 31 M.
1668 1281 151 39 Drumel,
1834 1280 34 31 dé-

1113 1326 91 40 puté.
1219 1326 193 40 professeur
1426 1325 20 31 à
1465 1325 34 31 la
1526 1323 138 32 Faculté
1694 1323 40 31 de
1762 1320 123 38 Douai,

1113 1367 168 32 membres
1300 1367 158 31 sortants.

1152 1406 161 32 Facultés
1328 1407 40 31 de
1391 1404 162 39 théologie
1571 1403 217 38 protestante
1801 1410 7 21 :
1840 1400 44 32 M.

1113 1446 270 39 Lichtenbarger,
1390 1444 109 39 doyen
1515 1444 39 32 de
1570 1444 32 31 la
1617 1442 137 32 Faculté
1768 1441 39 31 de
1824 1440 40 31 Pa-

1113 1486 59 39 ris,
1189 1485 148 33 membre
1351 1486 142 31 sortant.

1152 1526 162 31 Facultés
1335 1527 40 30 de
1402 1522 164 39 théologie
1591 1522 193 37 catholique
1798 1533 11 18 :
1840 1519 44 32 M.

1113 1565 107 33 l'abbé
1235 1564 364 40 Guinand,professeur
1615 1563 19 32 à
1648 1564 33 31 la
1695 1560 139 33 Faculté
1847 1559 38 32 de

1113 1606 110 38 Paris,
1237 1605 150 32 membre
1403 1605 161 39 sortant..

1153 1648 102 30 Ecole
1274 1644 207 39 supérieure
1514 1646 40 28 de
1591 1643 200 35 pharmacie
1804 1652 11 19 :
1839 1639 45 32 M.

1113 1685 378 40 Jacquemin,directeur
1506 1684 40 30 de
1560 1683 123 31 l'Ecole
1700 1683 39 30 de
1754 1682 131 37 Nancy,

1115 1727 60 40 qui
1189 1726 165 38 remplace
1367 1724 46 32 M.
1426 1723 135 39 Ghatin,
1576 1723 169 33 directeur
1766 1722 40 30 de
1821 1721 48 31 l'E-

1113 1765 70 32 cole
1198 1766 39 31 de
1251 1765 110 32 Paris.

1153 1846 194 39 Rappelons
1363 1846 19 31 à
1396 1853 63 22 nos
1474 1845 144 31 lecteurs
1643 1845 33 31 et
1706 1841 133 32 surtout
1866 1840 19 32 à

1111 1893 63 25 nos
1195 1885 165 40 lectrices,
1384 1884 260 32 naturellement
1658 1883 78 40 plus
1753 1881 113 31 curieu-

1113 1933 67 31 ses,
1195 1933 64 32 que
1274 1925 66 32 l'on
1356 1925 79 39 peut
1457 1932 35 24 se
1507 1931 158 33 procurer
1681 1923 59 31 des
1763 1922 122 31 billets

1110 1975 85 31 pour
1231 1967 48 31 les
1316 1965 87 32 deux
1431 1964 112 32 seules
1579 1964 137 31 séances
1739 1970 64 31 que

1111 2007 115 31 Stuart
1252 2004 237 38 Gumberlaud,
1519 2003 51 32 dit
1594 2003 31 31 le
1650 2003 100 32 devin
1774 2003 40 30 de
1852 2003 33 28 la

1106 2046 138 39 ■pensée,
1260 2044 70 32 doit
1354 2044 126 32 donner
1495 2044 31 31 le
1541 2042 18 32 l
1560 2048 25 15 6r
1599 2044 32 30 et
1646 2043 30 31 le
1693 2042 19 32 3
1728 2041 67 31 mai
1817 2041 67 31 àla

1111 2087 83 31 salle
1206 2087 102 35 Herz,
1324 2085 51 37 48,
1389 2092 59 24 rue
1463 2083 40 31 de
1519 2083 33 31 la
1567 2082 159 37 Victoire,
1759 2082 19 30 à
1806 2081 76 31 huit

1109 2127 123 31 heures
1247 2127 32 30 et
1291 2126 119 35 demie,
1428 2132 43 22 au
1483 2126 141 35 Figaro,
1655 2131 43 22 au
1727 2122 154 37 Gaulois,

1110 2166 19 32 à
1143 2166 145 39 l'agence
1298 2163 176 39 théâtrale,
1483 2164 52 37 15,
1551 2161 185 33 boulevard
1748 2161 59 32 des
1819 2160 48 32 Ita-

1109 2205 98 38 liens,
1219 2206 33 32 et
1267 2205 19 32 à
1300 2204 115 33 l'hôtel
1429 2203 224 33 Continental.

1148 2298 48 32 Le
1211 2297 167 41 paquebot
1393 2296 40 33 de
1446 2296 34 33 la
1508 2295 203 40 Compagnie
1727 2294 152 41 générale

1110 2337 282 40 transatlantique
1415 2339 83 30 Ville
1513 2337 180 35 de-Tunis,
1716 2334 165 32 construit

1108 2380 86 31 dans
1209 2380 50 30 les
1286 2378 170 32 chantiers
1489 2378 40 30 de
1556 2375 33 32 la
1848 2375 33 31 et

1108 2419 131 32 destiné
1253 2427 66 22 aux
1335 2417 146 33 services
1511 2418 145 38 postaux
1671 2414 41 33 de
1728 2415 32 30 la
1780 2414 81 32 Médi-

1108 2459 163 39 terranée,
1281 2466 19 24 a
1311 2458 52 32 été
1374 2457 94 32 lancé
1482 2457 74 31 hier
1567 2456 107 34 matin
1685 2454 19 31 à
1716 2454 162 38 Penhoët,

1109 2506 79 25 avec
1204 2506 46 24 un
1265 2498 91 40 plein
1374 2497 128 32 succès.

1148 2538 45 32 Ce
1206 2537 180 41 paquebot,
1402 2537 59 40 qui
1474 2537 53 31 est
1544 2532 98 35 d'une
1657 2535 165 39 longueur
1841 2532 40 32 de

1108 2581 74 30 cent
1199 2580 135 34 mètres,
1351 2577 51 32 est
1417 2577 96 31 entré
1533 2575 289 32 immédiatement
1839 2581 43 24 en

1109 2619 196 32 armement.
1322 2616 52 33 On
1389 2623 102 33 pense
1507 2615 81 40 qu'il
1604 2615 144 40 prendra
1762 2614 32 32 le
1811 2622 53 24 ser-

1109 2659 77 33 vice
1200 2659 59 32 dès
1273 2657 33 32 le
1322 2656 87 32 mois
1426 2655 39 33 de
1479 2655 123 40 juillet.

1148 2772 48 32 La
1211 2771 150 33 librairie
1376 2770 111 32 Dentu
1513 2767 161 33 continue
1689 2769 40 31 de
1747 2767 135 39 publier

1108 2813 33 32 la
1156 2812 86 32 série
1270 2812 39 31 de
1337 2813 96 28 notre
1461 2809 239 40 sympathique
1730 2809 150 31 confrère

1108 2852 44 32 H.
1167 2851 176 39 Escoffier,
1358 2850 174 33 rédacteur
1546 2857 43 24 en
1612 2849 77 32 chef
1710 2848 46 32 du
1785 2849 96 31 Petit

1108 2895 159 28 Journal.

1149 2931 92 32 Cette
1258 2930 85 33 série
1359 2940 7 22 :
1383 2930 50 32 les
1448 2930 158 32 Femmes
1628 2929 125 37 fatales
1757 2953 8 13 ,
1785 2928 94 32 vient

1109 2974 39 31 de
1165 2972 174 32 s'enrichir
1352 2970 80 31 d'un
1447 2978 154 24 nouveau
1616 2968 145 38 volume,
1793 2976 86 31 paru

1108 3013 85 37 hier,
1208 3013 33 31 et
1264 3011 56 40 qui
1335 3012 51 30 est
1402 3009 130 32 destiné
1546 3009 19 31 à
1580 3007 93 33 avoir
1696 3008 116 32 succès
1840 3008 40 32 de

1108 3060 84 25 ceux
1206 3053 59 39 qui
1277 3052 81 31 l'ont
1372 3050 148 40 précédé.

1148 3093 130 30 Blonde
1291 3099 74 22 aux
1385 3098 93 28 yeux
1505 3092 96 28 noirs
1605 3112 7 14 ,
1629 3089 46 31 tel
1689 3089 52 30 est
1755 3089 31 30 le
1800 3087 80 32 titre

1109 3132 45 32 du
1181 3138 119 25 roman
1328 3131 117 37 d'hier,
1486 3131 85 30 dans
1607 3129 109 39 lequel
1760 3128 44 32 M.
1835 3128 43 31 11.

1108 3171 164 32 Escoffier
1299 3178 19 24 a
1344 3170 110 31 donné
1487 3170 32 31 la
1559 3177 137 31 preuve,
1721 3177 66 21 une
1815 3168 65 31 fois

1109 3214 40 30 de
1165 3213 89 38 plus,
1270 3210 40 32 de
1325 3217 60 24 son
1410 3209 105 31 talent
1539 3209 191 37 d'écrivain,
1748 3209 32 30 et
1795 3208 84 32 livré

1109 3252 143 33 carrière
1274 3252 19 30 à
1310 3257 60 24 son
1385 3249 231 39 imagination,
1633 3249 85 30 dans
1734 3256 46 22 un
1795 3248 83 31 récit

1109 3293 81 31 dont
1205 3293 48 30 les
1274 3296 227 33 personnages
1519 3289 77 30 soat
1610 3288 70 39 pris
1702 3295 59 24 sur
1791 3288 30 31 le
1833 3287 50 32 vif

1109 3340 78 22 avec
1202 3339 65 24 une
1285 3328 117 32 réalité
1417 3328 211 31 saisissants.

1235 3418 250 27 NOUVELLES
1514 3418 24 26 A
1567 3417 50 27 LA
1651 3417 105 26 MAIN

1148 3463 65 31 Les
1225 3461 167 40 mystères
1407 3459 59 31 des
1481 3457 137 32 affiches
1637 3464 77 24 sont
1728 3456 126 40 impéné-

1109 3503 138 32 trables.
1260 3503 4 32 ,

1148 3542 76 32 Rue
1233 3542 48 31 La
1287 3537 276 41 Fayette,devant
1572 3536 33 32 la
1613 3535 162 40 boutique
1782 3535 99 33 d'une

1110 3581 171 39 crémerie,
1298 3588 44 24 on
1357 3580 40 31 lit
1413 3576 67 33 ceci
1502 3586 8 21 :

1362 3640 77 24 LAIT
1460 3637 171 26 NATIONAL

1149 3689 45 32 Et
1209 3696 43 24 au
1266 3686 143 32 dessous
1433 3694 7 20 :

1350 3745 180 25 FROMAGES
1557 3744 86 25 IDEM

1681 3777 37 18 UN
1735 3777 111 18 DOMINO

1277 3883 430 80 POURQUOI

1153 3996 60 35 LES
1239 3994 150 44 ANGLAIS
1417 3996 70 34 ONT
1513 3986 141 45 ARRÊTÉ
1683 3996 34 34 0'
1729 3996 113 35 KELLY

1153 4128 45 32 M.
1225 4128 115 31 Jaunes
1375 4127 151 40 O'Kelly,
1552 4127 262 39 correspondant
1839 4127 44 32 du

1114 4169 200 32 New-York
1328 4169 132 30 Herald
1476 4175 43 22 au
1528 4167 146 35 Soudan,
1689 4176 19 21 a
1719 4167 50 31 été
1776 4167 106 33 arrêté

1115 4209 100 31 avant
1231 4207 86 35 hier,
1332 4215 43 22 au
1390 4206 109 38 Caire,
1512 4215 60 31 par
1584 4207 52 32 les
1649 4207 152 39 Anglais.

1128 4274 7 6 .
1154 4247 45 32 M.
1215 4246 139 40 O'Kelly
1369 4248 52 31 est
1443 4246 51 32 lui
1509 4246 107 32 même
1631 4256 46 22 un
1693 4246 89 39 sujet
1795 4247 41 31 de
1851 4246 32 32 la

1113 4287 105 32 Reine
1234 4297 9 21 :
1258 4287 26 30 il
1298 4287 51 31 est
1376 4286 180 32 Irlandais.
1579 4286 263 39 Politiquement
1858 4286 25 32 il

1114 4329 53 31 est
1179 4326 86 33 donc
1277 4325 141 40 Anglais
1440 4333 129 25 comme
1584 4326 50 31 les
1656 4326 178 31 Alsaciens
1850 4326 33 32 et

1113 4368 50 32 les
1178 4365 161 33 Lorrains
1368 4365 146 32 annexés
1530 4365 19 32 à
1561 4365 219 39 l'Allemagne
1806 4367 77 32 sont

1113 4406 210 33 Allemands.
1346 4404 86 33 Mais
1461 4406 167 40 pourquoi
1643 4407 83 31 cette
1742 4406 124 32 arresta-

1113 4447 98 33 tion?
1225 4469 8 6 .
1318 4472 6 5 ~
1365 4447 1 33 .
1393 4447 4 33 ,

1152 4483 46 34 M.
1207 4485 141 40 O'Kelly
1358 4494 19 22 a
1389 4485 170 39 beaucoup
1571 4483 41 33 de
1626 4485 161 32 relations
1799 4485 84 33 dans

1113 4527 34 31 la
1180 4534 117 32 presse
1330 4525 204 40 parisienne,
1569 4527 133 31 surtout
1737 4534 79 22 avec
1851 4525 32 32 la

1111 4574 117 64 {tresse
1254 4565 275 40 intransigeante.
1560 4565 48 31 Le
1620 4565 200 39 journaliste
1835 4565 32 33 ir-

1128 4605 129 39 andais,
1271 4605 59 40 qui
1356 4607 52 30 est
1435 4604 149 33 membre
1613 4606 40 32 de
1667 4605 34 31 la
1717 4605 165 33 Chambre

1114 4646 59 32 des
1201 4652 194 26 communes
1430 4652 85 28 pour
1543 4652 48 24 un
1613 4645 107 32 comté
1743 4645 40 32 de
1812 4644 71 33 l'lr-

1924 203 111 37 lande,
2066 202 249 39 accompagnait
2337 200 136 32 Parnell
2503 200 138 39 lorsque
2665 197 32 33 le

1926 243 77 32 chef
2016 244 39 31 de
2068 243 35 31 la
2117 244 219 37 Landleague
2365 241 40 31 fit
2430 248 43 24 en
2494 240 129 32 France
2636 247 61 24 son

1926 285 144 40 premier
2080 292 139 31 voyage,
2236 291 41 24 en
2289 281 131 39 janvier
2432 280 91 32 1881.

1970 324 87 33 C'est
2072 322 139 40 O'Kelly
2237 322 59 39 qui
2310 320 106 32 servit
2439 320 19 32 à
2472 328 63 24 son
2550 319 149 40 collègue

1928 363 265 33 d'introducteur
2213 364 32 31 et
2275 360 215 40 d'interprète
2505 359 122 40 auprès
2640 359 59 32 des

1928 404 194 34 rédacteurs
2152 403 59 31 des
2233 402 170 40 journaux
2431 400 40 31 de
2499 399 109 32 Paris.
2633 399 67 32 Les

1929 444 120 33 visites
2063 443 39 32 de
2119 443 141 38 O'Kelly.
2272 443 32 31 et
2320 442 41 31 de
2385 441 133 32 Parnell
2532 448 143 24 commen-

1930 484 117 34 cèrent
2056 491 59 32 par
2130 490 66 25 une
2224 482 98 33 visite
2339 482 20 31 à
2386 480 43 33 M.
2446 480 106 32 Henri
2571 480 107 34 Roche-

1931 524 77 31 fort.
2023 523 31 31 Il
2081 522 112 32 l'avait
2209 529 109 25 connu
2331 530 41 22 en
2387 521 196 40 Amérique,
2601 520 97 40 après

1931 557 196 38 la.fameuse
2154 562 136 32 évasion
2319 561 41 32 de
2386 561 164 32 Nouméa.
2570 559 130 40 Chargé

1931 612 60 32 par
2007 604 44 32 M.
2067 602 93 32 J.-Gr.
2177 602 142 32 Bennett
2341 601 40 32 de
2406 600 180 32 demander
2602 600 20 33 à
2635 600 44 32 Ro-

1932 643 139 39 chefort,
2089 651 51 24 au.
2147 641 130 32 devant
2283 641 40 31 de
2340 640 58 40 qui
2418 640 25 32 il
2457 639 109 33 s'était
2580 640 119 37 rendu,

1931 691 48 24 un
1995 683 116 32 article
2137 690 85 30 pour
2237 681 31 32 le
2295 683 149 37 Herald,
2459 679 141 41 O'Kelly
2615 687 86 33 paya

1931 723 141 32 l'article
2080 722 98 39 .5,000
2191 722 44 34 fr.

1972 763 97 31 Nous
2082 763 181 39 rappelons
2271 762 74 31 tout
2354 759 71 33 cela
2433 768 85 32 pour
2530 761 171 39 expliquer

1936 803 167 32 comment
2128 802 139 39 O'Kelly
2294 809 35 24 se
2355 802 119 31 trouva
2500 809 43 22 en
2565 800 137 40 rapport

1937 850 79 24 avec
2029 841 43 33 M.
2087 841 315 38 Henrißochefort-,
2419 841 33 32 et
2472 843 170 28 comment
2656 839 44 32 M.

1936 881 106 32 Henri
2056 881 182 32 Rochefort
2252 882 59 38 put
2326 881 48 31 lui
2389 881 83 32 faire
2485 881 158 31 remettre
2654 879 32 32 ré-

1937 925 176 35 cemment,
2131 930 41 22 au
2187 921 148 31 moment
2359 920 40 32 de
2413 928 63 24 son
2491 920 116 39 départ
2620 927 83 32 pour

1937 961 32 33 le
1994 961 146 37 Soudan,
2169 961 50 32 les
2245 961 116 31 lettres
2386 961 317 39 compromettantes

1938 1010 84 32 pour
2061 1002 181 38 s'emparer
2268 1000 188 39 desquelles
2485 1000 51 31 les
2564 998 139 39 Anglais

1938 1042 58 32 ont
2011 1042 109 31 arrête
2133 1041 32 32 le
2179 1041 262 40 correspondant
2458 1039 45 32 du
2517 1041 145 30 Herald.

1978 1081 46 32 M.
2053 1081 107 33 Henri
2186 1080 182 33 Rochefort
2394 1083 52 28 est
2469 1078 46 33 bn
2544 1078 159 32 relations

1938 1121 67 32 fort
2019 1121 141 38 suivies,
2174 1121 19 31 à
2209 1121 107 34 Paris,
2335 1128 78 24 avec
2427 1128 46 24 un
2483 1120 135 38 étrange
2633 1127 53 31 per-

1941 1168 146 32 sonnage
2122 1161 58 39 qni
2211 1168 86 24 nous
2334 1160 109 32 arrive
2478 1159 164 38 d'Orient,
2674 1159 32 31 le

1939 1200 116 33 cheick
2069 1200 302 33 Ghemmal-Eddin
2381 1200 32 31 el
2427 1200 143 39 Afghan.

1982 1239 58 33 Cet
2052 1241 133 31 homme
2211 1244 52 28 est
2288 1250 46 22 un
2361 1240 110 39 prêtre
2498 1238 206 39 musulman,

1941 1280 180 39 originaire
2130 1281 40 31 de
2179 1280 260 40 l'Afghanistan,
2451 1279 57 40 qui
2517 1278 189 40 longtemps

1942 1329 19 22 a
1974 1320 120 39 prêché
2105 1320 34 31 la
2153 1322 99 31 haine
2268 1323 40 30 de
2322 1329 76 24 race
2409 1320 33 31 et
2457 1320 33 30 la
2511 1326 118 32 guerre
2656 1326 34 22 re-

1939 1361 141 39 ligieuse
2094 1363 112 30 contre
2220 1362 50 31 les
2284 1359 154 43 Anglais,
2452 1359 152 31 dans'les
2619 1365 89 32 pays

1941 1401 234 33 mahométans
2189 1402 40 31 de
2243 1402 116 32 l'lnde.

1982 1441 301 39 Ghemmal-Eddin
2298 1442 51 31 est
2365 1440 109 32 arrivé
2489 1440 19 31 à
2518 1439 111 38 Paris,
2644 1437 26 32 il
2685 1447 22 31 y

1942 1491 19 24 a
1974 1481 89 32 deux
2079 1489 60 24 ans
2153 1489 150 31 environ,
2316 1488 78 25 avec
2407 1480 33 32 le
2450 1480 107 40 projet
2571 1480 70 31 très
2656 1487 34 22 ar-

1939 1522 71 32 rêté
2024 1522 43 31 de
2081 1518 174 35 continuer
2277 1530 53 24 ses
2357 1520 224 40 prédications
2609 1520 33 32 et
2667 1518 40 33 de

1941 1561 83 32 faire
2053 1571 67 22 aux
2146 1561 142 40 Anglais
2311 1560 77 40 plus
2418 1559 41 32 de
2485 1559 70 32 mal
2570 1559 39 32 de
2635 1558 72 34 loin

1941 1603 81 40 qu'il
2036 1611 41 22 ne
2089 1603 72 31 leur
2172 1611 41 22 en
2230 1600 89 32 avait
2331 1600 61 32 fait
2404 1599 40 32 de
2458 1599 87 40 près.

1978 1643 54 31 En
2055 1642 283 41 correspondance
2365 1648 79 24 avec
2470 1639 171 37 beaucoup
2666 1638 41 32 de

1939 1690 226 32 personnages
2179 1682 226 34 musulmans,
2420 1680 26 32 il
2457 1688 19 22 a
2490 1688 41 22 eu
2555 1678 97 31 l'idée
2667 1678 40 32 de

1939 1722 117 32 fonder
2072 1722 19 32 à
2106 1722 98 32 Paris
2218 1730 47 22 un
2283 1720 135 41 journal
2441 1720 40 31 de
2496 1719 208 40 prédication

1941 1761 231 40 antianglaise.
2203 1761 44 33 Ce
2259 1760 135 40 journal
2408 1760 64 32 tire
2485 1760 20 31 à
2518 1759 85 32 trois
2614 1759 93 32 mille

1939 1801 233 40 exemplaires.

1981 1841 87 33 C'est
2081 1841 52 32 lui
2146 1841 58 40 qui
2220 1841 51 31 est
2289 1840 67 41 jeté
2381 1847 43 25 en
2451 1839 136 38 Arabie,
2622 1838 85 33 dans

1930 1877 112 38 l'lnde
2057 1883 33 33 et
2113 1891 43 24 en
2181 1881 143 40 Egypte,
2348 1889 60 32 par
2433 1879 59 32 des
2513 1878 194 33 émissaires

1939 1924 139 35 secrets,
2108 1924 33 30 et
2170 1922 80 32 c'est
2283 1923 85 30 cette
2395 1919 103 40 petite
2525 1918 113 32 feuille
2667 1918 41 33 de

1939 1962 308 34 Ghemmal-Eddin
2263 1970 63 31 que
2354 1961 50 31 les
2433 1958 162 40 dépêches
2622 1958 69 31 laco-

1938 2002 120 39 niques
2079 2002 59 32 des
2160 2001 281 40 correspondants
2469 1997 130 41 anglais
2619 1997 71 32 dési-

1937 2042 103 39 gnent
2048 2049 129 25 comme
2187 2041 59 32 des
2258 2040 260 41 proclamations
2528 2037 178 32 duMahdi.

1937 2079 66 34 Les
2040 2081 133 32 articles
2205 2081 40 32 de
2268 2079 306 34 Ghemmal-Eddin
2609 2086 79 32 pour-

1937 2121 110 32 raient
2061 2122 70 31 être
2146 2121 99 31 écrits
2261 2128 60 31 par
2343 2120 31 32 le
2402 2119 129 37 Mahdi,
2546 2118 84 32 dans
2647 2126 60 24 son

1937 2161 124 32 désert.
2075 2160 87 32 Mais
2185 2161 44 31 ils
2243 2160 32 32 le
2303 2160 77 31 sont
2406 2167 40 24 en
2474 2158 117 33 réalité
2623 2158 84 31 dans

1937 2210 47 22 un
1998 2202 230 40 appartement
2244 2200 39 31 de
2296 2199 117 32 l'hôtel
2427 2198 40 33 de
2483 2198 93 39 Sèze,
2590 2205 60 25 rue
2667 2198 40 31 de

1937 2242 92 35 Sèze,
2052 2246 37 26 n°
2105 2242 50 35 16,
2170 2250 60 32 par
2242 2241 32 31 le
2288 2239 117 32 cheick
2419 2238 133 40 afghan,
2583 2237 67 33 ami
2668 2237 39 33 de

1939 2281 45 33 M.
2000 2281 107 33 Henri
2120 2280 193 33 Rochefort.

1976 2321 152 40 Lorsque
2153 2320 139 40 O'Kelly
2322 2328 20 22 a
2369 2319 45 31 du
2437 2317 106 41 partir
2563 2326 85 34 pour
2675 2317 32 32 le
2720 2317 1 44 1

1937 2360 148 39 Soudan,
2099 2361 24 31 il
2130 2368 25 24 .a
2170 2359 162 34 demandé
2347 2360 20 30 à
2394 2359 44 31 M.
2459 2357 183 32 Rochefort
2667 2356 40 33 de

1937 2400 51 33 lui
2001 2400 84 33 faire
2099 2400 126 32 donner
2249 2400 60 32 des
2335 2399 288 39 renseignements
2647 2405 60 22 sur

1937 2439 31 33 le
1994 2448 85 31 pays
2101 2441 33 31 et
2150 2447 60 25 sur
2230 2439 33 33 le
2277 2439 164 32 caractère
2457 2438 40 32 de
2511 2437 178 34 l'insurrec-

1936 2479 72 32 tion
2022 2480 46 31 du
2081 2479 125 32 Mahdi.

1976 2519 47 32 Le
2039 2520 118 31 cheick
2172 2529 19 21 a
2211 2518 61 32 fait
2301 2518 115 32 mieux
2431 2529 7 20 :
2453 2518 25 32 il
2492 2525 19 24 a
2537 2518 105 31 remis
2662 2525 45 24 au

1937 2559 261 40 correspondant
2213 2559 46 31 du
2271 2561 136 30 Herald
2420 2558 59 31 des
2492 2557 117 32 lettres
2622 2565 85 31 pour

1936 2600 32 32 le
1994 2600 115 32 Mahdi
2137 2602 32 30 et
2196 2600 170 40 plusieurs
2393 2597 157 32 numéros
2576 2596 40 32 de
2644 2604 63 24 son

1933 2639 146 40 journal.

1976 2679 98 32 Voilà
2088 2680 34 31 la
2146 2687 99 24 cause
2271 2679 40 31 de
2335 2678 226 32 l'arrestation
2590 2676 40 31 de
2659 2676 45 32 M.

1937 2719 150 40 O'Kelly.
2104 2720 30 31 Il
2146 2720 52 32 est
2212 2720 20 31 à
2246 2719 152 32 craindre
2414 2726 65 32 que
2493 2719 51 30 les
2551 2717 155 40 Anglais,

1937 2759 59 39 qui
2017 2759 94 32 n'ont
2139 2767 60 32 pas
2226 2759 150 39 respecté
2408 2758 34 32 la
2471 2765 167 33 personne
2666 2757 40 32 de

1936 2798 73 33 leur
2023 2799 278 39 compatriote,ne
2313 2798 133 39 portent
2459 2797 92 33 aussi
2565 2798 34 31 la
2615 2797 91 31 main

1936 2846 59 24 sur
2009 2838 51 32 les
2076 2839 126 31 nôtres.

1975 2877 53 32 En
2144 2878 85 32 trois
2241 2877 221 41 journalistes
2474 2876 148 39 français
2629 2877 78 32 sont

1935 2926 43 24 en
1990 2922 97 28 route
2100 2928 85 31 pour
2198 2920 31 30 le
2244 2927 96 31 camp
2355 2917 45 31 du
2427 2917 129 39 Mahdi,
2587 2917 20 31 à
2634 2919 56 30 tra-

1936 2967 77 21 vers
2028 2959 31 32 le
2068 2960 123 31 désert.
2204 2959 64 31 Ces
2283 2959 84 31 trois
2380 2957 235 39 journalistes,
2623 2956 83 32 MM.

1935 2998 107 32 Henri
2056 2999 181 32 Rochefort
2248 2998 69 38 fils,
2329 2998 126 32 Olivier
2461 2999 84 30 Pain
2557 3000 32 28 et
2596 2996 111 31 Jehan

1936 3038 145 37 Soudan,
2098 3039 87 39 sont,
2197 3046 129 22 comme
2339 3037 106 33 l'était
2467 3037 152 40 O'Kelly,
2635 3045 47 22 mu-

1936 3078 54 31 nis
2004 3078 41 32 de
2060 3078 117 33 lettres
2204 3078 40 32 de
2258 3078 305 33 Ghemmal-Eddin
2577 3085 84 31 pour
2675 3077 32 32 le

1938 3128 13 19 «
1977 3118 163 40 prophète
2158 3130 27 20 ».

2523 3161 131 20 MERHEIX

1939 3256 34 60 A
2016 3254 286 63 TRAVERS
2354 3254 73 63 LA
2472 3253 231 64 PRESSE

2151 3399 47 27 Le
2222 3398 123 30 comité
2365 3398 128 28 central

1977 3457 107 40 Après
2113 3457 92 32 avoir
2233 3457 96 32 lancé
2357 3465 63 24 son
2440 3457 73 32 idée
2529 3457 41 32 de
2584 3457 123 32 comité

1937 3497 125 32 central
2076 3506 84 31 pour
2176 3496 48 32 les
2249 3497 159 31 élections
2430 3496 221 40 municipales
2667 3493 40 35 de

1937 3537 110 37 Paris,
2062 3537 33 31 la
2120 3537 138 31 Gazette
2287 3540 40 28 de
2350 3539 137 30 France
2515 3536 58 32 bat
2585 3544 41 24 en
2655 3546 35 22 re-

1937 3576 163 33 tràite.La
2113 3576 149 38 Défense
2265 3600 8 8 .
2285 3585 44 22 au
2343 3578 177 37 contraire,
2536 3585 171 31 approuve

1937 3626 63 21 nos
2028 3617 190 31 réflexions.
2245 3615 97 32 Voici
2370 3617 33 30 la
2444 3617 193 31 conclusion
2668 3617 39 31 de

1937 3656 189 33 l'adhésiofl
2140 3656 40 32 de
2193 3656 47 32 M.
2254 3656 126 35 Joseph
2394 3656 126 32 Denais
2531 3665 7 20 :

1974 3731 162 30 Vraiment
2164 3731 22 27 il
2203 3731 99 27 serait,
2322 3731 139 34 ridicule,
2486 3731 83 27 alors
2593 3738 60 28 que
2662 3731 46 27 les

1937 3768 263 34 renseignements
2224 3768 56 33 qui
2307 3774 79 20 nous
2412 3767 149 28 viennent
2577 3767 35 27 do
2635 3769 72 26 tous

1937 3802 81 30 côtés
2031 3808 53 21 sur
2098 3802 46 27 les
2159 3802 144 27 élections
2319 3802 38 26 de
2385 3802 162 27 dimanche
2563 3802 145 27 dénotent

1937 3847 45 20 un
1994 3837 96 28 réveil
2117 3836 125 30 évident
2257 3837 52 27 des
2336 3840 246 31 conservateurs,
2604 3837 38 27 de
2668 3844 39 21 no

1937 3881 57 26 pas
2008 3874 125 34 profiter
2147 3873 38 27 de
2198 3880 50 20 ces
2261 3873 214 34 dispositions,
2504 3874 28 26 et
2548 3873 37 27 de
2597 3873 111 27 laisser

1937 3908 255 37 l'opportunisme
2218 3907 109 35 frappe
2359 3907 170 28 seulement
2561 3914 56 27 par
2648 3915 59 21 une

1937 3946 79 27 nuée
2040 3943 270 33 d'intransigeants
2389 3945 30 26 et
2439 3946 67 30 sept
2519 3943 187 33 jérômistes.

1977 4016 94 32 Nous
2087 4023 86 24 nous
2202 4015 209 31 demandons
2434 4023 37 24 ce
2485 4023 65 32 que
2564 4015 78 31 sont
2656 4015 35 32 de-

1939 4063 107 25 venus
2061 4056 50 31 les
2127 4055 247 33 monarchistes
2388 4055 59 39 qui
2469 4054 155 33 devaient
2635 4063 56 24 res-

1939 4096 116 32 taurer
2067 4094 31 33 le
2113 4095 96 32 trône
2222 4102 61 33 par
2296 4095 52 31 les
2362 4094 161 33 élections
2535 4095 15 31 ?

2185 4162 46 27 Le
2258 4161 202 32 glissement

1977 4211 48 32 Le
2043 4212 123 37 Temps
2183 4212 102 39 ayant
2303 4211 51 31 dit
2369 4218 64 32 que
2448 4209 34 32 la
2496 4209 214 41 République

1937 4251 176 38 subissait,
2128 4259 41 22 en
2196 4259 35 24 ce
2245 4252 161 33 moment,
2435 4259 47 21 un
2511 4250 198 39 glissement

1937 4298 77 24 vers
2028 4291 31 31 le
2074 4291 223 35 radicalisme,
2314 4291 34 31 la
2361 4289 138 32 Liberté
2515 4290 50 31 lui
2583 4291 125 38 répond

1935 4330 185 40 justement
2135 4338 64 32 que
2215 4331 80 31 c'est
2307 4331 34 31 là
2355 4330 33 31 la
2398 4330 172 32 condition
2583 4330 40 33 de
2635 4331 73 32 tout

1937 4370 31 32 le
1982 4370 89 37 parti
2085 4370 204 37 républicain
2307 4378 8 22 :

1974 4437 65 33 Que
2052 4437 46 27 les
2115 4436 138 28 modérés
2269 4436 84 30 aient
2367 4437 79 27 donc
2471 4439 188 27 eux-mêmes
2679 4437 28 28 le

1938 4480 130 27 couroga
2083 4472 91 37 qu'ils
2190 4472 167 30 réclament
2382 4473 53 27 des
2465 4473 241 37 opportunistes.

1974 4508 98 33 Qu'ils
2099 4507 144 35 forment,
2269 4508 119 28 en-face
2407 4508 44 28 du
2478 4508 83 34 parti
2580 4508 35 28 de
2630 4515 77 21 ceux

1938 4545 54 34 qui
2007 4543 143 37 glissent,
2164 4543 28 30 le
2206 4544 83 35 parti
2303 4543 38 30 de
2354 4550 78 24 ceux
2446 4544 57 35 qui
2516 4551 40 21 ne
2577 4543 130 37 glissent

1937 4580 71 34 pas!

1972 4615 80 28 Mais
2080 4622 74 27 non,
2180 4615 40 27 ils
2248 4615 67 28 font
2335 4615 196 35 aujourd'hui
2557 4622 32 21 ce
2615 4615 92 41 qu'ils

1938 4651 54 28 ont
2015 4650 142 33 toujours
2184 4650 59 30 fait
2257 4658 8 21 :
2282 4651 39 28 ils
2346 4651 158 28 subissent
2526 4650 32 30 la
2582 4651 46 28 loi
2654 4652 53 27 des

2751 196 145 38 violents,
2908 197 33 28 la
2954 200 81 27 mort
3052 198 78 28 dans
3146 197 103 38 l'âmé,
3276 200 31 28 et
3320 198 39 30 ils
3376 207 123 30 compro-

2752 235 131 26 mettent
2893 235 285 34 lamentablement,
3185 242 56 28 par
3252 235 83 27 leurs
3346 235 171 37 faiblesses,

2751 268 46 30 les
2811 275 91 30 sages
2916 269 155 38 principes
3084 270 93 37 qu'ils
3191 270 220 37 représentent.
3481 268 17 17 *

2844 341 48 27 La
2907 339 209 38 République
3129 340 59 32 des
3208 340 224 31 chourineurs

2793 404 31 32 A
2837 411 124 33 propos
2988 404 41 33 de
3057 403 138 34 l'affaire
3230 404 209 33 Saint-Elme
3465 404 58 41 qui

2754 451 43 25 en
2809 446 51 30 est
2872 444 154 38 toujours
3040 452 45 24 au
3111 444 110 32 même
3248 444 105 39 point,
3383 444 142 32 l'avocat

2753 481 133 40 général
2913 483 148 32 Bissaud
3089 484 32 31 et
3144 483 33 32 le
3214 484 106 39 préfet
3344 484 115 31 André
3483 484 41 33 de

2756 523 213 32 ïrémontals
2991 524 92 30 étant
3103 522 154 41 toujours
3286 533 41 22 en
3360 524 163 38 fonction,

2754 563 126 40 malgré
2895 563 73 32 leur
2998 563 141 32 attitude
3167 563 197 37 révoltante,
3394 565 47 32 M.
3467 565 39 32 Ca-

2754 604 93 34 mille
2858 604 151 35 Pelletsm
3020 604 115 34 s'écrie
3148 604 86 32 dans
3248 605 33 31 la
3294 606 130 30 Justice
3437 613 7 22 :

2792 679 44 30 La
2849 679 197 34 République
3060 680 54 27 des
3132 686 148 28 paysans
3295 679 66 28 s'en
3385 687 40 20 va
3454 680 73 28 bras

2756 716 119 34 dessus,
2888 716 73 28 bras
2975 716 139 34 dessous,
3129 723 74 21 avec
3216 716 32 27 la
3261 715 196 37 République
3471 716 53 28 des

2757 751 211 30 chourineurs.

2785 814 46 27 Le
2850 813 105 35 garde
2974 813 60 28 des
3054 821 124 20 sceaux
3197 813 126 28 Martin
3339 814 151 27 Feuillée

2798 874 161 38 Question
2974 875 99 40 posée
3089 885 60 31 par
3163 875 33 32 la
3216 875 128 40 Vérité,
3361 876 32 32 et
3410 875 58 40 qui
3483 883 43 26 ne

2757 918 80 38 peut
2850 918 149 30 recevoir
3012 915 40 32 de
3073 918 142 39 réponse
3233 926 7 20 :

2792 980 78 33 Quel
2883 980 93 35 garde
2992 981 53 28 des
3053 989 115 21 sceaux
3181 983 35 27 de
3228 981 146 37 l'Empire
3387 990 19 20 a
3420 981 60 28 mis
3496 983 32 28 la

2758 1018 85 26 main
2870 1024 53 20 sur
2948 1017 33 27 la
2999 1018 230 34 magistrature,
3242 1025 19 19 a
3276 1018 109 27 fouillé
3398 1018 46 27 les
3459 1018 50 35 pré-

2759 1051 103 33 toires,
2877 1059 18 19 a
2907 1051 58 28 sali
2986 1051 32 28 la
3028 1052 115 35 justice
3163 1061 74 22 avec
3252 1052 72 37 plus
3339 1052 37 30 de
3390 1055 139 34 cynisme

2759 1095 60 27 que
2835 1087 43 30 M.
2893 1088 270 32 Martin-Eeuiiiée
3170 1088 14 27 t

2946 1152 43 26 M.
3011 1152 148 27 Leconta
3178 1149 41 30 de
3240 1150 91 28 l'lsle

2800 1213 47 33 Le
2877 1214 122 35 Temps
3025 1214 102 39 ayant
3139 1213 163 40 prétendu
3318 1221 64 32 que
3404 1213 46 33 M.
3465 1213 45 32 Le-

2760 1256 97 30 conte
2882 1253 40 32 de
2950 1253 90 32 l'lsle
3069 1253 174 39 s'appelait
3285 1254 144 31 Leconte
3457 1254 73 31 tout

2760 1294 107 34 court,
2883 1294 86 30 celui
2985 1293 34 31 ci
3030 1293 50 31 lui
3092 1294 136 31 adresse
3244 1293 33 31 la
3306 1292 219 33 rectification

2761 1332 165 38 suivante,
2937 1343 64 31 que
3031 1342 86 22 nous
3144 1342 85 22 nous
3267 1335 129 30 faisons
3431 1342 80 22 nous-

2760 1374 110 32 même
2890 1383 46 21 un
2963 1374 116 32 devoir
3103 1374 40 31 de
3157 1374 209 38 reproduire,
3383 1374 146 39 puisque

2760 1422 86 21 nous
2894 1422 105 22 avons
3050 1414 174 39 reproduit
3265 1414 20 31 à
3325 1415 85 30 cette
3437 1413 93 40 place

2760 1454 191 31 l'assertion
2981 1454 45 31 du
3044 1454 122 37 Temps
3182 1462 8 21 :

2796 1534 37 28 Je
2855 1533 51 37 lis,
2929 1534 78 28 dans
3031 1543 45 20 un
3099 1533 107 28 article
3229 1533 43 28 du
3289 1534 122 34 Temps,
3428 1540 60 28 que
3501 1533 35 35 je.

2760 1578 39 20 ne
2815 1570 89 34 signe
2916 1578 58 27 pas
2988 1571 38 27 de
3040 1578 74 20 mon
3129 1570 69 28 vrai
3213 1578 83 20 nom.

2796 1604 60 30 J'ai
2882 1604 162 30 l'honneur
3072 1604 38 30 de
3136 1612 79 21 vous
3247 1605 148 27 informer
3424 1611 59 28 que
3496 1604 31 35 je

2760 1641 129 35 possède
2915 1643 71 26 tous
3011 1641 45 28 les
3085 1642 123 40 papiers
3235 1641 35 28 de
3285 1639 117 30 famille
3418 1639 53 37 qui
3483 1648 47 20 me

2761 1678 137 26 donnent
2924 1676 30 27 le
2981 1676 80 28 droit
3091 1676 54 35 qui
3174 1676 89 27 m'est
3287 1676 145 28 contesté.
3450 1675 76 28 Mon

2760 1713 81 35 père,
2857 1720 73 20 mon
2946 1711 92 35 aïeul,
3063 1720 73 20 mon
3150 1711 144 34 bisaïeul,
3314 1715 69 27 etc.,
3399 1719 32 20 se
3445 1719 64 20 nom-

2760 1748 117 27 maient
2900 1747 132 28 Leconte
3059 1747 38 28 de
3122 1747 83 28 Lisle
3230 1754 12 27 ;
3265 1748 79 27 mais
3370 1747 31 34 je
3418 1754 39 20 ne
3482 1754 48 20 me

2761 1783 78 28 crois
2865 1791 57 28 pas
2948 1782 100 37 obligé
3079 1782 37 28 de
3144 1783 168 27 soumettre
3328 1789 50 21 ces
3393 1788 132 28 preuves

2760 1819 240 27 incontestables
3027 1820 19 26 à
3069 1819 158 34 ceux.qui
3255 1826 39 20 en
3320 1819 206 27 douteraient.

2761 1854 58 28 Les
2836 1854 138 27 archives
3001 1853 41 28 du
3071 1854 159 27 ministère
3249 1853 38 28 de
3311 1853 32 27 la
3358 1853 118 27 marine
3497 1853 32 27 et

2761 1891 52 27 des
2830 1890 132 28 colonies
2976 1891 31 27 et
3030 1890 38 28 de
3093 1890 31 27 la
3146 1887 330 37 grande-chancellerie
3490 1887 38 28 de

2760 1924 32 30 la
2805 1924 117 37 Légion
2935 1924 170 30 d'honneur
3119 1924 188 35 répondront
3328 1931 79 28 pour
3432 1924 65 27 moi
3514 1924 17 26 à

2761 1961 57 35 qui
2831 1961 118 28 voudra
2963 1959 44 30 les
3017 1961 180 35 interroger.

2797 1996 35 27 Je
2858 1996 77 34 suis,
2949 1996 168 34 d'ailleurs,
3137 1996 43 27 de'
3198 2002 77 21 ceux
3300 1996 54 34 qui
3367 1996 111 26 savent
3500 2002 32 21 se

2761 2031 77 30 faire
2852 2039 44 21 un
2910 2039 73 21 nom
2994 2034 30 27 et
3038 2031 56 37 qui
3106 2039 39 22 ne
3158 2030 30 30 le
3197 2029 178 38 fabriquent
3392 2037 65 30 pas.

2763 2107 157 30 Alliance
2929 2107 60 30 des
3000 2107 248 38 bonapartistes
3260 2108 33 27 et
3300 2107 61 28 des
3370 2107 162 28 radicaux

2802 2171 51 33 La
2878 2172 125 32 Patrie
3022 2171 138 40 répond,
3188 2178 60 32 par
3275 2170 33 32 la
3341 2170 115 39 plume
3493 2170 41 32 de

2760 2211 45 32 M.
2823 2211 135 40 Guyon,
2974 2211 20 31 à
3007 2219 66 24 une
3089 2210 215 32 observation
3318 2210 46 31 du
3379 2211 152 37 Gaulois,

2763 2250 59 40 qui
2836 2250 125 33 n'avait
2975 2257 61 33 pas
3065 2250 171 32 d'ailleurs
3266 2250 34 32 la
3326 2250 113 39 portée
3469 2257 64 32 que

2760 2290 51 35 lui
2824 2291 93 38 prête
2931 2295 96 27 notre
3043 2289 149 33 confrère
3204 2300 8 21 :

2797 2356 80 31 C'est
2891 2357 105 27 contre
3007 2355 154 30 l'alliance
3175 2355 53 28 des
3252 2356 229 35 bonapartistes
3503 2357 31 27 et

2761 2392 53 28 des
2830 2392 149 28 radicaux
2993 2400 60 28 que
3066 2400 80 20 nous
3175 2399 79 21 nous
3274 2400 133 20 sommes
3436 2392 97 34 élevé,

2761 2430 31 26 et
2806 2427 72 28 c'est
2890 2428 78 28 cette
2989 2426 131 30 alliance
3149 2426 249 37 qu'aujourd'hui
3426 2434 106 21 encore

2760 2471 80 20 nous
2856 2463 185 37 répoussons
3053 2464 262 34 énergiquement.

2797 2499 39 27 Et
2849 2498 32 28 la
2891 2505 116 30 preuve
3020 2505 60 30 quo
3098 2506 80 20 nous
3191 2505 99 20 avons
3306 2505 39 20 eu
3364 2498 105 28 raison
3496 2498 37 27 de

2759 2533 31 28 le
2803 2535 77 28 faire
2894 2533 53 28 dès
2973 2533 28 30 le
3027 2533 132 37 premier
3189 2535 148 33 moment,
3366 2535 72 27 c'est
3472 2542 61 27 que

2760 2571 71 26 tous
2845 2576 58 20 nos
2917 2570 80 27 amis
3013 2577 72 20 sans
3105 2570 172 34 exception,
3292 2570 77 26 dans
3380 2569 32 27 la
3426 2576 107 28 presse

2761 2606 37 27 de
2825 2604 89 28 Paris
2940 2609 30 24 et
2995 2604 53 28 des
3074 2604 239 37 départements,
3340 2606 194 27 notamment

2761 2641 41 27 M.
2828 2640 136 35 Merson,
2996 2640 157 35 président
3185 2640 44 28 du
3268 2641 143 33 syndicat
3437 2641 37 27 de
3502 2641 30 27 la

2760 2683 104 28 presse
2890 2675 203 37 impérialiste
3107 2674 270 37 départementale,
3398 2676 54 27 ont
3467 2682 50 28 pro-

2760 2712 78 27 testé
2852 2719 76 20 avec
2954 2719 90 27 nous,
3059 2711 137 41 pendant
3222 2719 60 27 que
3309 2711 45 28 les
3374 2711 157 35 journaux

2760 2746 149 28 radicaux
2922 2746 214 37 repoussaient
3150 2746 200 28 violemment
3363 2746 17 27 à
3394 2746 137 30 l'avance

2759 2783 46 28 les
2819 2785 87 26 votes
2922 2784 92 34 qu'on
3027 2781 69 30 leur
3110 2781 110 28 offrait.

2935 2852 157 31 Alliance
3107 2851 252 31 conserVatrice

2800 2909 46 33 M.
2861 2909 161 34 Edouard
3034 2909 113 32 Hervé
3167 2910 50 31 lui
3235 2911 104 39 ayant
3354 2910 175 39 demandé,

2760 2950 85 31 dans
2859 2950 32 32 le
2907 2952 115 38 Soleil,
3040 2950 30 31 si
3085 2949 63 32 elle
3169 2950 193 39 patronnait
3374 2950 34 31 la
3420 2950 92 31 candi-

2760 2992 118 30 dature
2895 2989 40 32 de
2949 2991 45 31 M.
3024 2989 146 33 Amédêe
3198 2989 164 39 Dufaure;
3383 2991 148 39 quartier

2761 3031 41 32 de
2822 3031 35 33 la
2877 3030 195 39 Madeleine,
3090 3030 33 31 la
3137 3031 124 31 Patrie
3275 3030 128 41 répond
3417 3040 7 20 :

2798 3106 85 30 Dans
2909 3104 46 28 les
2981 3104 269 35 circonscriptions
3276 3106 40 27 où
3331 3105 24 28 il
3372 3105 53 37 n'y
3441 3113 18 19 a
3474 3113 56 28 pas

2761 3143 37 27 de
2810 3141 143 30 candidat
2966 3141 54 35 qui
3035 3141 143 27 s'affirme
3191 3148 116 21 comme
3317 3141 213 37 impérialiste,

2761 3185 79 21 nous
2856 3176 149 31 estimons
3018 3176 74 35 qu'il
3105 3178 46 25 est
3163 3183 72 28 sage
3255 3176 92 37 qu'on
3363 3184 33 20 so
3411 3184 118 27 groupe

2761 3222 54 19 sur
2842 3221 44 20 un
2913 3220 74 20 nom
3007 3211 171 35 justement,
3208 3213 109 27 estimé
3332 3220 8 27 ;
3357 3213 78 27 mais
3450 3220 79 20 nous

2761 3256 98 20 avons
2875 3248 28 27 le
2917 3247 81 27 droit
3027 3246 37 28 de
3092 3247 164 28 demander
3268 3255 59 28 que
3340 3248 28 27 le
3384 3248 145 27 candidat

2761 3285 76 28 n'ait
2851 3291 56 28 pas
2922 3285 60 26 Une
2998 3281 132 30 attitude
3152 3282 112 30 hostile
3291 3283 18 27 à
3338 3282 32 28 la
3394 3282 136 30 doctrine

2760 3318 171 38 impériale.

2803 3391 59 38 Or,
2885 3391 34 30 la
2948 3391 120 31 Patrie
3098 3391 103 39 ayant
3221 3390 113 40 publié
3348 3390 31 32 le
3394 3398 79 24 nom
3490 3390 40 33 de

2761 3431 45 31 M.
2831 3430 145 32 Amédée
2991 3430 150 32 Dufaure
3170 3438 58 22 sur
3242 3430 33 31 la
3288 3430 78 38 lijfe
3381 3430 59 31 des
3457 3438 56 24 can-

2761 3470 111 32 didats
2902 3471 255 31 conservateurs
3181 3477 66 24 aux
3275 3469 159 32 élections
3455 3478 51 22 mu-

2761 3509 161 40 nicipales
2942 3510 40 31 de
3007 3509 111 38 Paris,
3145 3509 25 32 îl
3187 3509 141 32 s'ensuit
3341 3509 120 39 qu'elle
3477 3517 37 31 pa-

2761 3553 120 28 tronne
2909 3557 38 24 sa
2975 3548 228 33 candidature.
3229 3548 94 32 Nous
3346 3548 65 32 l'en
3424 3548 92 33 félici-

2761 3592 90 30 tons.
2894 3586 6 14 '

3261 3630 46 21 CH.
3324 3630 146 21 DEMAILLY

2769 3736 357 57 EXÉCUTION
3189 3745 76 47 DE
3324 3744 203 48 CAMPI

2804 3902 87 32 C'est
2907 3911 35 24 ce
2969 3902 119 34 matin,
3117 3904 19 31 à
3161 3904 116 39 quatre
3305 3904 136 39 heures,
3469 3912 64 32 que

2764 3943 177 32 l'assassin
2955 3943 40 33 de
3007 3943 46 32 M.
3065 3943 131 32 Dacros
3209 3944 43 32 de
3273 3944 85 39 Sixt,
3374 3944 85 32 celui
3476 3945 57 38 qui

2760 3983 136 40 jusqu'à
2922 3990 64 25 son
3013 3983 131 32 dernier
3172 3985 149 30 moment
3350 3986 54 28 n'a
3430 3984 103 32 voulu

2765 4022 161 40 s'appeler
2941 4030 64 32 que
3019 4023 129 39 Campi,
3164 4031 19 22 a
3198 4023 51 31 été
3263 4023 148 32 exécuté.

2803 4062 66 31 Les
2876 4062 76 31 bois
2966 4062 40 32 de
3015 4062 13 40 j
3035 4062 226 40 ustice,partis
3272 4063 40 31 de
3322 4063 34 31 la
3366 4071 60 25 rue
3436 4063 78 41 Vicq-

2765 4102 125 37 d'Azir,
2907 4102 43 31 où
2963 4102 44 31 ils
3021 4103 78 30 sont
3111 4102 152 40 déposés,
3280 4104 77 31 sont
3371 4103 128 32 arrivés
3514 4106 19 30 à

2765 4142 90 30 deux
2869 4141 122 32 heures
3006 4143 33 30 et
3052 4141 109 33 demie
3181 4150 59 22 sur
3261 4143 34 30 la
3319 4143 93 39 place
3433 4143 41 32 de
3500 4144 33 31 la

2764 4181 177 40 Roquette.
2959 4181 30 31 A
3002 4182 85 32 trois
3103 4182 132 39 heures,
3257 4182 33 32 la
3313 4182 137 33 sinistre
3464 4191 44 24 ma-

2765 4221 97 32 chine
2877 4221 81 31 était
2973 4221 143 32 montée.

2804 4261 256 33 Commissaires
3096 4261 41 32 do
3161 4261 126 40 police,
3325 4263 143 33 officiers
3494 4263 39 33 de

2763 4302 91 39 paix,
2869 4300 156 40 gardiens
3039 4302 40 31 de
3093 4302 33 31 ia
3141 4302 79 39 paix
3234 4303 33 31 et
3289 4305 116 37 agents
3431 4303 41 32 de
3501 4303 32 32 la

2764 4341 124 38 sûreté,
2895 4341 211 33 commandés
3116 4349 83 38 pour
3209 4349 35 25 ce
3260 4342 138 37 service,
3411 4342 122 32 étaient

2764 4380 19 32 à
2798 4381 73 32 leur
2885 4383 96 37 poste
2995 4381 59 32 dès
3083 4382 135 38 minuit,
3235 4382 32 31 et
3292 4383 59 30 ont
3370 4390 41 22 eu
3435 4382 79 32 beau-

2763 4428 84 31 coup
2862 4420 20 32 à
2896 4420 83 32 faire
2992 4428 85 32 pour
3091 4420 182 32 maintenir
3287 4421 33 31 la
3334 4421 181 38 foule,deve-

2763 4468 67 22 nue
2844 4468 41 22 en
2901 4460 66 31 fort
2980 4469 65 31 peu
3057 4460 41 32 de
3111 4462 111 38 temps
3236 4461 241 32 considérable.

2804 4500 136 31 Comme
2954 4500 167 39 toujours,
3150 4501 51 32 les
3223 4501 154 32 cabarets
3402 4502 131 32 voisins

2763 4540 79 30 sont
2855 4539 128 33 bondés
2998 4541 40 30 de
3052 4540 150 33 curieux.
3224 4540 65 37 Qui
3314 4543 136 32 croirait
3471 4550 61 33 que

2763 4579 80 32 c'est
2876 4589 46 21 un
2956 4580 135 33 homme
3128 4580 100 40 qu'ils
3262 4581 158 33 viennent
3462 4583 71 32 voir

2763 4619 128 33 mourir
2903 4619 17 32 ?

3326 4667 22 17 J.
3366 4665 116 18 NARGAT

3615 216 348 66 MOUVEMENT
3984 207 325 77 ELECTORAL

3700 365 183 31 Premier
3900 366 351 30 arrondissement

3803 411 152 31 Quartier
3974 411 157 28 Vendôme

3615 458 50 30 Un
3679 459 117 28 certain
3808 459 129 30 nombre
3951 457 184 32 d'électeurs'
4143 461 37 28 de
4204 469 32 20 ce
4259 468 72 28 quar-

3580 495 69 34 tier,
3664 497 94 32 ayant
3774 495 131 37 proposé
3930 495 32 27 la
3985 496 201 28 candidature
4209 496 19 27 à
4241 496 43 27 M.
4298 496 35 27 Al-

3580 529 66 30 bert
3660 529 174 37 Duchesne,
3861 530 79 28 celui
3953 531 27 27 ci
4005 539 19 20 a
4049 531 118 28 décliné
4187 534 76 26 cette
4278 533 72 27 offre

3580 573 79 30 pour
3670 574 39 20 ne
3720 574 57 26 pas
3791 567 116 30 diviser
3918 567 44 27 les
3977 567 74 27 voix
4063 568 241 27 conservatrices
4319 569 30 25 et

3581 608 123 20 assurer
3717 601 28 32 le
3757 602 105 30 succès
3883 601 37 28 de
3946 601 43 30 M.
4005 602 165 35 Despatys,
4192 602 158 28 conseiller

3581 639 130 33 sortant,
3736 637 112 35 auquel
3868 637 26 28 il
3913 645 21 22 a
3958 638 123 28 adresse
4108 638 30 27 la
4169 638 90 28 lettre
4290 639 46 27 sui-

3581 674 93 27 vante
3687 679 7 21 :
4172 676 9 15 '

3726 731 5 35 ■
3934 741 12 15 «
3960 731 99 35 Paris,
4074 731 35 28 25
4123 731 80 30 avril
4215 731 81 28 1884.
4342 746 8 4 -

3673 813 12 15 »
3702 802 74 30 Mon
3790 802 71 30 cher
3873 802 158 30 monsieur
4042 802 165 38 Despatys,

3619 873 14 18 »
3653 865 35 30 Je
3700 865 89 30 viens
3803 873 79 21 vous
3909 866 161 28 confirmer
4083 873 58 28 par
4163 866 90 35 êeritg
4264 868 87 26 notre

3582 900 120 28 récente
3713 900 227 31 conversation.

3607 933 25 27 '»
3653 935 35 28 Je
3703 944 39 21 ne
3755 937 80 28 serai
3848 938 220 27 certainement
4088 944 56 28 pas
4170 939 89 26 votre
4281 945 51 20 con-

3583 973 117 31 çurent.
3717 972 27 27 Il
3757 974 46 25 est
3819 973 89 27 exact
3931 972 96 35 qu'un
4057 979 84 20 assez
4155 972 98 35 grand
4267 980 73 20 nom

3582 1005 56 30 bre
3652 1005 176 31 d'électeurs
3841 1007 41 28 du
3898 1007 136 37 quartier
4048 1009 37 27 de
4107 1007 32 28 la
4163 1007 84 37 place
4274 1007 58 28 Ven-

3585 1043 87 27 dôme
3687 1043 96 27 m'ont
3797 1043 87 27 offert
3904 1045 32 25 la
3959 1043 200 28 candidature
4183 1050 40 20 au
4239 1044 115 27 conseil

3585 1077 178 37 municipal.
3778 1077 37 28 Je
3829 1078 65 27 leur
3911 1078 30 27 ai
3953 1078 137 35 répondu
4107 1087 59 28 que
4175 1072 104 43 j'étais
4307 1078 31 28 vi-

3585 1116 124 25 vement
3724 1115 110 26 touché
3848 1114 41 27 du
3905 1115 194 34 témoignage
4127 1115 35 27 de
4195 1115 155 27 confiance

3586 1148 91 34 qu'ils
3691 1149 158 28 voulaient
3880 1149 72 27 bien
3979 1157 48 20 me
4058 1150 128 33 donner,
4201 1150 79 27 mais
4294 1157 59 28 que

3582 1183 100 37 j'étais
3694 1185 102 28 résolu
3811 1186 18 26 à
3842 1185 168 34 n'accepter
4018 1193 122 20 aucune
4155 1185 198 31 candidature

3586 1220 17 26 à
3618 1220 97 27 Paris.
3731 1220 35 27 Je
3782 1227 38 20 ne
3834 1228 48 20 me
3898 1221 78 26 crois
3991 1227 56 30 pas
4074 1220 30 28 le
4117 1220 80 28 droit
4220 1220 37 28 do
4290 1221 46 27 dis-

3586 1252 92 31 traie
3692 1264 60 19 une
3764 1256 96 30 heure
3873 1257 35 27 de
3928 1263 74 21 mon
4017 1258 111 33 temps,
4144 1264 40 20 au
4199 1256 156 35 préjudice

3586 1290 35 28 de
3634 1298 66 20 mes
3713 1291 79 27 amis
3808 1291 35 27 de
3857 1291 197 35 Compiègne,
4081 1292 76 27 dont
4176 1291 30 28 le
4226 1291 111 28 dévoue-

3586 1330 84 24 ment
3685 1326 18 27 à
3717 1333 65 20 mes
3796 1326 152 35 légitimes
3967 1328 181 35 espérances
4174 1326 70 30 s'est
4270 1335 64 21 mon-

3586 1362 45 27 tré
3644 1362 182 35 infatigable
3841 1362 109 35 depuis
3964 1363 78 27 trois
4056 1370 65 20 ans.

3624 1408 9 14 »
3656 1396 37 28 Je
3703 1404 38 21 ne
3756 1397 143 35 prendrai
3913 1397 155 28 d'ailleurs
4091 1397 124 37 jamais,
4233 1406 38 21 eu
4303 1406 35 20 au-

3586 1440 77 20 cune
3676 1431 219 37 circonstance,
3911 1433 32 28 la
3957 1434 237 34 responsabilité
4218 1434 35 27 de
4278 1433 63 28 divi-

3586 1474 48 21 ser
3646 1468 44 27 les
3705 1468 74 27 voix
3794 1468 52 28 des
3861 1468 138 28 hommes
4016 1468 126 28 d'ordre:
4160 1468 18 27 à
4192 1468 163 30 l'occasion

3586 1502 53 28 des
3653 1501 144 31 élections
3827 1504 202 35 municipales
4044 1505 71 34 plus
4129 1512 107 21 encore
4265 1505 91 34 qu'en

3586 1539 84 27 toute
3684 1540 97 33 autre,
3794 1539 131 35 j'estime
3940 1539 91 35 qu'ils
4048 1543 54 25 ont
4115 1546 79 30 pour
4220 1540 133 37 premier

3586 1573 106 28 devoir
3705 1574 103 28 d'unir
3822 1577 70 27 tous
3906 1574 83 30 leurs
4009 1574 103 30 efforts
4127 1578 104 26 contte
4245 1574 97 30 l'enne-

3586 1610 44 27 mi
3643 1617 155 20 commun.

3624 1656 11 14 »
3657 1644 144 35 Recevez,
3831 1645 30 35 je
3876 1654 78 20 vous
3970 1645 76 37 prie,
4070 1654 73 21 mon
4173 1646 72 28 cher
4272 1655 64 20 mon-

3587 1681 92 34 sieur,
3686 1681 201 35 l'expression
3899 1682 37 27 de
3951 1689 64 20 mes
4030 1682 183 28 sentiments
4227 1682 45 28 les
4285 1683 71 34 plus

3587 1715 183 38 distingués.

3920 1768 9 14 »
3953 1757 130 28 ALBERT
4095 1756 182 31 DUCHESNE.
4307 1768 17 22 ».

3640 1833 155 28 Quartier
3815 1833 483 30 Saint-Germain-VAuxerrois

3624 1893 41 28 M.
3679 1894 116 37 Joseph
3809 1894 120 37 Odelin,
3946 1903 59 28 que
4026 1894 64 30 l'on
4116 1897 98 34 porte,
4232 1898 125 33 malgré

3586 1938 58 20 son
3674 1930 104 35 refus,
3806 1938 117 20 comme
3952 1931 144 27 candidat
4135 1936 220 25 conservateur

3587 1965 77 30 dans
3676 1965 30 30 le
3730 1968 137 34 quartier
3895 1967 462 35 Saint-Germain-l'Auxerrois,

3587 2004 46 26 est
3646 2009 45 20 un
3718 2002 124 28 homme
3870 2002 37 28 de
3933 2004 102 25 trente
4061 2009 66 20 ans.
4155 2002 116 35 Figure
4296 2003 61 28 très

3587 2037 229 37 sympathique,
3833 2037 107 35 grand,
3957 2037 60 28 fort
4031 2044 7 21 :
4056 2040 73 33 type
4142 2036 41 30 du
4194 2039 164 35 négociant

3569 2068 4 40 !
3587 2074 131 28 sérieux.
3735 2073 81 28 L'air
3830 2074 64 26 bon
3918 2073 118 35 enfant,
4050 2073 120 28 l'allure
4179 2068 11 15 v
4198 2074 157 30 militaire.

3587 2107 159 31 Caractère
3763 2108 60 28 très
3840 2108 175 35 énergique.

3624 2145 27 27 A
3666 2143 31 30 la
3712 2145 60 27 tête
3787 2144 90 28 d'une
3898 2144 115 34 grande
4041 2144 130 28 maison.
4186 2144 66 28 Fils
4281 2145 76 28 d'un

3588 2179 52 28 des
3657 2179 139 28 hommes
3823 2179 46 27 les
3892 2178 73 37 plus
3994 2178 126 30 vénérés
4149 2179 43 28 du
4215 2180 142 34 quartier

3587 2216 89 28 Saint
3689 2215 350 28 Germain-l'Auxerrois
4050 2222 8 28 ;
4076 2215 61 28 ami
4150 2215 37 30 de
4196 2216 70 28 tous
4276 2224 78 20 sans

3587 2250 181 28 distinction
3780 2250 37 27 de
3829 2251 80 34 parti
3924 2250 162 35 politique.

3624 2285 61 30 Sou
3697 2285 87 35 frère,
3800 2285 79 28 Paul
3909 2284 122 34 Odelin,
4044 2285 50 28 fut
4107 2293 61 21 une
4182 2284 53 30 des
4265 2294 72 21 nom

3587 2322 125 27 breuses
3726 2322 142 27 victimes
3881 2322 56 34 qui
3951 2321 172 27 tombèrent
4137 2328 74 20 sous
4225 2322 46 27 les
4283 2322 50 27 bal-

3587 2356 45 28 les
3646 2354 38 31 dé
3705 2356 32 27 la
3764 2356 180 34 Commune,
3970 2356 86 35 place
4083 2355 165 37 Vendôme,
4263 2356 30 30 le
4318 2357 39 30 22

3587 2400 84 20 mars
3685 2392 79 28 1871.

3625 2427 119 28 Ancien
3756 2426 159 30 secrétaire
3927 2426 35 28 de
3972 2426 32 28 la
4016 2426 145 30 chambre
4174 2425 157 38 syndicale
4346 2435 11 28 ;

3587 2463 65 28 très
3667 2464 183 34 compétent,
3866 2461 61 30 très
3944 2463 138 35 instruit,
4097 2463 99 35 dirige
4224 2463 117 37 l'impor-

3588 2499 69 27 tant
3671 2498 107 28 atelier
3793 2498 107 35 depuis
3913 2498 79 35 l'âge
4006 2498 38 27 de
4065 2498 90 35 vingt
4168 2498 72 37 cinq
4254 2506 65 20 ans.

3587 2546 22 17 «
3624 2533 40 30 Sa
3679 2533 200 28 candidature
3900 2533 122 28 résume
4048 2533 72 28 bien
4134 2535 28 27 Je
4176 2537 130 26 courant
4322 2535 35 28 de

3569 2569 4 37 ;
3587 2569 148 35 l'opinion
3751 2569 246 37 prédominante.
4019 2569 80 28 C'est
4124 2576 61 21 une
4213 2570 126 28 candida-

3587 2607 71 27 ture
3672 2606 163 28 d'affaires.

3621 2640 27 28 Il
3661 2648 79 20 nous
3757 2648 18 20 a
3789 2641 45 27 dit
3842 2641 110 27 l'autre
3957 2640 87 35 jour:
4062 2649 11 17 «
4083 2640 33 28 Si
4128 2640 31 35 je
4173 2641 107 27 faisais
4297 2648 60 21 une

3587 2676 174 34 profession
3776 2676 37 27 de
3827 2675 54 28 foi.
3899 2675 30 35 je
3943 2675 31 28 la
3987 2675 184 28 résumerais
4200 2675 78 30 dans
4294 2685 61 21 une

3587 2712 131 27 formule
3732 2713 63 26 très
3810 2711 119 37 simple:

3626 2758 11 14 «
3653 2747 46 28 Ou
3713 2747 47 27 vit
3776 2746 150 28 d'affaires
3938 2754 8 20 :
3959 2754 40 20 on
4012 2746 87 30 crève
4115 2746 35 28 de
4165 2746 162 37 politique.
4343 2759 11 14 »

3587 2783 85 28 Cette
3685 2783 112 35 phrase
3809 2783 85 35 peint
3907 2783 146 28 l'homme
4068 2784 69 27 tout
4152 2783 107 28 entier.

3679 2849 202 28 Huitième
3906 2849 352 28 arrondissement

3787 2909 154 28 Quartier
3953 2909 39 27 de
4009 2908 146 34 l'Europe

3585 2972 35 21 M.
3635 2973 109 27 RIANT,
3752 2973 190 21 CONSEILLER
3953 2973 244 21 CONSERVATEUR
4213 2973 143 22 SORTANT

3620 3024 46 28 Né
3679 3025 17 27 à
3711 3024 86 28 Paris
3814 3033 37 19 en
3861 3024 80 34 1827,
3970 3026 87 26 entra
4083 3025 19 27 à
4130 3024 115 28 l'Ecole
4271 3025 69 34 poly-

3585 3059 164 34 technique
3765 3069 38 20 en
3811 3059 80 35 1848,
3907 3059 84 28 éiève
4005 3060 38 27 de
4061 3059 112 28 l'Ecole
4187 3059 53 28 des
4254 3059 100 30 Mines

3585 3102 39 21 en
3637 3094 83 35 1852,
3749 3097 159 27 conseiller
3938 3096 171 35 municipal
4136 3096 37 28 do
4205 3096 87 28 Paris
4325 3098 32 26 et

3586 3131 158 27 conseiller
3758 3131 124 35 général
3908 3131 37 27 de
3959 3131 31 27 la
4011 3131 90 28 Seine
4127 3138 79 28 pour
4231 3131 32 27 la
4290 3138 50 28 pre-

3585 3167 94 27 mière
3692 3167 59 27 fois
3764 3175 39 20 en
3814 3165 83 34 1871,

3620 3202 45 27 De
3683 3202 69 27 1871
3769 3202 17 27 à
3800 3202 70 28 1878
3885 3209 18 20 a
3918 3202 46 27 été
3978 3202 135 28 membre
4128 3202 41 27 du
4183 3202 115 28 conseil
4313 3202 37 28 de

3586 3237 202 28 surveillance
3835 3239 43 27 du
3908 3237 137 28 Mont-de
4059 3237 84 28 Piété
4182 3237 38 28 de
4256 3237 98 35 Paris,

3585 3274 135 26 membre
3732 3274 38 26 de
3783 3274 33 26 la
3830 3274 197 27 commission
4042 3274 52 26 des
4107 3273 145 34 finances,
4281 3274 71 34 puis

3586 3308 52 27 des
3653 3308 122 28 affaires
3785 3308 202 37 municipales
3997 3311 30 26 et
4038 3308 52 28 des
4104 3317 80 20 eaux
4194 3311 30 26 et
4235 3309 118 34 égouls.

3585 3344 79 28 C'est
3679 3352 38 20 en
3731 3346 117 32 qualité
3866 3344 34 28 de
3927 3344 136 28 membre
4090 3345 38 27 de
4155 3344 32 28 la
4213 3345 122 27 commis-

3586 3380 67 25 sion
3670 3378 52 28 des
3735 3380 135 27 finances
3885 3379 76 35 qu'il
3972 3387 18 19 a
4003 3387 43 27 pu
4057 3379 85 28 aider
4154 3379 20 31 à
4182 3378 77 30 faire
4266 3383 86 25 voter

3585 3415 176 35 l'Emprunt
3776 3416 18 27 à
3803 3415 91 28 l'aide
3904 3416 116 34 duquel
4033 3415 30 28 le
4075 3415 168 28 boulevard
4254 3415 99 30 Saint-

3586 3450 145 27 Gerraaiu
3745 3452 31 25 et
3794 3450 141 28 l'avenue
3950 3452 35 25 de
4000 3448 119 38 l'Opéra
4139 3452 56 25 ont
4219 3451 47 27 été
4293 3458 39 19 ou-

3586 3489 84 24 verts
3696 3485 19 27 à
3739 3485 33 27 la
3795 3485 92 28 veille
3914 3487 38 27 de
3974 3485 204 35 l'Exposition
4205 3485 35 27 de
4272 3485 80 28 1878.

3586 3520 136 28 Membre
3741 3521 43 27 du
3807 3521 122 28 Conseil
3947 3521 240 34 départemental
4217 3521 37 27 de
4271 3521 70 27 l'ins-

3586 3556 132 27 truction
3733 3555 148 37 publique
3894 3563 8 27 ;
3920 3557 133 27 membre
4069 3557 40 27 du
4122 3555 124 30 Conseil
4259 3556 71 28 d'ad-

3587 3592 214 28 ministration
3813 3594 53 26 des
3878 3592 102 34 lycées
3994 3593 37 26 de
4044 3592 98 27 Paris.

3621 3626 261 28 Administrateur
3896 3627 37 27 de
3956 3626 198 28 l'Université
4180 3626 175 33 catholique

3587 3660 37 28 de
3638 3661 98 35 Paris,
3749 3661 428 28 administrateur-fondateur
4187 3663 40 27 du
4243 3661 112 37 collège

3586 3697 78 27 libre
3691 3698 35 27 de
3758 3698 32 26 la
3815 3704 54 21 rue
3902 3697 37 27 de
3960 3698 131 33 Madrid,
4120 3698 67 26 vice
4199 3698 156 34 président

3587 3732 38 28 do
3638 3732 31 27 la
3684 3732 115 28 Société
3813 3732 37 28 de
3874 3741 124 20 secours
4025 3732 136 28 mutuels
4173 3732 40 28 du
4227 3739 107 30 person-

3587 3768 51 28 nel
3653 3768 37 28 de
3704 3768 112 28 l'Hôtel
3831 3768 37 28 de
3886 3768 91 34 Ville,
3990 3768 24 28 il
4028 3769 85 27 avait
4131 3768 32 27 là
4178 3776 78 27 pour
4269 3768 72 28 collè-

3587 3810 59 28 gue
3664 3803 39 28 M.
3722 3802 145 35 Blancho,
3881 3802 131 28 l'ancien
4041 3803 159 27 secrétaire
4228 3803 124 35 général

3587 3840 37 27 do
3640 3839 39 28 M.
3693 3839 210 30 Haussmann.
3919 3839 40 28 M.
3977 3837 116 33 Herold
4106 3839 45 27 les
4166 3839 188 35 contraignit

3587 3874 19 27 à
3618 3874 116 37 quitter
3746 3878 76 25 cette
3835 3874 150 27 situation
4000 3881 38 21 en
4054 3876 163 32 menaçant
4232 3874 35 27 de
4283 3881 54 27 sup-

3587 3913 115 32 primer
3729 3911 97 27 toute'
3839 3905 165 33 allocation
4026 3908 63 28 àla
4108 3909 116 28 Société
4252 3909 27 28 si
4298 3909 57 28 elle

3587 3946 172 26 conservait
3772 3946 18 26 à
3804 3952 34 20 sa
3854 3946 59 26 tête
3928 3946 53 26 des
3994 3945 239 27 réactionnaires
4246 3952 92 26 coupa-

3587 3980 65 27 bles
3667 3980 37 28 de
3718 3980 32 27 la
3761 3980 73 28 bien
3848 3980 123 35 diriger.
3985 3980 41 28 Le
4042 3980 163 35 personnel
4217 3980 37 27 de
4267 3980 71 28 l'Hô-

3587 4017 41 27 tel
3644 4016 37 28 de
3694 4016 80 28 Ville
3790 4018 234 26 reconnaissant
4048 4023 110 21 envers
4174 4016 73 28 MM.
4264 4015 73 30 Blan-

3587 4051 54 28 che
3657 4052 30 27 et
3699 4050 106 37 Riant,
3824 4051 69 28 leur
3918 4054 73 26 vota
4023 4058 60 21 une
4109 4050 143 30 médaille
4279 4050 74 30 d'or.

3586 4087 158 28 Ministres
3777 4089 30 26 et
3839 4087 115 35 préfets
3985 4087 209 35 s'opposèrent
4219 4087 137 35 pendant

3586 4122 174 37 longtemps
3774 4122 19 27 à
3806 4122 31 27 la
3848 4122 110 27 remise
3970 4122 35 27 de
4020 4123 77 26 cette
4111 4121 155 35 médaille,
4277 4122 79 27 mais

3587 4157 30 28 le
3631 4157 165 35 personnel
3809 4159 61 27 tint
3883 4157 64 28 bon
3963 4161 30 25 et
4006 4157 31 28 la
4049 4156 143 31 médaille
4213 4157 48 28 fut
4276 4156 65 38 frap-

3587 4193 65 37 pée.

3621 4228 170 35 Préoccupé
3803 4228 52 27 des
3865 4228 128 28 intérêts
4002 4228 43 27 du
4056 4227 118 37 peuple,
4185 4227 43 30 M.
4244 4227 106 37 Riant,

3587 4264 53 28 dès
3654 4264 70 27 1873
3739 4265 104 27 ouvrit
3854 4272 59 19 une
3930 4272 167 27 campagne
4111 4264 142 27 contrôle
4266 4265 72 26 cime-

3587 4299 74 30 tière
3672 4300 37 27 de
3716 4299 87 35 Méry
3816 4306 54 21 sur
3881 4297 89 37 Oise;
3986 4300 90 34 après
4090 4299 53 27 dix
4152 4306 56 20 ans
4222 4299 37 27 de
4266 4298 89 37 lutte,

3586 4336 46 27 les
3641 4336 169 34 cimetières
3824 4336 233 34 périphériques
4068 4337 54 26 ont
4131 4336 46 27 été
4193 4335 118 28 décidés
4326 4337 31 26 et

3588 4372 71 26 sont
3686 4378 38 20 en
3752 4370 70 28 voie
3848 4370 38 28 de
3908 4371 136 27 création
4070 4377 7 21 :
4117 4370 167 28 Economie
4319 4370 38 30 de

3588 4408 99 33 temps
3704 4408 30 26 et
3748 4407 139 34 d'argent
3900 4413 79 28 pour
3992 4406 45 28 les
4052 4413 144 28 pauvres.

3622 4441 50 28 Eu
3702 4441 81 35 1879,
3804 4441 63 27 lors
3896 4441 37 28 de
3960 4441 32 28 la
4015 4448 167 30 campagne
4196 4441 161 35 organisée

3587 4485 57 28 par
3654 4478 45 27 les
3713 4476 208 38 républicains
3937 4478 103 27 contre
4051 4476 45 28 les
4110 4478 246 35 congrégations,

3588 4520 168 27 campagne
3770 4513 56 41 qui
3840 4520 39 20 ne
3906 4513 118 27 tendait
4043 4513 19 26 à
4076 4513 66 27 rien
4169 4513 103 27 moins
4286 4513 71 35 qu'à

3591 4547 32 28 la
3637 4547 198 30 confiscation
3865 4547 35 30 de
3927 4547 90 30 biens
4044 4548 204 35 appartenant
4261 4547 21 30 à
4297 4556 60 20 une

3588 4584 149 34 catégorie
3765 4584 168 28 d'hommes
3959 4591 59 27 que
4044 4583 64 28 l'on
4124 4584 137 34 frappait
4279 4591 71 20 sans

3592 4619 91 34 droit,
3711 4618 25 28 il
3764 4619 37 28 fit
3829 4618 146 30 entendre
3991 4626 48 20 ces
4061 4618 120 37 paroles
4195 4626 6 20 :
4222 4618 119 28 Arrêtez-

3588 4662 79 19 vous
3693 4655 77 26 dans
3800 4657 78 24 cette
3902 4655 70 26 voie
3992 4655 40 26 où
4054 4655 74 26 d'un
4137 4655 78 26 bout
4227 4655 38 26 de
4278 4654 80 27 l'Eu-

4401 215 74 28 rope
4499 207 19 28 à
4540 206 112 28 l'autre
4677 213 41 22 on
4744 211 43 22 va
4814 204 65 28 dira
4896 210 8 22 :
4932 204 48 30 La
4993 204 184 31 révolution

4402 243 77 27 c'est
4495 243 27 26 le
4535 243 61 26 vol.

4417 291 6 18 s
4436 278 46 30 La
4499 278 195 37 République
4707 285 40 21 ne
4760 276 157 35 possédait
4930 282 57 30 pas
5002 283 110 22 encore
5126 286 45 21 un

4401 313 118 37 budget
4537 315 37 26 de
4597 315 107 34 quatre
4731 312 154 30 milliards
4912 312 77 30 trois
5015 314 71 27 cent
5108 314 53 28 mil-

4402 348 81 30 lions
4495 350 7 28 !
4743 354 7 8 •

4437 385 28 28 Il
4492 393 19 20 a
4528 385 47 28 été
4599 385 31 28 le
4658 384 165 37 champion
4850 383 145 31 ardentde
5021 383 32 30 la
5067 384 110 30 liberté

4403 419 266 37 d'enseignement
4700 420 18 27 à
4744 423 71 25 tous
4852 419 46 28 les
4933 419 125 35 degrés;
5087 420 37 28 de
5145 420 33 27 la

4402 456 110 28 liberté
4527 457 52 27 des
4594 457 87 34 pères
4697 456 37 27 de
4752 455 119 30 famille
4884 463 9 27 ;
4924 456 37 28 de
4975 458 32 25 la
5017 454 109 31 liberté
5141 457 37 27 de

4406 491 189 34 conscience,
4611 498 73 21 sans
4700 491 135 35 laquelle
4846 491 104 28 toutes
4956 491 46 27 les
5015 493 104 33 autres
5138 500 39 20 ne

4403 529 72 27 sont
4489 528 76 27 rien.
4709 533 9 9 -

4440 563 234 27 Constamment
4689 563 84 27 réélu
4787 563 117 35 depuis
4918 562 81 28 1871.

4440 598 44 30 La
4502 598 79 30 lutte
4596 600 79 27 n'est
4698 606 57 28 pas
4774 598 143 37 possible
4945 598 105 28 contre
5078 598 57 34 lui,
5151 600 30 27 et

4403 634 74 27 c'est
4492 634 73 28 bien
4577 641 33 21 ce
4625 634 56 35 qui
4691 634 58 27 fait
4763 634 30 27 le
4806 634 157 34 désespoir
4976 634 53 27 des
5044 633 117 37 républi-

4404 669 97 30 cains.
5053 680 13 13 >

4628 717 155 31 Quartier
4798 719 46 26 du
4858 719 99 26 Route

4406 772 35 21 M.
4457 772 143 22 MAURICE
4615 774 130 27 BINDER,
4755 772 163 24 CANDIDAT
4932 774 246 24 CONSERVATEUR

4433 820 51 28 .Le
4496 817 91 38 digne
4602 820 48 28 fils
4667 821 35 28 de
4721 828 59 21 son
4802 820 84 35 père,
4900 828 44 21 un
4959 823 219 26 conservateur

4406 855 133 37 éprouvé
4554 857 30 26 et
4599 863 60 21 une
4675 856 53 28 des
4753 856 158 28 célébrités
4939 856 37 28 de
5003 856 174 30 l'industrie

4406 891 187 35 parisienne.

4442 927 41 27 M.
4500 926 136 34 Maurice
4650 926 115 30 Binder
4778 927 110 35 brigue
4910 927 28 27 le
4954 927 81 34 siège
5063 928 112 35 occupé

4407 961 107 35 depuis
4528 963 71 35 plus
4615 963 35 27 de
4664 964 97 27 douze
4775 971 57 20 ans
4846 971 57 28 par
4930 970 57 21 son
5007 963 80 37 père,
5101 964 18 28 à
5146 965 31 27 la

4408 998 190 27 satisfaction
4612 998 141 34 générale
4780 999 52 27 des
4857 998 145 28 électeurs
5029 999 41 27 du
5086 1006 73 28 quar-

4407 1032 59 28 tier
4482 1032 41 28 du
4539 1032 107 30 Roule.

4442 1068 43 28 M.
4500 1069 136 28 Maurice
4650 1069 113 28 Binder
4778 1070 72 27 s'est
4865 1069 66 35 déjà
4943 1069 58 28 fait
5015 1077 60 20 une
5091 1070 87 33 place

4408 1104 157 34 appréciée
4580 1104 76 28 dans
4670 1104 31 27 le
4713 1104 129 27 barreau
4858 1104 37 28 de
4909 1104 31 27 la
4950 1111 72 21 cour
5034 1106 35 27 de
5078 1106 99 28 Paris.

4443 1141 118 27 AVocat
4578 1140 35 28 de
4630 1140 31 28 la
4687 1140 117 30 Société
4831 1140 35 28 de
4896 1148 122 20 secours
5041 1142 137 27 mutuels

4408 1174 53 28 des
4475 1182 76 26 gens
4565 1176 37 27 de
4615 1176 120 28 maison
4752 1176 40 27 du
4815 1176 149 27 huitième
4993 1176 169 28 arrondisse-

4408 1213 96 25 ment.

4443 1246 118 27 Ancien
4576 1247 158 27 rédacteur
4748 1254 41 27 ap
4801 1247 100 27 Paris
4915 1247 155 28 Journal.

4444 1280 77 28 S'est
4537 1281 158 37 beaucoup
4711 1283 112 35 occupé
4834 1283 53 28 des
4903 1284 158 34 questions
5075 1284 80 28 muni-

4408 1316 123 37 cipales.

4446 1352 37 27 Se
4495 1352 141 35 présente
4650 1352 69 30 seul
4736 1361 74 22 avec
4832 1352 118 38 l'appui
4974 1354 35 30 de
5035 1356 70 27 tous
5132 1355 46 30 les

4408 1391 236 26 conservateurs
4657 1389 116 28 réunis.

4444 1423 57 27 Les
4518 1423 145 28 életceurs
4676 1424 41 27 du
4733 1424 138 35 quartier
4884 1423 43 28 du
4955 1424 109 35 Roule,
5080 1434 38 20 en
5145 1427 27 28 le

4409 1461 172 33 nommant,
4597 1462 112 26 auront
4720 1467 45 21 un
4786 1460 213 35 repi'ésentant
5014 1462 123 27 sérieux
5150 1463 31 26 et

4409 1494 118 27 dévoué
4543 1495 35 26 de
4604 1495 84 27 leurs
4700 1495 139 33 intérêts,
4854 1495 115 35 auquel
4977 1495 158 37 l'exemple
5150 1501 30 25 et

4408 1528 46 30 les
4470 1530 131 30 conseils
4611 1530 155 37 paternels
4780 1538 39 21 ne
4832 1531 102 28 feront
4938 1532 113 34 jamais
5065 1533 115 28 défaut.

4517 1618 196 30 Seizième
4731 1619 353 31 arrondissement

4604 1669 152 28 Quartier
4768 1670 39 27 de
4825 1670 32 27 la
4871 1670 122 27 Muette

4447 1737 33 21 M.
4500 1736 170 28 AGLOCQUE,
4690 1737 190 22 CONSEILLER
4898 1737 246 25 CONSERVATEUR

4728 1774 141 21 SORTANT

4447 1815 41 30 M.
4504 1815 164 39 Aclocque,
4696 1817 150 34 quarante
4858 1822 57 20 ans
4924 1824 11 26 ;
4950 1817 77 27 sorti
5048 1817 65 28 l'un
5130 1818 53 27 des

4410 1852 151 34 premiers
4594 1852 37 27 de
4663 1851 89 30 Saint
4763 1851 72 34 Cvr,
4870 1852 86 27 entra
4976 1852 85 30 dans,
5086 1852 84 28 l'état-

4413 1887 100 34 major
4527 1886 89 37 après
4631 1886 87 30 avoir
4746 1887 91 35 passé
4852 1893 56 28 par
4920 1886 112 30 l'Ecole
5047 1886 118 38 d'appli-

4411 1924 116 30 cation.

4447 1958 262 27 Démissionnaire
4737 1965 79 27 pour
4831 1958 132 34 pouvoir
4977 1959 103 27 entrer
5099 1959 78 27 dans

4410 1993 185 37 l'industrie,
4611 2001 71 21 vers
4704 1993 133 37 laquelle
4846 1993 143 30 l'attirait
5001 2002 61 20 une
5091 2002 78 21 voca

4411 2029 66 27 tion
4493 2029 139 34 spéciale,
4649 2029 24 27 il
4685 2029 48 27 fut
4756 2029 67 27 l'un
4850 2029 53 27 des
4922 2029 178 28 fondateurs
5128 2030 53 27 des

4411 2065 247 28 établissements
4691 2063 255 37 métallurgiques
4976 2065 38 28 de
5037 2065 143 35 l'Ariège,

4411 2100 76 28 dont
4500 2100 25 28 il
4539 2100 107 28 devint
4654 2100 150 28 directeur
4817 2108 38 20 en
4870 2099 80 30 1865.
4968 2100 78 28 Sous
5059 2101 125 28 l'habile

4410 2135 171 35 impulsion
4596 2134 76 38 qu'il
4684 2134 69 28 leur
4765 2135 115 33 donna,
4894 2134 44 30 les
4950 2135 103 35 forges
5068 2135 37 28 de
5119 2135 48 28 l'A-

4410 2171 83 35 riège
4507 2172 119 34 prirent
4641 2179 44 20 un
4701 2171 254 35 développement
4969 2171 209 28 considérable

4411 2207 30 27 et
4456 2213 32 20 se
4504 2206 219 35 complétèrent
4734 2213 56 28 par
4800 2206 44 27 les
4858 2206 122 27 ateliers
4989 2206 40 27 du
5041 2206 139 31 matériel

4411 2243 35 26 de
4461 2242 122 28 chemin
4597 2242 35 28 de
4644 2242 46 28 fer
4701 2244 28 26 et
4744 2242 43 27 du
4813 2242 139 28 matériel
4968 2242 35 28 de
5019 2249 107 26 guerre
5139 2243 27 28 ci-

4411 2277 46 27 tés
4469 2277 100 34 parmi
4584 2277 44 27 les
4643 2276 71 35 plus
4741 2277 185 34 importants
4942 2278 35 27 de
5003 2277 117 28 France
5147 2280 31 27 et

4411 2313 200 28 entièrement
4625 2313 59 30 dus
4698 2311 18 27 à
4731 2319 57 21 son
4804 2311 165 28 initiative.

4447 2348 47 28 En
4508 2348 80 34 1870,
4604 2348 43 28 M.
4662 2347 152 37 Aclocque
4840 2348 96 34 reprit
4950 2348 41 28 du
5008 2349 115 27 service
5133 2356 8 26 ;
5157 2349 22 27 il

4411 2382 50 30 fut
4474 2383 123 27 nommé
4611 2382 71 28 chef
4708 2382 73 28 d'un
4794 2382 151 28 bataillon
4969 2383 53 27 des
5048 2383 131 28 mobiles

4413 2419 35 28 de
4461 2419 133 35 l'Ariège
4606 2426 9 27 ;
4630 2419 123 28 nommé
4767 2418 118 30 colonol
4900 2419 43 27 du
5015 2419 162 34 régiment,

4411 2454 24 27 il
4448 2454 37 28 fit
4494 2454 45 27 les
4560 2456 183 33 campagnes
4773 2454 81 27 delà
4878 2453 91 28 Loire
4983 2456 31 26 et
5041 2452 37 31 de
5091 2454 87 32 l'Est.

4411 2490 115 31 Décoré
4539 2497 79 28 pour
4630 2497 35 20 sa
4691 2489 79 30 belle
4786 2489 143 28 conduite
4944 2489 19 28 à
4990 2490 183 35 Coulmiers,

4411 2526 24 26 il
4447 2526 48 26 fut
4509 2526 118 33 envoyé
4643 2532 54 27 par
4717 2524 30 28 le
4761 2524 210 35 département
4993 2525 37 28 de
5043 2526 133 35 l'Ariège

4413 2561 18 27 à
4443 2559 200 30 l'Assemblée
4656 2559 170 28 nationale.

4448 2596 81 28 C'est
4544 2604 43 19 un
4603 2596 53 27 des
4678 2596 141 27 hommes
4844 2595 54 35 qui
4926 2596 200 28 connaissent
5154 2596 30 28 le

4411 2631 107 28 mieux
4532 2631 31 28 la
4576 2630 124 30 fortune
4714 2633 30 26 et
4757 2630 45 28 les
4826 2637 175 21 ressources
5030 2631 38 28 de
5094 2633 90 28 notre

4410 2675 90 27 pays.

4447 2702 123 28 Peintre
4584 2702 118 34 estimé,
4716 2702 25 27 il
4754 2702 77 27 s'est
4838 2702 106 34 reposé
4959 2702 37 27 de
5010 2709 50 20 ses
5070 2702 107 28 études

4411 2746 38 21 en
4461 2739 156 34 envoyant
4631 2745 64 21 aux
4707 2737 102 30 divers
4827 2737 105 28 salons
4957 2737 46 28 les
5029 2739 149 34 portraits

4411 2773 41 28 du
4468 2773 123 35 général
4603 2773 99 33 Borel,
4719 2773 37 27 de
4768 2772 132 28 l'amiral
4911 2772 156 35 Pothuau,
5082 2773 37 28 de
5128 2773 38 28 l'é-

4411 2809 100 28 diteur
4526 2807 113 34 Dentu,
4646 2809 56 34 qui
4708 2809 86 27 vient
4806 2807 39 28 de
4858 2807 128 28 mourir.
5001 2807 60 28 Son
5069 2817 106 20 œuvre

4410 2844 169 35 principale
4594 2845 46 26 est
4654 2844 28 27 lo
4696 2844 136 27 Fumoir
4847 2845 39 26 de
4904 2843 202 30 l'Assemblée
5119 2852 40 20 na-

4415 2881 135 27 tionale.

4496 2941 215 28 Neuvième
4737 2941 352 28 arrondissement

4446 2992 40 28 Ce
4500 2992 94 35 soir,à
4607 2992 31 27 la
4650 2992 109 27 mairie
4774 2992 130 34 Drouot,
4919 2992 115 31 grande
5047 2992 133 28 réunion

4409 3027 150 35 publique
4574 3028 158 33 organisée
4759 3034 56 27 par
4839 3027 43 27 M.
4911 3027 107 34 Berry,
5048 3027 77 28 dont
5152 3028 31 26 la

4410 3063 198 28 candidature
4624 3063 78 27 dans
4726 3061 32 27 la
4773 3061 154 28 Chaussée
4941 3061 126 30 d'Antin
5092 3070 19 20 a
5138 3061 46 31 été

4410 3099 155 27 annoncée
4579 3106 56 27 par
4648 3098 28 28 le
4689 3099 97 27 Soleil
4801 3098 106 28 d'hier.

4514 3158 181 28 Dixième
4714 3158 351 28 arrondissement

4474 3217 154 30 Quartier
4651 3217 38 27 de
4715 3217 404 27 Saint-Vincent-de-Paul

4410 3282 37 21 M.
4467 3282 267 26 DENONVILLIERS,
4753 3282 163 20 CANDIDAT
4939 3281 247 21 CONSERVATEUR

4444 3332 74 34 Age,
4532 3333 99 27 trente
4645 3333 48 26 six
4708 3339 69 27 ans,
4792 3333 109 27 maître
4917 3331 35 30 de
4967 3332 100 35 forges
5082 3331 19 28 à
5117 3332 54 28 Ser

4409 3367 97 27 maize
4519 3367 164 27 sur-Saulx
4698 3367 141 34 (Marne),
4866 3367 129 27 licencié
5021 3374 39 20 en
5087 3367 98 33 droit,

4408 3403 118 27 officier
4552 3403 52 27 des
4629 3403 130 27 mobiles
4787 3403 41 28 du
4856 3403 137 35 quartier
5015 3403 38 27 de
5078 3402 100 30 Saint-

4408 3438 132 27 Vincent
4553 3438 129 27 de-Paul
4694 3438 136 34 pendant
4844 3438 28 27 le
4887 3438 92 34 siège.
4993 3438 46 27 Né
5052 3438 78 27 dans
5148 3438 30 27 le

4409 3474 131 27 dixième
4556 3472 270 35 arrondissement,
4843 3472 76 35 qu'il
4933 3482 18 18 a
4970 3474 143 33 toujours
5128 3472 37 28 ha-

4408 3509 76 31 bité,
4496 3516 32 20 ce
4545 3509 54 34 qui
4613 3509 79 27 n'est
4707 3516 56 27 pas
4778 3509 28 27 le
4822 3516 50 20 cas
4885 3509 37 27 de
4936 3508 32 28 la
4982 3509 126 34 plupart
5125 3508 53 28 des

4409 3543 171 28 candidats.

4444 3579 74 28 Très
4533 3579 87 28 versé
4635 3579 77 28 dans
4724 3579 46 28 les
4786 3579 158 35 questions
4959 3579 221 35 industrielles;

4409 3615 195 33 compétence
4617 3614 131 34 spéciale
4763 3614 76 27 dans
4853 3614 46 27 les
4928 3615 159 34 questions
5102 3614 64 28 d'as

4410 3657 146 21 surances
4570 3651 28 27 et
4613 3650 37 27 do
4665 3650 231 35 charbonnages
4912 3648 77 28 dont
4997 3650 24 27 il
5035 3657 19 20 a
5067 3650 47 28 été
5130 3650 35 27 ad-

4408 3685 224 34 ministrateur,
4649 3692 113 27 occupe
4791 3686 35 27 de
4841 3684 174 30 nombreux
5028 3686 152 33 ouvriers,

4410 3720 77 27 dont
4499 3719 22 27 il
4537 3728 18 20 a
4571 3719 167 37 développé
4740 3750 6 11 (
4766 3719 31 27 la
4811 3719 73 28 bien
4897 3722 63 25 être
4975 3719 99 28 moral
5087 3723 32 25 et
5132 3719 35 28 in-

4409 3755 165 35 tellectuel,
4591 3764 38 19 en
4643 3756 131 27 fondant
4787 3756 52 26 des
4853 3756 110 33 écoles,
4988 3756 53 27 des
5067 3756 116 27 caisses

4409 3791 246 27 d'alimentation
4682 3793 30 25 et
4743 3791 37 27 do
4795 3797 122 24 secours
4932 3790 148 30 mutuels.
5106 3790 77 27 Très

4409 3826 203 28 sincèrement
4641 3826 80 28 aimé
4741 3826 35 28 de
4809 3834 48 19 ses
4871 3835 7 6 •
4891 3827 150 27 ouvriers.
5066 3826 51 28 Un
5130 3826 54 28 des

4409 3863 197 26 concurrents
4623 3862 37 27 de
4674 3861 41 28 M.
4742 3861 242 33 Denonvilliers,
4997 3861 30 28 le
5053 3861 129 28 docteur

4408 3896 111 34 Fiaux,
4535 3896 78 28 n'est
4629 3905 100 20 connu
4743 3905 59 27 que
4817 3905 77 27 pour
4905 3896 87 27 avoir
5002 3895 130 37 proposé
5147 3896 38 28 de

4409 3932 175 35 débaptiser
4602 3932 45 28 les
4659 3932 151 35 hôpitaux
4825 3933 35 27 de
4877 3932 138 34 Paris,en
5028 3931 67 28 leur
5109 3932 61 27 don-

4408 3971 79 25 nant
4501 3967 52 27 des
4569 3974 89 20 noms
4674 3969 85 26 aussi
4774 3967 104 27 faciles
4903 3967 17 26 à
4935 3967 113 27 retenir
5061 3973 61 28 que
5138 3973 31 21 ce-

4408 4003 46 28 lui
4469 4003 162 34 d'Hôpital
4644 4005 56 26 des
4728 4004 109 27 Droits
4857 4003 38 28 de
4916 4003 145 27 l'homme
5075 4005 31 25 et
5135 4004 45 26 du

4409 4039 137 33 citoyen,
4558 4046 40 20 au
4610 4039 63 27 lieu
4685 4038 19 27 d
4704 4037 135 35 'hôpitàl
4853 4039 45 26 du
4912 4038 154 35 Aftcîî,par
5083 4045 87 20 exern
5180 4052 8 6 -

4408 4074 64 33 pie.

4443 4188 44 30 M.
4500 4188 135 30 Maurice
4648 4188 229 30 Denonvilliers
4896 4189 86 28 avait
4996 4188 99 30 invité
5111 4189 52 28 Mai-

4410 4225 63 27 soir
4486 4225 45 27 les
4546 4226 146 26 électeurs
4709 4225 35 27 de
4760 4232 57 20 son
4840 4226 137 34 quartier
4993 4226 18 25 à
5026 4232 63 20 une
5115 4225 52 28 réu-

4410 4260 76 28 nion
4505 4260 159 37 publique,
4677 4260 137 37 présidée
4827 4267 57 28 par
4894 4260 43 28 M.
4952 4259 98 35 Galla,
5068 4260 112 35 député

4410 4296 146 34 royaliste
4576 4296 37 28 de
4625 4296 98 28 Paris.

4444 4330 44 31 M.
4504 4330 96 35 Galla,
4616 4331 74 28 dont
4703 4331 32 27 la
4749 4330 79 30 mâle
4840 4331 144 37 figurent
5006 4331 70 28 l'air

4410 4365 78 30 taire
4515 4367 146 28 faisaient
4687 4367 200 28 visiblement
4912 4368 185 34 impression
5127 4375 53 21 sur

4410 4402 202 34 l'assistance,
4626 4409 19 20 a
4658 4404 110 26 ouvert
4795 4402 31 28 la
4850 4402 109 28 séance
4974 4410 56 27 par
5043 4410 61 20 une
5131 4410 39 20 ex
5178 4402 4 35 -

4410 4436 129 30 cellente
4553 4437 168 28 allocution
4736 4446 53 20 sur
4802 4437 32 28 la
4847 4437 151 28 nécessité
5014 4437 165 37 d'envoyer

4413 4480 41 20 au
4469 4473 123 28 Conseil
4619 4474 181 34 municipal,
4825 4480 64 20 non
4917 4480 57 28 pas
5000 4473 53 28 des
5081 4474 89 34 politi-

4411 4508 84 28 ciens
4508 4508 79 28 mais
4612 4508 52 28 des
4680 4508 139 30 hommes
4834 4508 159 35 d'affaires,
5010 4508 53 28 des
5087 4508 77 28 admi-

4411 4544 196 28 nistrateurs.

4448 4578 43 30 M.
4506 4579 137 30 Maurice
4663 4579 241 35 Denonvilliers,
4919 4579 56 38 qui
5003 4587 19 20 a
5044 4579 67 37 pris
5137 4587 34 21 en-

4414 4616 80 27 suite
4508 4616 31 27 la
4565 4615 116 37 parole,
4697 4622 18 21 a
4742 4616 92 27 traité
4863 4624 74 20 avec
4959 4617 158 34 beaucoup
5145 4617 39 26 do

4413 4650 143 30 bonheur
4591 4650 44 30 les
4668 4650 159 35 questions
4859 4650 203 35 municipales
5105 4650 76 30 dont

302 4802 354 47 FEUILLETON
694 4801 78 40 DU
809 4798 257 43 GAULOIS

504 4864 47 21 DTT
574 4854 41 31 30
637 4861 111 24 AVRIL
768 4852 79 32 1884

646 4983 58 32 LS

332 5457 87 32 Mais
433 5456 119 32 l'oncle
567 5454 86 32 Jean
669 5461 38 24 se
720 5453 150 40 regimba
886 5461 7 21 :

385 5497 73 31 Mes
470 5493 278 40 divagations?...
775 5493 122 37 Tenez,
921 5493 34 38 je
984 5500 85 24 vous

294 5537 65 32 fais
372 5537 78 39 juge
462 5545 7 20 :
487 5533 129 41 Depuis
632 5533 91 31 deux
736 5533 132 34 heures,
898 5532 25 31 il
952 5533 51 31 est
1023 5533 45 39 là,

293 5576 135 41 parlant
443 5575 41 31 de
497 5574 96 40 foyer
604 5572 93 39 vide,
711 5571 203 32 d'existence
935 5572 132 39 inutile,

293 5614 278 34 d'écœurement!
604 5611 206 40 Comparant,
835 5611 162 32 l'homme
1029 5611 40 32 de

293 5656 110 31 trente
419 5661 60 22 ans
495 5655 20 30 à
536 5653 163 32 l'homme
729 5650 40 32 de
798 5652 162 38 quarante
978 5653 7 30 !
1016 5660 53 24 me

293 5693 207 33 demandant
541 5695 19 27 à
601 5689 319 40 brûle-pourpoint,
965 5691 31 32 si
1036 5691 33 39 je

293 5735 50 32 lui
383 5732 161 33 conseille
570 5731 119 32 d'aller
717 5732 20 30 à
771 5730 263 40 Buenos-Ayres
1059 5732 7 30 I

293 5774 46 32 Ce
360 5773 103 31 chaos
485 5772 86 32 n'est
586 5770 26 31 il
640 5778 61 31 pas
730 5769 32 32 le
782 5769 142 32 résultat
939 5771 45 30 du
1004 5772 50 30 tra-

293 5813 70 32 vail
377 5811 210 33 inconscient
601 5811 61 38 qui
674 5817 37 24 se
725 5809 63 31 fait
802 5818 40 21 en
855 5809 51 31 lui
915 5810 56 32 ?...
986 5810 81 39 Moi,

291 5854 50 39 j'y
359 5852 77 31 vois
451 5851 61 31 des
528 5851 113 39 signes
656 5849 217 40 précurseurs
888 5849 41 32 de
945 5849 33 32 la
1000 5857 45 24 mo-

295 5891 159 33 nomarrie
469 5890 46 31 du
528 5888 161 40 mariage.

332 5930 109 32 —En
465 5930 89 37 effet,
581 5928 33 32 le
643 5937 57 22 cas
726 5929 53 30 est
813 5928 117 40 grave!
1019 5928 50 32 dit

293 5970 116 32 Pierre
422 5978 43 24 en
480 5969 100 32 riant.

397 6009 53 32 Eh
477 6008 96 32 bien!
601 6008 31 31 si
654 6008 73 32 cela
756 6009 63 34 est,
914 6008 155 40 répoudit

293 6050 47 32 M.
365 6050 41 31 de
432 6050 34 30 la
496 6047 128 38 Londe,
713 6047 81 31 c'est
819 6047 142 32 fâcheux
984 6054 85 33 pour

293 6090 71 32 moi
377 6091 47 30 !...
442 6087 40 32 Je
496 6096 43 24 ne
554 6086 71 32 suis
635 6094 61 32 pas
710 6087 46 31 du
767 6087 74 32 tout
853 6096 40 22 en
905 6087 164 32 situation

293 6130 43 31 de
357 6137 54 24 me
424 6128 164 32 marier...
605 6126 40 31 Je
659 6133 44 25 ne
730 6126 72 31 suis
834 6133 60 33 pas
930 6126 84 33 dans
1038 6126 31 33 le

294 6169 230 35 mouvement,
547 6167 87 31 moi!

389 6208 31 31 Il
439 6206 87 38 faut,
595 6204 120 33 s'écria
743 6207 73 31 tout
831 6207 18 30 à
865 6214 85 32 coup
965 6206 45 32 M.
1025 6206 44 32 de

294 6248 118 34 Skaër,
423 6249 86 27 —te
523 6244 84 32 faire
621 6246 268 38 présenter.'chez
917 6247 33 30 la
978 6246 91 31 tante

293 6287 43 32 de
365 6285 286 34 Jouan!...'dans
681 6283 87 32 deux
803 6285 89 32 mois
919 6287 39 30 tu
973 6293 94 24 seras

293 6327 165 32 marié!...

384 6363 90 35 Mais
535 6363 50 33 dit
593 6364 116 31 André
717 6365 145 38 surpris,
924 6364 89 32 Mme
1028 6364 41 32 de

293 6405 124 39 Jouan,
445 6403 57 32 n'a
530 6411 129 24 aucune
674 6403 113 32 raison
802 6404 40 32 de
857 6403 211 33 s'intéresser

296 6446 21 31 à
331 6445 126 32 moi!...
475 6444 64 31 elle
548 6451 56 24 me
619 6443 136 31 connaît
769 6443 20 31 à
802 6444 97 39 peine
914 6445 72 30 et...

387 6482 98 35 Naïf!
500 6483 35 39 je
557 6491 41 22 ne
625 6483 33 31 te
671 6482 53 31 dis
738 6489 64 33 pas
817 6482 122 41 qu'elle
953 6482 97 33 s'inté-

293 6530 136 26 ressera
443 6524 20 30 à
476 6522 61 39 toi,
552 6521 87 32 mais
656 6530 39 30 ça
717 6529 43 25 ne
775 6521 219 43 l'empêchera
1006 6530 63 32 pas

293 6563 44 33 de
350 6563 86 32 faire
451 6569 63 25 son
528 6561 118 33 métier
658 6563 48 31 !...

389 6602 45 32 Et
448 6609 86 24 vous
541 6608 107 32 serez,
664 6609 43 24 au
717 6601 177 40 contraire,
909 6609 69 26 une
991 6602 59 39 pré-

293 6643 116 33 cieuse
436 6648 117 25 recrue
574 6648 87 32 pour
676 6641 33 31 la
723 6641 144 39 maison,
937 6641 47 33 dit
999 6641 47 32 La-

294 6680 129 41 gardie.
491 6680 66 33 Les
573 6680 157 32 hommes
738 6689 24 31 y
776 6684 78 30 sont
867 6680 71 32 très
958 6689 109 33 rares,

294 6722 116 31 tandis
424 6719 83 40 qu'il
520 6729 24 31 y
562 6729 19 22 a
596 6719 272 33 encombrement
885 6719 40 33 de
940 6720 106 32 demoi-

295 6761 103 33 selles
423 6768 65 31 que
511 6761 84 31 cette
622 6768 126 32 pauvre
767 6759 151 33 baronne
932 6770 41 22 ne
990 6769 57 31 par-

296 6800 98 32 vient
406 6807 63 33 pas
491 6800 19 31 à
537 6807 133 25 caser...
702 6798 89 35 C'est
820 6798 81 39 qu'il
914 6800 96 33 suffit
1025 6800 43 33 de

282 6874 7 9 v
326 6874 211 32 Reproduction
552 6875 28 25 et
592 6874 164 26 traduction
776 6875 157 26 interdite».
1009 6876 44 26 S'a-

296 6904 118 30 tfreamr
425 6906 18 24 A
465 6905 47 28 M,
531 6905 80 27 Gaina
615 6905 158 28 annLévy,
788 6905 26 28 S,
828 6912 52 21 rue
892 6907 105 26 Aubcr.

1121 4795 89 31 deux
1238 4801 43 24 ou
1305 4793 85 31 trois
1420 4793 112 40 stages
1554 4800 46 24 un
1631 4801 64 32 peu
1709 4792 79 41 long
1802 4801 85 33 pour

1121 4833 198 33 discréditer
1338 4832 249 40 l'entreprise...

1219 4873 176 33 Gomment
1408 4873 7 30 1
1431 4872 219 32 —demanda
1664 4872 116 34 André
1806 4873 84 32 saisi

1176 4915 103 31 est-ce
1296 4919 65 32 que
1370 4912 89 31 Mme
1469 4912 40 32 de
1519 4912 150 32 Jouan...

1160 4952 32 33 Il
1206 4952 150 38 s'arrêta,
1374 4951 182 32 cherchant
1569 4959 46 24 un
1630 4952 72 32 mot
1713 4952 59 39 qui
1782 4952 91 40 expri-

1122 4993 71 32 mât
1217 4991 163 40 poliment
1407 4998 37 24 sa
1467 4991 313 40 pensée.-Lagardie
1805 5001 43 24 ne
1860 4993 31 32 le

1123 5031 107 34 laissa
1245 5039 60 31 pas
1320 5031 152 32 achever.

1222 5072 89 31 Mme
1323 5070 41 32 de
1377 5070 110 32 Jouan
1499 5070 65 38 est,
1578 5079 84 31 pour
1675 5072 217 38 l'instant,"ce

1123 5121 65 32 que
1201 5119 87 25 nous
1304 5119 104 24 avons
1423 5111 40 31 de
1476 5111 79 40 plus
1565 5112 74 31 chic
1646 5120 40 24 en
1701 5112 61 31 fait
1769 5112 40 31 de
1824 5120 46 22 ma-

1121 5154 124 31 rieuse.
1266 5153 90 30 Rien
1381 5153 58 28 des
1462 5159 155 30 agences,
1630 5152 87 31 mais
1739 5151 120 32 affiliée
1872 5152 21 31 à

1122 5193 111 31 toutes
1250 5200 9 30 ;
1277 5191 63 31 elle
1355 5192 189 39 appartient
1558 5198 44 24 au
1611 5192 74 31 vrai
1700 5192 120 31 monde
1832 5200 61 31 par

1123 5239 63 24 son
1212 5231 141 39 origine,
1369 5238 56 24 ses
1453 5231 158 31 alliances
1641 5232 33 31 et
1698 5239 61 24 son
1775 5232 99 32 éduca-

1121 5272 86 35 tion,
1217 5272 45 37 et,
1272 5269 97 41 grâce
1383 5270 91 32 àuné
1486 5270 135 32 fortune
1636 5271 80 32 dont
1731 5271 162 40 quelques

1121 5310 118 33 initiés
1274 5311 92 30 seuls
1401 5311 217 30 connaissent
1651 5311 34 31 la
1859 5311 34 32 et

1123 5350 229 39 soupçonnent
1385 5349 244 39 l'importance,
1667 5350 63 32 elle
1763 5359 24 31 y
1807 5350 87 32 tient

1123 5389 298 33 convenablement
1454 5396 63 25 son
1545 5398 91 31 rang.
1674 5389 132 33 Maison
1837 5398 38 24 ou-

1122 5432 105 35 verte,
1241 5428 92 33 table
1346 5428 194 39 excellente,
1564 5428 73 40 loge
1651 5431 20 31 à
1685 5428 190 40 i'Opéra-Co-

1123 5470 115 39 mique
1250 5477 84 32 pour
1343 5472 177 28 entrevues
1533 5478 8 28 ;
1558 5470 248 39 respectabilité
1819 5478 56 31 par-

1122 5510 122 31 faite...
1259 5516 84 32 pour
1358 5510 77 30 tous
1450 5516 84 24 ceux
1550 5507 70 40 qui,
1636 5510 136 39 n'ayant
1786 5518 109 28 paseu

1123 5549 21 32 à
1180 5555 118 33 passer
1335 5556 81 22 sous
1449 5556 56 24 ses
1538 5549 156 33 fourches
1721 5549 172 39 caudines,

1123 5589 97 31 n'ont
1232 5596 61 31 pas
1307 5588 86 40 payé
1421 5587 73 32 leur
1508 5588 85 40 petit
1607 5590 72 28 tant
1708 5598 84 31 pour
1806 5590 86 31 cent.

1219 5628 44 31 Ce
1277 5636 125 31 pauvre
1408 5627 113 32 André
1532 5629 7 28 !
1604 5628 51 31 dit
1668 5628 117 32 l'oncle
1798 5628 93 40 Jean,

1123 5669 126 39 voyant
1290 5668 30 30 la
1362 5667 249 40 physioniomie
1648 5668 177 39 stupéfaite
1853 5669 40 31 de

1122 5708 46 31 M.
1186 5708 39 30 de
1238 5707 33 31 la
1285 5706 117 32 Lonae
1410 5717 11 28 ;
1489 5706 26 31 il
1539 5708 91 30 avait
1649 5708 155 37 joliment
1825 5709 52 30 rai-

1123 5754 64 25 son
1201 5747 76 31 tout
1291 5746 19 31 à
1323 5746 138 38 l'heure,
1476 5746 41 33 de
1530 5754 87 24 nous
1625 5747 71 32 dire
1713 5748 80 39 qu'il
1806 5746 89 34 n'est

1123 5794 61 32 pas
1196 5786 85 32 dans
1293 5786 33 31 le
1339 5787 214 32 mouvement
1566 5787 6 30 !

1225 5826 87 32 C'est
1323 5825 162 40 possible,
1552 5826 141 39 repartit
1704 5826 115 33 André
1832 5837 11 28 ;

1124 5865 87 32 mais
1226 5874 84 31 pour
1324 5865 73 33 rien
1415 5874 40 24 au
1469 5865 122 32 monde
1604 5867 32 38 je
1650 5875 43 24 ne
1708 5875 53 24 me
1775 5867 100 32 marie-

1123 5904 70 33 rais
1209 5904 86 32 dans
1317 5904 208 39 dépareilles
1537 5907 227 31 conditions...
1787 5906 90 32 D'ail-

1123 5944 104 39 leurs,
1245 5944 33 38 je
1292 5953 44 24 ne
1345 5946 71 31 sais
1430 5953 61 31 pas
1505 5947 168 38 pourquoi
1684 5948 38 28 tu
1735 5954 90 24 veux
1839 5955 54 22 me

1123 5983 183 40 persuader
1335 5992 64 32 que
1421 5986 35 37 je
1479 5985 74 31 dois
1567 5992 56 24 me
1644 5985 124 33 marier
1782 5987 47 31 !...
1857 5986 37 32 Si

1121 6026 34 38 je
1169 6025 221 37 rencontrais,
1402 6032 80 22 sans
1496 6024 35 31 la
1545 6024 170 38 chercher,
1731 6034 66 22 une
1811 6025 61 32 fem-

1123 6072 54 22 me
1193 6064 59 45 qui
1265 6072 54 22 me
1348 6064 146 38 convînt,
1519 6064 33 40 je
1565 6064 102 32 ferais
1681 6066 165 39 peut-être
1860 6066 34 30 la

1124 6103 119 32 sottise
1271 6103 40 31 de
1337 6103 164 39 l'épouser
1512 6113 9 30 ;
1537 6104 87 31 mais
1651 6113 66 24 une
1743 6105 69 32 fille
1835 6105 58 40 qui

1123 6143 120 32 chasse
1271 6150 67 24 aux
1364 6143 119 38 maris,
1495 6143 124 39 jamais
1636 6146 6 28 !

1217 6182 66 32 Les
1294 6183 118 38 jeunes
1427 6182 89 33 filles
1531 6183 57 40 qui
1602 6185 80 31 vont
1695 6184 79 33 chez
1800 6184 91 33 Mme

1122 6220 44 33 de
1180 6222 110 31 Jouan
1310 6230 41 22 ne
1367 6222 158 32 chassent
1537 6230 60 32 pas
1611 6224 112 31 toutes
1740 6231 66 24 aux
1819 6231 47 25 ma-

1122 6261 63 37 ris,
1263 6261 157 40 expliqua
1447 6261 175 41 Lagardie.
1711 6263 90 32 Pour
1830 6272 64 31 que

1123 6309 63 22 son
1199 6301 85 46 petit
1298 6307 185 26 commerce
1498 6302 50 30 lui
1572 6302 110 33 donne
1702 6302 60 33 des
1779 6302 94 33 résul-

1122 6341 69 31 tats
1206 6341 190 37 fructueux,
1410 6340 25 32 il
1447 6341 96 32 suffit
1556 6350 63 31 que
1632 6341 90 33 l'une
1733 6343 59 32 des
1806 6344 87 31 deux

1122 6380 154 32 victimes
1304 6380 66 31 soit
1394 6380 85 31 dans
1498 6380 33 33 le
1556 6384 117 37 secret,
1689 6381 204 33 c'est-à-dire

1122 6419 48 32 ait
1182 6419 167 33 contracté
1363 6428 47 24 un
1421 6419 69 33 bon
1509 6422 84 38 petit
1607 6424 217 38 engagement
1839 6423 35 31 ré-

1121 6458 107 41 gulier
1244 6470 9 28 ;
1267 6459 106 39 aussi,
1402 6459 130 32 voit-on
1559 6461 80 31 chez
1663 6465 34 27 la
1728 6462 164 38 baronne,

1121 6501 59 30 des
1195 6507 83 31 gens
1292 6498 98 32 d'une
1404 6498 224 33 honorabilité
1655 6501 236 39 indiscutable,

1122 6537 59 41 qui
1206 6539 83 31 vont
1316 6541 33 28 et
1372 6539 159 32 viennent
1560 6540 84 32 dans
1674 6549 54 22 ses
1765 6542 128 38 salons,

1121 6586 131 24 comme
1277 6576 60 33 des
1358 6578 149 40 pantins,
1533 6586 79 25 sans
1642 6589 37 22 se
1707 6580 118 32 douter
1852 6582 40 31 de

1121 6617 170 33 l'habileté
1313 6617 243 34 désintéressée
1585 6620 39 31 de
1652 6620 32 31 la
1714 6621 92 31 main
1835 6622 57 38 qui

1121 6657 63 32 fait
1209 6657 157 33 mouvoir
1390 6657 90 33 leurs
1496 6659 54 31 fils
1567 6667 7 28 ;
1592 6667 44 26 on
1656 6667 41 25 va
1721 6661 46 37 là,
1794 6667 99 33 pares

1123 6705 64 32 que
1209 6697 33 32 la
1253 6698 135 31 maison
1402 6697 84 32 n'est
1499 6704 60 35 pas
1578 6699 66 31 mal
1668 6700 110 39 cotée;
1794 6707 45 25 on
1869 6709 22 31 y

1121 6737 102 35 reste,
1238 6745 97 32 parce
1359 6745 65 32 que
1452 6732 32 37 le
1509 6737 117 35 milieu
1649 6742 51 28 est
1726 6739 165 44 agréable,

1120 6776 99 41 grâce
1232 6777 63 31 àla
1307 6776 161 35 diversité
1483 6780 107 30 même
1618 6780 59 30 des
1702 6778 123 33 invités
1857 6781 35 31 et

1122 6824 43 24 au
1180 6817 215 32 mouvement
1421 6817 56 39 gai
1506 6817 77 39 qu'y
1610 6828 33 31 p:
1654 6827 17 22 o
1680 6817 128 33 luisent
1832 6814 59 37 dés

1121 6855 165 41 intrigues
1310 6856 152 40 ignorées
1493 6857 40 32 de
1561 6865 151 34 presque,
1730 6863 76 26 tous
1859 6863 32 28 tî

1121 6902 85 26 vous
1219 6902 128 33 pouvez
1362 6898 71 34 être
1447 6895 128 38 certain
1598 6899 99 38 qu'on
1715 6908 21 28 y
1754 6907 122 25 rencon

1944 4795 63 43 tre,
2020 4795 86 32 dans
2119 4795 32 32 le
2165 4796 65 38 tas,
2246 4796 58 32 des
2315 4795 119 41 jeunes
2454 4795 87 32 filles
2556 4796 142 39 parfaite-

1944 4837 94 30 ment
2052 4835 79 32 bîeû
2141 4837 129 31 élevées
2282 4837 32 31 et
2323 4835 171 40 candides,
2506 4837 100 39 qu'on
2616 4837 78 39 épou-

1946 4874 104 34 serait
2065 4876 70 32 très
2150 4876 194 33 volontiers.

2039 4915 94 33 Dans
2144 4916 79 31 tous
2236 4915 135 39 les.cas,
2435 4915 50 33 dit
2493 4915 118 33 l'oncle
2626 4916 85 32 Jean

2000 4954 73 33 rien
2086 4957 43 30 né
2143 4954 96 33 coûte
2251 4954 40 33 de
2301 4955 154 40 pénétrer
2470 4955 85 32 dans
2576 4955 118 33 l'antre
2705 4965 8 28 ;

1946 5002 44 24 on
2003 5002 44 24 ne
2061 4996 32 30 te
2107 4994 145 39 prendra
2265 5003 63 32 pas
2342 4994 40 33 de
2402 4994 102 33 force.

2041 5034 90 32 C'est
2144 5031 167 34 vraiment
2324 5043 48 22 un
2387 5035 76 31 coin
2473 5035 41 32 de
2525 5034 34 32 la
2575 5034 53 33 vie
2654 5043 38 32 pa-

1946 5073 149 32 risienne
2109 5073 71 32 trèâ
2194 5074 139 32 curieux
2348 5074 20 31 à
2391 5074 129 33 étudier
2530 5085 8 28 ;
2569 5083 39 28 ça
2629 5083 86 24 vous

1949 5114 195 38 amuserait,
2145 5131 40 6 —
2198 5114 104 39 reprit
2310 5114 262 39 Lagardie,—et,
2587 5115 33 39 je
2628 5124 86 22 vous

1946 5154 33 31 le
1994 5153 125 43 répète,
2132 5163 84 22 vous
2229 5163 115 22 verrez
2356 5154 80 31 chez
2451 5156 33 31 la
2509 5154 149 32 baronne
2670 5154 40 33 de

1948 5193 110 31 Jouan
2085 5192 171 41 beaucoup
2280 5193 41 32 de
2346 5202 93 32 gens,
2456 5202 64 33 que
2541 5202 85 24 vous
2641 5202 57 24 con-

1948 5233 132 31 naissez
2093 5233 255 40 probablement
2363 5233 85 40 déjà,
2464 5235 73 31 tout
2552 5235 20 31 à
2585 5235 63 32 fait
2665 5235 34 31 in-

1949 5274 189 31 conscients
2152 5274 46 31 du
2313 5274 100 39 qu'on
2432 5275 74 32 leur
2528 5274 61 32 fait
2607 5274 107 39 jouer.

2048 5313 71 32 Soit
2137 5314 7 30 1
2209 5313 50 32 dit
2272 5313 115 32 André
2452 5313 103 40 j'irai,
2570 5314 145 39 puisque

1948 5353 84 32 Jean
2047 5353 79 31 veut
2141 5352 214 33 absolument
2375 5352 70 41 m'y
2457 5353 197 32 conduire...

2044 5392 61 40 T'y
2121 5392 180 32 conduire?
2326 5392 124 39 jamais
2478 5393 40 32 de
2545 5393 35 31 la
2603 5393 110 33 vie!...

1948 5432 40 31 Je
2002 5430 41 33 né
2055 5433 89 31 mets
2158 5440 59 31 pas
2231 5432 51 31 les
2296 5432 96 39 pieds
2406 5433 79 32 chez
2499 5433 33 32 la
2554 5434 93 31 tante
2674 5434 40 31 de

1948 5472 122 38 Jouan,
2092 5472 124 32 moi!...
2236 5471 96 32 Nous
2347 5480 146 24 sommes
2505 5481 41 22 en
2568 5472 145 33 froid!...

1949 5511 47 39 Ça
2008 5511 74 32 date
2093 5512 40 31 de
2146 5512 151 39 l'époque
2311 5511 43 32 où
2369 5509 128 35 Josette
2513 5512 44 32 l'a
2571 5512 109 33 fichue
2694 5513 19 31 à

1948 5552 34 30 la
1991 5552 96 38 porte
2102 5552 19 30 à
2132 5551 103 32 Sksër
2244 5552 7 31 !
2269 5552 94 31 Nous
2374 5561 86 22 nous
2485 5552 117 31 disons
2629 5552 64 32 bon-

1945 5591 77 40 jour
2037 5593 33 30 et
2083 5591 151 38 bonsoir,
2256 5594 33 28 et
2303 5593 80 32 c'est
2398 5593 112 32 tout...
2535 5593 115 32 Non...
2680 5600 37 26 ce

1950 5639 74 25 sera
2036 5630 165 40 Lagardie
2216 5630 59 40 qui
2288 5633 33 31 te
2334 5631 233 40 présentera...

2048 5685 90 32 Avec
2159 5685 106 39 grand
2283 5685 175 39 plaisir!...
2474 5685 50 32 dit
2537 5685 32 32 le
2581 5685 116 39 journa-

1948 5724 90 38 liste,
2106 5725 35 32 et
2153 5733 84 24 vous
2256 5732 128 31 pouvez
2411 5733 137 24 assurer
2561 5725 44 32 M.
2622 5726 41 31 de
2683 5726 33 31 la

1948 5764 115 33 Londe
2091 5772 65 31 que
2167 5764 34 39 je
2216 5764 66 32 n'ai
2294 5764 154 32 d'intérêt
2459 5765 143 32 d'aucun
2615 5774 102 30 genre

1948 5804 85 31 dans
2047 5803 33 32 la
2100 5803 144 32 maison.
2256 5803 52 32 La
2320 5803 150 34 baronne
2490 5804 40 32 de
2544 5805 110 32 Jouan
2674 5813 43 24 ne

1948 5851 54 24 me
2022 5843 63 31 fait
2099 5844 109 31 même
2220 5851 74 32 pas,
2308 5844 33 39 je
2361 5844 102 38 çrois,
2478 5844 177 33 l'honneur
2676 5844 40 33 de

1948 5891 54 22 me
2022 5884 209 30 reconnaître
2259 5883 33 31 la
2313 5883 152 32 moindre
2492 5885 117 31 valsur
2629 5893 65 24 com-

1948 5923 171 38 merciale;
2135 5923 20 31 à
2170 5931 54 22 ses
2239 5931 102 32 yeux,
2365 5931 48 22 un
2438 5923 202 39 journaliste
2666 5926 51 31 est

1948 5972 47 21 un
2004 5962 70 32 être
2089 5972 79 22 sans
2183 5972 79 22 sexe
2276 5965 33 30 et
2323 5970 79 24 sans
2418 5966 128 38 argent,
2554 5965 58 39 qui
2624 5965 72 31 n'au-

1948 6001 66 32 rait
2035 6011 109 22 aucun
2165 6002 116 32 succès
2309 6004 77 39 près
2412 6004 40 35 de
2473 6011 63 25 son
2565 6004 151 39 élégante

1949 6041 162 32 clientèle.
2127 6043 40 32 Je
2181 6043 73 31 vais
2276 6043 255 40 régulièrement
2554 6044 19 31 à
2595 6051 54 25 ses
2666 6051 34 24 sa-

1948 6081 124 38 medis;
2092 6081 34 40 je
2154 6083 91 31 valse
2270 6090 84 24 avec
2368 6083 40 32 de
2425 6083 207 32 ravissantes
2643 6083 54 39 jeu-

1948 6129 60 24 nes
2020 6122 86 31 filles
2121 6122 33 32 et
2165 6122 39 32 de
2212 6122 346 32 Jortémouslillantes
2574 6131 141 30 veuves;

1944 6161 169 40 j'absorbe
2141 6161 58 32 des
2225 6161 328 33 rafraîchissements
2581 6163 132 39 exquis,

1948 6201 33 32 et
1991 6200 180 39 j'examine
2183 6201 52 32 les
2249 6203 136 37 types...

2048 6240 93 32 Vous
2164 6249 98 22 savez
2288 6240 79 40 qu'il
2383 6241 50 31 est
2448 6240 83 32 midi
2546 6242 109 30 moins
2670 6250 47 21 un

1949 6280 99 39 quart
2114 6280 51 31 dit
2176 6280 46 32 M.
2236 6281 40 31 de
2290 6281 172 38 Lafère;-
2472 6281 87 32 Mme
2574 6282 91 31 Haar
2675 6288 43 24 va

1950 6328 34 24 se
1997 6320 168 31 convertir
2178 6328 81 22 sans
2274 6328 96 22 vous.

2041 6359 45 31 Et
2100 6360 67 31 moi
2185 6360 57 39 qui
2264 6361 89 30 tiens
2368 6360 19 31 à
2402 6360 74 32 voir
2503 6360 32 32 le
2562 6360 155 40 baptême

1949 6398 40 33 de
2002 6400 73 30 tout
2089 6400 77 38 près
2183 6402 33 30 et
2236 6409 40 22 en
2290 6399 103 33 détail
2405 6402 7 28 !
2494 6400 117 32 s'écria
2630 6402 71 31 l'on-

1949 6438 47 32 cle
2010 6438 85 32 Jean
2109 6446 43 24 en
2166 6439 230 40 dégringolant
2411 6439 209 40 rapidement
2642 6441 60 32 l'es-

1949 6478 112 32 calier.

1939 6566 6 8 .
1985 6544 48 32 Le
2048 6544 154 40 baptême
2217 6546 40 32 de
2270 6546 89 32 Mme
2373 6546 96 32 Haar
2483 6546 81 33 était
2576 6554 46 24 un
2637 6546 59 33 évé-

1948 6586 137 31 nement
2099 6585 157 39 parisien.

1985 6624 128 39 Depuis
2127 6625 76 32 huit
2216 6626 109 37 jours,
2350 6626 50 31 les
2425 6625 171 40 journaux
2621 6635 71 22 mon-

1946 6664 99 32 dains
2074 6672 40 24 ne
2141 6665 164 38 parlaient
2328 6664 78 41 plus
2441 6665 128 32 d'autre
2602 6667 111 37 chose,

1948 6704 151 31 donnant
2112 6703 87 33 force
2216 6705 120 33 détails
2363 6712 59 26 sur
2438 6704 47 35 les
2513 6704 201 43 préparatifs

1946 6746 32 28 et
1990 6744 37 31 la
2041 6742 196 34 cérémonie.

1988 6780 65 34 Les
2085 6784 144 35 articles,
2263 6784 130 40 rédigés
2437 6785 85 34 dans
2557 6793 34 26 ça
2627 6787 89 39 style

1946 6822 146 40 étrange,
2109 6824 57 37 qui
2189 6823 60 32 fait
2277 6826 97 30 îêver
2402 6824 40 32 de
2474 6826 168 33 macaroni
2672 6833 43 24 au

1946 6862 89 38 miel,
2053 6865 191 31 couvraient
2270 6865 41 31 de
2327 6865 99 33 fleurs
2443 6866 34 31 la
2491 6865 85 33 belle
2604 6866 96 32 étrau

1945 6902 73 40 gère
2030 6913 9 27 ;
2074 6904 50 31 lea
2159 6904 123 39 grands
2309 6904 168 39 journaux
2505 6913 64 24 eux
2583 6907 130 33 mêmes

2769 4796 193 40 daignaient
2975 4798 111 39 parler
3102 4796 40 33 de
3170 4805 37 25 ce
3231 4796 63 33 fait
3324 4804 80 31 sans
3430 4798 92 40 précé-

2770 4837 105 33 dent:
3132 4837 5 39 ,
3372 4837 5 39 ■

2811 4889 13 17 «
2849 4877 73 32 Une
2934 4876 157 35 adorable
3116 4877 135 38 femme,
3273 4876 73 40 déjà
3381 4885 66 25 une
3475 4877 66 32 fois

2772 4928 13 18 »
2810 4917 180 38 convertie,
3013 4916 237 32 abandonnant
3275 4916 34 32 la
3343 4917 143 40 religion
3498 4918 26 30 li-

2772 4967 12 18 »
2807 4955 154 33 brement
2974 4956 124 32 choisie
3113 4955 171 38 autrefois,
3300 4965 98 31 parce
3420 4957 120 40 qu'elle

2772 5008 13 18 »
2810 4997 90 31 avait
2914 5006 46 21 vu
2983 4996 87 32 luire
3090 4995 138 33 ailleurs
3254 4997 32 32 le
3311 4996 168 32 flambeau
3500 4997 40 33 de

2772 5047 13 18 »
2809 5036 34 31 la
2856 5035 117 33 vérité.
2992 5047 12 18 »

2806 5075 104 32 Alors
2927 5075 124 32 suivait
3072 5085 66 24 une
3163 5075 206 33 minutieuse
3393 5076 128 40 descrip-

2769 5115 72 31 tion
2856 5115 40 32 de
2909 5117 33 31 la
2956 5115 120 33 beauté
3091 5115 40 32 de
3145 5115 90 34 Mme
3262 5117 34 32 là
3319 5117 165 32 dbmtesse
3500 5117 40 33 de

2770 5156 104 32 Haar.
2889 5156 52 32 On
2957 5157 123 32 sentait
3091 5163 64 33 que
3169 5157 31 31 le
3208 5157 162 39 reporter,
3378 5157 80 32 bien
3468 5164 54 25 ren-

2771 5196 123 39 seigné,
2910 5196 110 32 s'était
3035 5196 133 39 complu
3183 5196 85 32 dans
3293 5196 51 33 les
3367 5196 172 32 moindres

2771 5235 131 33 détails.

2810 5274 53 33 Un
2876 5275 146 39 journal,
3038 5276 73 31 mal
3136 5277 159 37 pensant,
3324 5275 120 33 s'étant
3463 5283 59 33 per-

2770 5314 67 32 mis
2851 5315 40 31 de
2908 5314 71 32 dire
2992 5324 7 21 :
3019 5326 12 18 «
3050 5314 69 38 Que
3133 5315 34 32 la
3181 5316 167 39 néophyte
3373 5316 83 32 était
3469 5324 54 31 pro-

2772 5366 13 18 »
2809 5353 194 33 bablement
3024 5355 94 31 aussi
3144 5355 162 40 électique
3332 5365 43 22 en
3398 5356 142 39 religion

2772 5406 13 18 »
2810 5395 99 39 qu'en
2923 5404 116 22 amour
3066 5406 28 26 »,
3109 5395 26 31 il
3148 5404 24 31 y
3187 5396 56 30 eut
3269 5402 50 25 un
3340 5395 83 32 tollé
3445 5395 76 38 géné-

2770 5433 66 39 ral,
2849 5437 33 30 et
2895 5434 26 31 il
2935 5431 52 34 fut
2999 5443 47 22 un
3060 5434 129 32 instant
3204 5437 155 38 question
3379 5435 126 31 d'offrir
3521 5435 20 31 à

2770 5474 34 31 la
2817 5476 165 30 comtesse
2995 5483 47 22 un
3056 5474 149 40 banquet
3226 5474 40 32 de
3280 5476 222 39 protestation
3521 5476 19 32 à

2770 5513 115 32 l'hôtel
2900 5507 226 47 Cqntinentai.

2811 5552 45 33 Ce
2870 5554 58 39 qui
2942 5554 128 33 attirait
3085 5554 132 32 surtout
3231 5554 188 33 l'attention
3430 5562 59 25 sur
3503 5562 37 28 ce

2771 5593 161 40 singulier
2942 5593 167 40 baptême,
3125 5594 110 32 c'était
3248 5593 33 33 la
3293 5594 163 33 situation
3470 5594 69 32 très

2771 5641 41 24 en
2826 5641 63 24 vue
2903 5633 60 31 des
2980 5633 132 39 parrain
3128 5634 33 31 et
3174 5634 178 32 marraine.

2870 5672 45 32 Sa
2928 5672 139 40 Majesté
3081 5672 33 32 la
3128 5673 91 31 reine
3234 5673 40 32 de
3295 5673 172 39 Numidie,
3483 5674 38 31 dé-

2770 5711 223 32 finitivement
3006 5713 85 31 fixée
3115 5713 19 30 à
3152 5713 110 37 Paris,
3293 5714 91 31 avait
3411 5714 130 39 accepté

2771 5753 40 30 de
2837 5760 154 22 nommer
3002 5752 90 31 Mme
3118 5746 94 38 Haar
3241 5761 79 22 avec
3347 5753 175 32 l'ambassa-

2771 5792 81 30 deur
2868 5791 262 33 extraordinaire
3157 5792 41 32 de
3224 5792 34 32 la
3287 5793 197 40 république
3501 5794 40 31 de

2771 5831 94 32 Saint
2880 5831 122 32 Marin.

2810 5871 66 31 Les
2889 5871 172 39 baptêmes
3084 5872 58 31 ont
3164 5871 282 33 habituellement
3472 5872 69 33 lieu

2772 5919 78 22 sans
2867 5915 128 27 aucune
3006 5920 120 32 pompB
3143 5922 7 28 ;
3169 5913 86 31 mais
3269 5913 34 32 la
3327 5913 89 32 belle
3430 5913 91 32 étran-

2771 5952 76 39 gère
2863 5950 89 32 avait
2965 5952 80 31 tenu
3072 5952 20 31 à
3118 5952 85 33 faire
3229 5952 46 32 du
3295 5952 74 33 sien
3398 5960 66 25 nue
3488 5960 35 24 ex-

2772 5991 142 39 ception.

2810 6030 73 33 Elle
2898 6030 128 32 voulait
3039 6039 65 24 une
3124 6031 187 32 cérémonie
3325 6031 189 40 imposante
3528 6043 9 27 ;

2771 6070 40 32 de
2824 6070 33 31 ia
2871 6070 155 39 musique
3037 6081 9 27 ;
3067 6079 66 22 une
3149 6073 89 30 sorte
3253 6072 40 30 de
3313 6073 133 30 concert
3474 6072 50 39 spi-

2771 6110 100 31 rituel
2887 6110 43 31 où
2944 6109 229 33 chanteraient
3188 6111 77 31 tous
3281 6111 50 32 les
3346 6111 136 32 artistes
3497 6119 40 24 en

2770 6157 118 31 vogue,
2904 6151 32 28 et
2952 6151 61 30 elle
3026 6150 91 30 avait
3130 6151 107 31 invité
3252 6152 76 30 tout
3340 6151 110 31 Paris.

2811 6188 196 32 L'afflueoce
3032 6190 41 31 de
3087 6190 122 31 monde
3237 6190 158 32 semblait
3424 6190 113 32 devoir

2771 6228 69 32 être
2852 6229 89 37 teila,
2959 6229 99 39 qu'on
3085 6230 89 31 avait
3189 6230 65 31 mis
3269 6231 86 30 dans
3369 6230 50 32 les
3443 6231 77 38 jour-

2771 6276 91 22 naux
2893 6278 45 21 un
2954 6268 164 32 entrefilet
3146 6272 189 35 annonçant
3365 6272 98 38 qu'on
3497 6278 44 24 ne

2771 6307 168 32 laisserait
2966 6308 151 40 pénétrer
3145 6309 85 31 dans
3243 6309 35 32 la
3306 6311 149 38 chapelle
3470 6318 65 32 que

2770 6346 50 33 les
2833 6357 81 31 gens
2929 6350 155 38 porteurs
3098 6346 40 34 de
3154 6350 107 32 cartes
3275 6350 221 32 d'invitation.

2811 6386 38 34 Le
2868 6386 19 34 3
2906 6386 193 34 couturiers
3133 6389 123 32 étaient
3299 6389 236 32 affreusement

2771 6426 191 32 bousculés.
2993 6428 124 33 Toutes
3132 6428 50 32 les
3206 6429 141 32 femmes
3369 6429 170 32 voulaient

2771 6467 59 31 des
2844 6467 146 32 toilettes
3022 6478 12 17 c
3053 6467 19 32 à
3093 6468 174 32 sensation
3286 6480 26 20 ».
3340 6468 31 32 Il
3381 6468 120 39 fallait,
3519 6469 19 31 à

2770 6507 73 32 tout
2856 6507 90 39 prix,
2961 6509 136 31 trouver
3111 6508 45 32 du
3168 6508 91 38 neuf,
3273 6509 151 31 inventer
3448 6508 71 39 quel-

2771 6553 65 32 que
2850 6547 100 31 chose
2962 6546 39 32 de
3019 6559 13 15 «
3051 6548 145 39 compris
3215 6559 12 18 »
3246 6559 9 27 ;
3273 6548 110 31 moins
3398 6547 137 38 babillé,

2770 6585 154 32 meilleur
2952 6586 113 32 enfant
3098 6595 64 31 que
3196 6595 84 32 pour
3300 6596 48 22 uu
3377 6587 158 41 mariage,

2771 6626 144 39 quelque
2930 6626 99 31 chose
3045 6627 40 31 de
3099 6627 79 31 bien
3193 6627 73 31 chic
3280 6628 145 30 surtout.

2812 6665 63 33 Ces
2890 6665 115 32 dames
3031 6674 37 22 se
3096 6667 236 32 demandaient
3360 6667 162 32 anxieuse
3528 6664 6 25 ;

2766 6710 97 26 ment
2894 6706 106 38 quelle
3025 6705 130 33 toilette
3171 6707 110 32 aurait
3308 6705 89 33 Mme
3418 6707 91 32 Haar
3527 6717 9 28 ;

2770 6745 86 31 mais
2875 6741 164 44 Caroline,
3048 6746 200 39 interrogée,
3266 6745 81 33 était
3361 6746 175 33 demeurée

2767 6780 252 45 impénétrable.

2806 6826 48 31 Le
2868 6824 106 32 matin
2989 6826 44 31 du
3060 6826 168 39 baptême,
3241 6833 65 26 une
3332 6826 90 32 foule
3450 6834 72 24 corn

2767 6866 94 38 pacte
2876 6863 217 40 envahissait,
3117 6865 59 35 dès
3202 6874 81 25 onze
3296 6867 122 32 heures
3431 6867 33 31 et
3480 6866 38 32 de-

2769 6904 77 37 mis,
2863 6905 33 32 la
2921 6904 104 38 petite
3040 6905 149 37 chapelle
3216 6905 60 34 des
3304 6905 118 37 Pères,
3437 6914 97 27 paies

3596 4798 41 32 de
3652 4798 116 39 fleurs,
3782 4798 122 33 tendue
3919 4798 40 32 de
3974 4798 71 32 soie
4072 4798 142 32 blanche
4240 4798 123 32 brodée

3596 4838 159 40 d'argent,
3772 4839 89 31 mais
3876 4838 191 32 infiniment
4076 4839 76 39 trop
4160 4835 105 43 petite
4278 4846 85 32 pour

3594 4879 152 31 contenir
3765 4880 117 31 autant
3895 4878 41 32 de
3951 4878 132 33 monde.

3634 4917 152 40 Lorsque
3801 4918 118 32 l'oncle
3943 4917 96 38 Jean,
4054 4917 116 32 André
4193 4918 33 31 et
4239 4917 104 41 Lagar-

3595 4957 54 32 die
3665 4958 198 37 arrivèrent,
3879 4965 44 24 on
3939 4965 35 24 se
3985 4957 96 40 pilait
4094 4957 236 32 littéralement
4343 4957 20 32 à

3593 4997 196 38 l'intérieur,
3802 4997 89 32 mais
3904 4997 47 33 M.
3967 4998 41 32 de
4022 4996 105 33 Skaër
4152 4997 106 32 tenait
4272 4997 19 31 à
4306 5006 37 25 en-

3593 5037 70 31 trer
3678 5039 111 39 quand
3803 5039 120 32 même.

3632 5076 74 33 Une
3719 5078 109 39 partie
3843 5078 63 32 des
3925 5076 135 40 invités,
4076 5076 144 33 refoulés
4246 5085 43 24 au
4310 5078 35 31 de-

3593 5117 93 38 hors,
3717 5125 35 25 se
3780 5117 188 40 pressaient
4000 5117 85 32 dans
4117 5117 172 39 l'avenue;
4320 5117 41 33 de

3593 5157 188 34 nombreux
3791 5165 145 32 groupes
3952 5157 209 32 obstruaient
4174 5157 32 32 le
4214 5157 146 38 trottoir,

3593 5197 141 31 causant
3759 5198 70 31 très
3863 5197 83 31 haut
3980 5197 67 31 afin
4076 5197 40 31 de
4148 5196 151 32 dominer
4330 5196 32 32 le

3593 5236 176 32 brouhaha
3796 5237 59 32 des
3878 5236 159 39 voitures,
4062 5236 50 32 les
4133 5236 67 31 cris
4227 5236 60 31 des
4311 5244 34 24 co-

3594 5276 97 31 chers
3712 5277 33 31 et
3767 5276 32 32 le
3824 5284 174 24 murmure
4020 5278 41 30 de
4083 5277 34 31 la
4143 5275 93 33 vraie
4259 5275 102 38 foule,

3593 5315 200 39 grouillante
3808 5320 33 28 et
3854 5316 265 38 mouvementée,
4135 5316 71 39 qui,
4221 5316 141 39 croyant

3594 5356 20 31 à
3634 5365 47 21 un
3704 5356 105 39 grand
3833 5356 158 40 mariage,
4013 5356 163 31 attendait
4196 5355 149 32 curieuse-

3593 5398 94 30 ment
3700 5404 85 32 pour
3802 5407 13 17 «
3831 5398 50 30 les
3894 5398 74 30 voir
3983 5398 112 31 entrer
4113 5407 27 20 ».

3634 5435 48 32 Le
3693 5437 120 39 peuple
3828 5437 99 31 adore
3940 5437 156 39 regarder
4109 5437 34 31 la
4157 5435 154 32 descente
4320 5435 41 31 de

3594 5476 132 32 voiture
3755 5477 33 32 et
3801 5476 138 34 l'entrée
3966 5476 19 31 à
4010 5476 125 39 l'église
4163 5476 60 31 des
4251 5476 112 31 futurs

3594 5515 120 39 époux.
3730 5515 90 33 C'est
3841 5524 46 24 uu
3901 5515 150 40 prétexte
4065 5517 19 30 à
4097 5515 184 40 gaudriole,
4297 5523 66 24 une

3594 5554 155 33 occasion
3756 5555 40 32 de
3810 5555 180 32 réflexions
4003 5556 141 31 souvent
4159 5554 204 39 spirituelles

3595 5596 33 30 et
3641 5594 152 39 toujours
3808 5595 123 39 justes,
3946 5603 59 22 sur
4018 5595 34 31 la
4075 5594 233 40 physionomie
4322 5594 41 32 de

3593 5634 34 31 la
3641 5635 124 30 mariée
3776 5639 33 26 et
3821 5635 33 30 la
3867 5637 66 30 tête
3948 5634 46 32 du
4009 5634 104 31 futur.

3635 5673 118 37 Quand
3768 5674 50 32 les
3830 5675 123 31 mariés
3965 5676 77 28 sont
4050 5674 111 31 beaux
4173 5674 33 31 et
4217 5672 79 34 hien
4311 5680 34 24 as-

3594 5712 117 39 sortis,
3725 5714 44 31 iis
3785 5715 180 31 entendent
3985 5722 47 21 un
4044 5715 133 30 concert
4192 5713 40 31 de
4246 5713 96 31 louan-

3594 5761 71 32 ges,
3691 5754 200 39 prodiguées
3919 5754 85 31 dans
4029 5761 35 22 ce
4091 5753 139 39 langage
4258 5751 50 32 vif
4329 5753 33 30 et

3594 5793 144 39 imaginé
3751 5793 41 32 de
3807 5794 158 31 l'ouvrier
3976 5793 40 31 de
4024 5793 98 31 Paris
4134 5802 9 28 ;
4156 5792 89 31 mais
4260 5800 43 27 -\,
4319 5800 44 21 au

3594 5833 176 39 contraire,
3801 5833 44 31 ils
3874 5835 78 31 sont
3979 5833 159 31 ridicules
4167 5841 44 22 ou
4224 5831 136 38 viiains,

3593 5874 51 31 les
3658 5874 167 39 quolibets
3849 5874 32 32 et
3893 5874 50 32 les
3959 5874 162 39 épitbètes
4143 5871 197 31 malsonnan-

3593 5914 53 32 tes
3672 5913 78 39 pieu
3751 5914 90 37 vent,
3867 5913 133 32 lancées
4026 5913 79 32 bien
4128 5911 83 31 haut
4225 5910 85 32 dans
4324 5919 38 24 ce

3593 5953 110 32 môme
3715 5952 137 33 terrible
3865 5952 150 40 langage.

3634 5993 87 31 Tant
3733 5993 54 38 pis
3815 6000 85 31 pour
3924 5994 59 38 qui
3998 5991 133 40 .épouse
4156 5998 65 25 une
4234 5991 124 31 femme

3593 6030 195 41 disgraciée,
3802 6032 111 31 vieille
3928 6040 44 22 ou
3978 6032 234 38 repoussante!
4231 6030 110 32 L'hom-

3593 6080 53 22 me
3658 6073 45 28 du
3710 6071 118 40 peuple
3835 6080 41 24 ne
3886 6071 170 39 pardonne
4069 6078 61 32 pas
4139 6070 71 32 cela
4217 6071 45 35 et,
4277 6069 84 32 dans

3594 6120 35 24 ce
3645 6119 67 30 cas,
3728 6111 26 31 il
3764 6112 52 30 est
3831 6119 80 21 sans
3931 6110 80 40 pitié
4025 6118 85 31 pour
4136 6111 32 30 le
4181 6111 181 30 moniteur

3593 6154 59 37 qui
3665 6151 66 38 fait
3746 6159 67 22 une
3828 6154 143 35 affaire.

3685 6191 148 31 Restons
3847 6191 135 37 dehors,
4069 6197 144 32 proposa
4238 6188 104 39 Lagar-

3593 6231 53 32 die
3654 6233 9 15 4
3658 6254 7 15 ,
3736 6239 86 22 nous
3848 6239 117 25 serons
3991 6230 165 31 vraiment
4170 6228 133 32 mieux!

3592 6272 138 32 Pourvu
3738 6278 64 33 que
3817 6278 85 24 nous
3918 6272 50 31 les
3978 6270 142 40 voyions
4134 6276 131 32 passer,
4281 6267 81 32 c'est

3592 6312 74 31 tout
3681 6318 35 22 ce
3733 6309 80 40 qu'il
3826 6311 72 30 faut
3911 6311 50 31 !...

3685 6348 180 39 Moi,—dit
3879 6350 45 31 M.
3932 6350 40 32 de
3987 6347 206 40 Skaër,—je
4200 6346 161 32 voudrais

3591 6390 80 32 bien
3696 6389 73 33 voir
3795 6389 40 32 de
3863 6389 77 39 près
3969 6390 34 31 la
4017 6389 66 33 tête
4096 6389 41 32 de
4152 6387 89 32 Mme
4253 6386 107 38 Haar,

3591 6429 146 41 pendant
3750 6429 35 32 la
3800 6428 185 33 cérémonie
3994 6430 47 31 !...

3684 6469 84 31 Mais
3783 6469 80 31 c'est
3876 6468 197 40 impossible
4083 6468 48 34 !..,.
4142 6467 94 32 Nous
4244 6474 119 25 serons

3593 6509 143 37 écrasés,
3806 6508 50 32 dit
3868 6508 45 32 M.
3931 6508 41 32 de
3998 6508 34 31 la
4046 6503 128 41 Loiide,
4188 6507 174 38 beaucoup

3592 6549 78 39 plus
3691 6549 105 31 calme
3817 6556 64 31 que
3907 6548 119 31 l'oncle
4042 6547 83 31 Jean
4141 6557 8 27 ;
4220 6546 84 32 c'est
4317 6546 31 32 ef-

3585 6579 152 50 frayant,
3755 6596 35 21 ce
3804 6588 78 41 qu'il
3900 6598 22 31 y
3937 6596 21 22 a
3972 6588 41 31 de
4028 6586 120 32 monde
4162 6587 50 31 !...

3694 6628 164 33 Dame!.,,
3885 6637 35 22 ce
3947 6627 155 40 baptême
4136 6625 64 32 fait
4233 6632 47 25 un
4315 6624 48 33 tel

3589 6669 94 35 bro.it
3697 6670 50 31 !...

3634 6709 70 32 [jY.a
3717 6707 136 39 fomrne,
3867 6707 126 32 arrêtée
4003 6706 77 41 près
4090 6705 110 38 d'eux,
4212 6703 151 34 entendit

3591 6744 96 43 cesi,fe-,
3692 6746 161 33 réflexion
3862 6757 8 22 :

3678 6787 51 32 Ua
3737 6788 154 38 baptême
3901 6788 32 38 |1!
3945 6787 86 33 C'est
4041 6784 262 41 qu'unbaptême
4312 6785 48 31 !...

3646 6826 123 33 dit-elle
3785 6828 21 31 à
3828 6835 46 24 un
3889 6830 135 37 porteur
4037 6830 43 28 de
4102 6826 92 40 pain,
4224 6833 79 24 avec
4317 6824 31 34 le-

3592 6867 74 40 quel
3680 6867 63 32 elle
3756 6866 144 33 causait.

3680 6907 70 34 Ben
3762 6908 7 32 !
3787 6907 80 34 c'est
3878 6917 41 22 uo
3937 6914 99 33 gosse
4050 6905 58 43 qui
4122 6905 79 43 peut
4217 6904 146 39 s'yanter

4416 4804 74 32 d'en
4514 4804 85 33 faire
4625 4813 59 26 un,
4700 4805 174 32 d'boucan
4886 4806 48 32 !...
4950 4805 85 33 Bien
5061 4805 99 34 I'bon-

4416 4844 107 33 soir...
4535 4844 97 41 j'vas
4646 4845 119 32 affûter
4780 4853 72 24 mes
4874 4846 204 39 pincettes...
5102 4846 66 32 J'at-

4415 4884 132 33 tendais
4559 4880 89 41 bien,
4664 4892 85 32 pour
4760 4885 157 39 rèluquer
4931 4893 66 24 une
5010 4885 87 32 belle
5114 4894 46 22 ma-

4415 4923 105 32 riée...
4547 4931 130 25 comme
4704 4932 78 30 ça...
4809 4933 41 22 en
4883 4926 178 38 passant...
5096 4925 85 33 Mais-

4415 4970 85 32 pour
4514 4963 159 33 entendre
4691 4964 117 32 hurler
4818 4972 48 24 un
4881 4964 123 39 môme,
5020 4965 167 32 merci!...

4508 5003 31 32 Y
4552 5010 80 25 aura
4645 5004 162 39 peut-être
4817 5013 66 24 une
4892 5004 81 39 jolie
4987 5006 168 32 marraine
5166 5007 15 30 ?

4508 5043 71 32 Ah!
4594 5046 136 30 ouat!...
4744 5044 261 39 une'marraine,
5023 5053 38 28 ça
5082 5053 19 24 a
5115 5054 61 31 pas

4414 5082 139 33 l'même
4566 5083 123 32 intérêt
4701 5085 6 30 !

4455 5124 53 31 Un
4522 5124 135 31 ouvrier
4677 5124 195 40 s'approcha
4892 5124 99 32 d'eux
5007 5133 8 21 :

4508 5164 87 32 C'est
4619 5164 33 31 la
4672 5164 91 32 reine
4779 5164 208 33 d'Numidie
5011 5165 109 39 qu'est
5147 5165 32 32 la

4414 5204 181 37 marraine,
4611 5204 99 39 qu'on
4723 5204 93 32 vient
4831 5204 41 32 de
4886 5204 168 33 m'dire...

4508 5243 73 33 Une
4594 5243 149 32 reine!...
4760 5243 333 33 benmerci!...C'est
5106 5243 73 33 rien

4415 5282 168 40 hurph!...
4599 5282 35 33 Si
4651 5282 78 33 c'est
4743 5290 50 32 ça,
4807 5283 132 39 j'reste,
4964 5283 126 32 alors...

4455 5322 53 32 Un
4522 5323 214 31 mouvement
4749 5331 37 22 se
4800 5324 39 30 fit
4853 5323 85 31 dans
4951 5323 34 31 la
4998 5323 103 33 foule.

4508 5361 76 33 V'ià
4598 5362 48 31 les
4661 5362 174 32 roulantes
4847 5365 52 30 !...

4455 5402 90 31 D'un
4573 5401 103 40 coupé
4710 5411 137 24 marron
4886 5402 99 32 sortit
5023 5412 46 22 un
5100 5404 84 40 petit

4415 5441 135 32 homme
4571 5443 100 39 grêle,
4687 5451 115 26 menu,
4828 5443 143 38 étriqué,
4997 5444 19 31 à
5044 5444 77 34 l'air
5140 5445 28 31 ti-

4415 5481 102 35 mide,
4537 5491 144 31 presque
4696 5483 182 39 suppliant.
4902 5483 31 31 Il
4958 5491 37 22 se
5009 5484 174 38 retourna,

4415 5522 139 31 tendant
4569 5522 33 31 la
4617 5522 92 31 main
4723 5523 20 31 à
4765 5517 66 37 ime
4845 5522 124 40 grande
4984 5523 124 32 femme
5134 5524 37 31 sè

4415 5562 61 31 che
4496 5563 33 30 et
4552 5562 162 40 vulgaire,
4739 5562 111 31 taillée
4864 5563 20 30 à
4898 5569 103 33 coups
5015 5563 40 31 de
5075 5563 106 33 hache

4415 5602 99 31 vêtue
4527 5602 98 31 d'une
4648 5602 216 39 somptueuse
4890 5602 80 31 robe
4993 5602 41 32 de
5047 5602 136 33 velours

4414 5641 109 38 rubis,
4535 5641 202 32 ruisselante
4747 5641 45 32 de
4801 5641 172 32 broderies
4989 5643 33 30 et
5036 5641 40 33 de
5089 5650 71 31 pam-

4414 5680 59 40 pill
4479 5688 35 24 es
4526 5680 190 33 brillantes.

4455 5720 125 32 Toutes
4587 5720 51 32 les
4651 5720 85 32 têtes
4748 5727 35 25 se
4799 5719 230 34 découvrirent
5043 5728 60 25 sur
5119 5730 63 24 son

4415 5767 155 32 passage.

4454 5800 112 30 Alors,
4584 5809 43 22 on
4641 5799 151 32 entendit
4806 5800 59 31 des
4892 5799 181 33 réflexions
5101 5802 78 40 plus

4417 5838 149 32 sincères
4592 5848 65 31 que
4684 5841 185 30 courtoises
4892 5850 7 19 :

4508 5878 152 32 Malheur
4671 5881 60 30 !....
4749 5880 79 31 c'est
4844 5888 39 28 ça
4896 5880 34 31 la
4944 5880 92 33 reine
5048 5881 15 30 ?

4509 5919 89 31 Faut
4618 5919 189 32 l'croirel...

4508 5959 45 30 Et
4566 5960 113 38 l'petit
4693 5959 109 38 vieux,
4811 5959 85 32 donc
4905 5959 48 32 !...
4967 5959 53 32 En
5034 5960 65 32 v'ià
5113 5967 66 26 une

4414 5998 128 33 binette
4556 6000 21 30 à
4590 6000 33 28 la
4638 5999 150 31 désastre
4800 6000 47 31 !...

4454 6039 74 31 Une
4547 6038 203 40 magnifique
4773 6039 126 31 berline
4923 6039 20 30 à
4964 6039 90 39 siège
5080 6039 102 39 drapé

4416 6078 124 31 suivait
4560 6078 32 31 le
4606 6085 113 32 coupe.
4734 6078 31 31 D
4776 6074 136 35 imartin
4937 6085 41 25 au
5004 6079 174 32 descendit

4415 6118 33 32 et
4461 6117 39 31 fit
4514 6117 103 32 sortir
4632 6117 86 32 Mme
4744 6117 104 45 Haar,
4870 6117 93 33 toute
4990 6125 43 25 en
5060 6118 100 32 blanc
5171 6130 9 27 ;

4415 6165 66 24 une
4495 6156 150 32 mantille
4661 6157 40 31 de
4721 6156 122 33 blonde
4857 6157 99 39 posée
4970 6165 58 24 sur
5042 6165 57 25 ses
5113 6167 48 22 ma-

4415 6196 164 40 gnifiques
4599 6196 150 32 cheveux
4762 6204 97 24 roux.

4455 6236 51 31 La
4522 6235 92 32 reine
4646 6235 40 32 de
4721 6235 158 32 Nnmidie
4915 6236 111 31 s'était
5055 6236 129 33 arrêtée

4416 6282 81 24 sous
4518 6275 31 31 le
4565 6275 132 39 porche,
4713 6276 19 30 à
4747 6275 137 32 l'entrée
4899 6275 39 31 de
4954 6276 34 31 la
5016 6276 161 41 chapelle.

4415 6315 53 31 En
4481 6317 123 37 voyant
4625 6317 94 30 venir
4735 6315 20 31 à'
4782 6315 60 31 elle
4870 6317 32 30 la
4926 6315 100 39 jeune
5055 6313 123 37 femina

4415 6354 143 32 inclinée
4573 6354 84 31 dans
4671 6363 66 22 une
4763 6356 143 32 attitude
4936 6358 247 37 respectueuse,

4416 6394 63 31 elle
4494 6396 154 34 s'avança
4672 6394 78 31 d'un
4776 6403 61 31 pas
4867 6404 43 21 au
4938 6394 123 32 devant
5088 6396 96 33 d'elle

4416 6436 44 37 et,
4474 6435 50 30 lui
4545 6436 119 38 posant
4690 6443 58 21 sur
4768 6435 51 31 les
4846 6435 135 39 épaules
5003 6443 54 24 ses
5073 6437 113 31 mains

4416 6474 164 39 énormes,
4597 6474 48 32 lui
4661 6474 111 31 donna
4795 6474 190 33 l'accolais.

4500 6540 35 30 (A
4561 6540 138 30 mivre.)
4951 6540 129 28 8Ï?

381 76 27 39 3

2181 73 67 39 LE
2277 73 243 38 GAULOIS.
2622 70 286 40 MERCREDI
2939 65 51 38 30
3026 67 113 37 Avril
3170 66 104 38 1884

4466 6652 115 38 Nous
4593 6653 137 48 prions
4748 6663 103 27 ceux
4869 6652 48 38 de
4936 6664 71 26 nos
5021 6652 167 39 lecteurs

4416 6700 97 38 dont
4526 6699 281 39 l'abonnement
4821 6703 137 48 expire
4977 6699 34 39 le
5029 6702 58 37 30
5105 6713 63 26 cou-

4416 6754 104 43 rant,
4544 6750 48 37 de
4617 6749 150 38 vouloir
4791 6750 83 38 bien
4903 6750 34 35 le
4963 6751 224 38 renouveler

4417 6797 35 38 le
4470 6798 94 50 plus
4591 6802 285 46 promptement
4903 6798 165 48 possible
5107 6800 80 38 s'ils

4416 6847 152 38 veulent
4584 6849 113 35 éviter
4709 6852 100 33 toute
4819 6849 252 48 interruption
5085 6847 102 40 dans

4419 6895 139 40 l'envoi
4567 6895 50 39 de
4638 6895 85 39 kur
4728 6895 183 46 journal.
