5373 7319
312 66 307 45 Dix-Huitième
645 64 146 43 Année
878 60 229 45 Troisième
1131 64 113 44 Série
1331 67 184 45 Numéro
1532 66 81 45 853

1854 63 128 45 PARIS
2007 78 11 30 :
2049 67 38 40 JL
2104 66 45 41 B
2180 77 195 28 CENTIMES
2483 64 327 41 DÉPARTEMENTS
2832 78 50 28 ET
2904 61 141 47 GARES
3066 78 13 30 Î
3118 63 129 48 80'
3255 79 191 32 CENTIMES

4332 60 198 43 Mercredi
4556 59 53 44 30
4639 59 116 43 Avril
4783 60 104 43 1884

1409 612 106 74 HJ
1561 612 43 74 I
1731 612 41 71 ijf
1851 638 72 48 jggg
2192 612 5 74 !
2807 640 41 24 a
2897 612 7 52 I
3057 634 7 45 j
3332 612 85 52 H

178 1005 112 105 LA
371 986 588 119 CONFÉRENCE

307 1165 37 34 LA
378 1162 222 35 CONSPIRATION
634 1159 197 37 ZORRILLISTE

187 1256 309 53 INVASION
534 1253 78 51 DU
648 1240 305 64 CHOLÉRA

279 1370 128 22 RUSSES
442 1370 41 22 ET
520 1364 144 27 ANGLAIS
698 1364 47 26 EN
781 1364 74 24 ASIE

182 1460 149 50 RETOUR
371 1457 47 51 EU
462 1455 65 51 ROI
573 1454 174 50 ROMBERT
790 1454 24 47 A
856 1452 100 50 ROME

291 1561 268 30 EVACUATION
593 1560 56 27 DE
691 1558 161 28 BERBER

435 1678 48 28 La
502 1676 210 30 Conférence

222 1742 43 30 Le
279 1741 157 37 président
449 1741 43 27 du
503 1737 129 35 conseil,
646 1736 145 28 ministre
807 1736 53 27 des
874 1734 71 28 affai-

181 1789 48 21 res
243 1781 188 34 étrangères,
448 1788 19 19 a
491 1787 39 20 eu
542 1779 67 28 hier
630 1785 61 21 une
706 1775 152 30 entretien
883 1781 76 21 avec

182 1821 41 28 M.
241 1821 226 34 Waddington,
496 1817 222 31 ambassadeur
743 1815 38 28 de
808 1814 117 30 France
940 1814 19 26 à

183 1861 151 34 Londres,
351 1864 30 25 et
396 1866 74 22 avec
484 1859 43 27 M.
537 1858 35 28 de
587 1856 139 37 Gourcél,
738 1853 221 30 ambassadeur

250 1902 116 28 France
394 1900 18 27 à
428 1899 118 33 Berlin,
560 1898 104 27 arrivé
691 1897 19 27 à
736 1896 99 34 Paris,
852 1893 106 37 appelé

183 1941 172 37 également
367 1948 57 28 par
438 1938 44 30 M.
497 1938 107 35 Ferry,
619 1937 54 35 qui
689 1935 129 30 désirait
831 1935 110 28 s'entre-

185 1982 81 28 tenir
281 1981 44 27 du
338 1980 98 37 projet
451 1978 37 28 de
503 1977 178 28 conférence
710 1983 76 20 avec
798 1982 58 21 nos
872 1974 70 37 prin-

183 2021 115 35 cipaux
309 2020 229 35 représentants
554 2017 19 27 à
583 2016 177 34 l'étranger.

216 2061 44 28 M.
280 2059 215 35 Waddington
521 2065 18 20 a
565 2055 102 31 donné
691 2053 262 32 communication

184 2100 53 28 des
252 2108 77 20 vues
345 2100 41 27 du
407 2096 243 38 gouvernement
680 2095 132 35 anglais,
828 2094 54 35 qui
907 2093 44 28 l'a

182 2140 113 37 chargé
309 2139 37 28 de
360 2139 200 27 transmettre
586 2137 189 28 l'assurance
788 2141 61 28 que
870 2133 71 28 l'An-

190 2179 130 35 gleterre
351 2178 119 28 n'avait
498 2177 113 35 jamais
643 2174 118 38 projeté
793 2173 165 28 d'annexer

185 2219 143 37 l'Egypte
343 2219 35 28 ni
392 2219 38 27 de
444 2217 136 28 déclarer
606 2224 58 21 son
687 2215 188 37 protectorat
902 2219 56 21 sur

180 2268 34 21 ce
228 2268 93 30 pays;
338 2267 59 30 que
413 2259 77 27 cette
502 2258 165 34 puissance
676 2255 87 30 avait
775 2251 178 32 l'intention

182 2297 259 39 d'entreprendre,
456 2304 65 20 aux
546 2296 80 30 mois
638 2295 157 28 d'octobre
807 2296 31 27 et
853 2294 35 30 de
902 2300 38 21 no-

184 2340 138 35 vembre,
338 2346 61 21 une
415 2337 178 37 expédition
606 2343 43 20 au
664 2335 137 34 Soudan,
827 2334 129 35 lorsque

183 2380 32 28 la
230 2380 94 28 haute
339 2386 72 21 crue
425 2378 43 28 du
482 2376 53 28 Nil
554 2375 47 30 lui
612 2375 195 37 permettrait
831 2374 37 27 de
883 2373 59 28 diri-

182 2427 54 27 ger
248 2427 56 20 sur
318 2418 176 30 Khartoum
508 2425 60 20 une
582 2414 123 31 flottille
723 2414 39 28 de
775 2421 137 28 vapeurs
926 2414 31 26 et

181 2460 37 27 de
233 2460 146 34 barques,
394 2458 103 28 moins
508 2457 78 28 dans
599 2456 177 28 l'intention
790 2450 167 38 d'imposer

182 2506 59 22 son
255 2499 135 30 autorité
418 2505 60 28 que
493 2497 38 28 de
557 2494 128 31 rétablir
699 2493 31 30 le
755 2493 135 38 prestige
917 2492 37 28 de

181 2548 48 20 ses
244 2545 112 27 armes,
371 2538 30 27 le
429 2537 158 28 ministère
613 2535 123 37 anglais
764 2533 86 30 étant
879 2532 72 28 bien

181 2578 105 30 décidé
311 2578 18 28 à
357 2577 201 30 abandonner
576 2576 28 27 le
631 2574 126 30 Soudan
787 2581 61 21 aux
875 2571 66 31 indi-

182 2619 104 37 gènes.

215 2659 43 30 M.
273 2659 38 28 de
325 2656 128 31 Gourcel
476 2663 19 20 a
522 2655 58 28 fait
607 2655 71 35 part
707 2654 73 28 àM.
794 2654 96 34 Ferry
905 2652 52 30 des

180 2698 184 30 excellentes
391 2695 203 39 dispositions
611 2695 39 28 de
672 2694 206 34 l'Allemagne
891 2692 66 35 qui,

183 2739 235 28 reconnaissant
432 2745 61 28 que
507 2737 31 27 la
547 2735 117 30 France
678 2727 46 35 Ist
737 2734 32 27 la
783 2732 172 37 principale

180 2778 175 34 intéressée,
371 2785 74 20 avec
457 2774 296 37 l'Angleterre,dans
764 2773 32 27 la
811 2772 146 35 question

182 2818 162 37 d'Egypte,
371 2818 80 27 ainsi
477 2824 60 27 que
566 2815 41 30 M.
625 2815 37 28 de
677 2812 163 32 Bismarck
859 2812 40 27 l'a
912 2819 31 20 re-

180 2865 102 21 connu
296 2865 40 20 au
346 2856 136 37 Congrès
498 2856 35 28 de
550 2855 116 35 Berlin,
680 2856 46 27 est
739 2854 74 28 bien
830 2851 122 30 décidée

180 2897 100 28 àuuir
294 2906 35 20 sa
344 2897 152 35 politique
510 2896 18 27 à
543 2896 31 27 la
588 2895 109 28 sienne
710 2901 77 28 pour
800 2893 78 28 faire
892 2891 50 37 pré-

182 2936 111 38 valoir,
313 2944 41 20 au
384 2936 67 28 sein
465 2936 37 27 de
517 2936 30 27 la
573 2935 105 27 future
706 2933 189 33 conférence,
909 2931 41 27 les

182 2978 98 30 droits
292 2978 35 28 de
351 2975 145 35 l'Europe
511 2976 30 26 et
563 2974 30 30 le
606 2973 155 37 protocole
772 2973 35 28 de
823 2970 116 30 désinté-

180 3018 171 30 ressement
361 3015 91 38 signé
463 3015 25 28 il
501 3022 22 28 y
546 3022 19 20 a
582 3014 83 28 deux
676 3021 54 20 ans
746 3013 19 27 à
780 3011 159 31 Gonstanti-

183 3058 103 34 nople.

508 3090 106 31 Berlin,
634 3089 31 25 29
679 3089 83 31 avril,
778 3089 15 24 1
809 3087 28 25 h.
854 3087 40 25 27.

215 3138 93 28 Selon
324 3138 86 26 toute
423 3142 224 31 apparence,on
660 3141 125 30 passera
794 3141 38 20 en
836 3132 122 35 Egypte

181 3184 58 31 par
252 3184 60 22 une
346 3176 146 28 nouvelle
520 3176 76 27 crise
625 3171 222 35 ministérielle,
863 3172 94 27 avant

180 3226 61 28 que
265 3217 28 28 le
308 3216 122 28 cabinet
459 3215 120 35 anglais
609 3215 151 27 réussisse
794 3213 18 28 à
837 3211 122 30 obtenir

183 3257 172 30 l'adhésion
384 3256 53 28 des
463 3255 191 37 partenaires
671 3254 37 28 de
722 3254 32 28 la
769 3253 188 30 conférence.

184 3298 48 33 On
241 3306 43 22 ne
299 3298 74 28 veut
398 3305 58 28 pas
470 3295 150 28 admettre
643 3294 89 28 l'idée
752 3295 37 26 de
804 3294 155 34 s'occuper

180 3338 216 35 uniquement,
419 3337 17 27 à
464 3335 32 28 la
513 3334 188 35 conférence,
717 3334 38 27 de
765 3334 33 26 la
811 3333 50 28 loi'
873 3333 35 27 de
922 3332 25 28 li-

183 3378 174 35 quidation.
371 3377 45 28 La
430 3374 209 31 modification
669 3373 135 37 projetée
830 3373 37 27 de
880 3373 78 27 cette

180 3417 45 28 loi
253 3419 46 27 est
332 3416 198 30 absolument
552 3413 224 35 inimaginable
804 3420 73 20 sans
898 3419 60 21 une

182 3457 176 28 discussion
373 3456 18 28 à
404 3456 76 28 fond
494 3456 38 27 de
546 3456 86 27 toute
651 3454 32 28 la
697 3452 150 30 situation
860 3454 83 27 finan-

183 3497 79 28 cière
275 3497 38 27 de
325 3496 144 35 l'Egypte
481 3497 40 32 et,
536 3495 78 28 dans
637 3502 44 20 un
713 3493 92 31 débat
834 3491 124 37 général

180 3544 56 21 sur
266 3536 275 28 l'administration
565 3534 176 34 financière,
756 3541 41 20 on
822 3540 39 21 ne
881 3533 77 35 peut

180 3575 175 35 s'abstenir,
370 3575 78 27 dans
463 3575 30 27 le
507 3575 137 27 moment
651 3573 112 35 actuel,
776 3573 37 28 de
821 3572 120 28 considé-

180 3617 120 30 rations
313 3614 180 38 politiques.
508 3614 97 28 Aussi
622 3613 176 35 longtemps
814 3620 59 28 que
888 3614 70 26 tout

183 3664 71 21 sera
268 3657 78 28 dans
360 3654 207 30 l'incertitude
583 3654 30 27 et
645 3653 30 28 le
700 3653 146 34 désarroi,
863 3660 43 20 on
919 3660 39 19 ne

180 3704 115 28 pourra
313 3696 165 35 s'occuper,
495 3702 76 21 sans
586 3692 66 38 agir
665 3692 19 28 à
705 3692 33 28 la
757 3692 111 35 légère,
885 3691 73 28 d'un

178 3737 102 35 projet
294 3736 201 35 économique
521 3735 54 35 qui
595 3743 11 19 t
613 3733 71 35 xige
707 3733 98 27 avant
831 3732 69 27 tout
926 3731 32 27 la

182 3776 137 27 stabilité
333 3775 162 35 politique.
508 3774 27 28 Il
547 3775 96 27 serait
652 3772 126 31 difficile
791 3771 37 28 do
842 3771 116 28 réfuter

182 3823 51 21 ces
248 3816 171 35 objections
435 3816 30 26 et
478 3821 43 21 on
547 3803 46 39 les
606 3814 133 35 prendra
765 3811 193 30 assurément

184 3862 40 21 en
240 3854 236 30 considération.
493 3853 60 30 Les
566 3855 104 27 autres
683 3852 138 30 cabinets
835 3852 56 35 qui
902 3853 56 26 ont

180 3895 21 28 à
214 3895 174 28 considérer
400 3896 77 25 cette
491 3893 193 37 proposition
705 3893 78 28 l'ont
798 3889 159 31 accueillie

180 3943 76 22 avec
282 3943 63 21 une
365 3934 126 35 grande,
508 3934 119 28 réserve
658 3934 30 27 et
719 3932 24 28 il
769 3939 33 21 se
829 3938 129 30 passera

182 3974 133 38 quelque
330 3977 100 34 temps
461 3976 96 27 avant
570 3980 61 30 que
645 3973 46 27 les
704 3973 197 34 divergences
913 3970 41 30 de

183 4023 78 21 vues
275 4022 33 22 se
319 4013 103 31 soient
436 4013 170 30 accordées.

217 4055 52 30 Un
285 4054 106 30 article
405 4054 103 28 inséré
522 4054 77 28 dans
627 4052 32 28 la
672 4052 130 32 Gazette
819 4052 39 27 de
873 4051 69 27 Colo-

185 4103 61 26 gne
276 4102 159 30 provoque
462 4094 37 27 de
523 4093 63 28 vifs
606 4091 244 30 commentaires.
867 4090 47 30 On
927 4090 31 27 le

182 4136 47 27 dit
243 4134 118 37 inspiré
374 4141 57 28 par
452 4133 33 28 la
501 4131 215 30 chancellerie.
741 4131 87 28 Voici
841 4139 34 20 sa
888 4137 53 21 con-

182 4175 132 33 clusion,
330 4174 198 27 absolument
542 4172 159 30 favorable
712 4172 19 28 à
739 4172 32 28 la
784 4172 116 28 France
912 4178 7 21 :

219 4225 13 15 *
248 4213 217 35 L'Angleterre
481 4221 32 20 se
528 4213 182 35 tromperait
738 4211 220 30 radicalement

183 4254 28 28 si
226 4254 58 30 elle
312 4253 189 35 s'imaginait
529 4260 59 28 que
604 4260 50 19 ses
671 4259 78 21 vues
777 4251 181 37 pourraient

183 4296 65 28 être
263 4294 168 38 appuyées,
458 4294 104 26 contre
576 4292 31 28 la
632 4292 129 34 France,
775 4299 57 27 par
844 4291 45 30 les
905 4298 35 21 au-

183 4337 64 26 tres
259 4337 194 34 puissances.
471 4333 51 27 Au
548 4332 164 33 contraire,
726 4332 32 27 la
776 4332 91 33 façon
882 4330 76 28 dont

180 4374 32 28 la
220 4374 118 30 France
348 4374 185 35 envisagera
541 4371 32 28 la
580 4372 146 35 question
736 4378 69 21 sera
814 4371 144 35 partagée

177 4422 58 27 par
250 4422 48 20 ces
314 4413 194 37 puissances.
527 4411 142 28 Celles-ci
691 4410 214 37 n'éprouvent,
918 4417 39 21 en

180 4454 81 34 effet,
274 4461 123 21 aucune
407 4452 176 37 sympathie
595 4459 80 30 pour
686 4452 32 27 la
730 4452 138 28 manière
881 4450 77 28 dont

178 4494 207 35 l'Angleterre
400 4501 19 20 a
444 4493 133 34 compris
605 4492 33 28 la
653 4491 90 30 tâche
769 4492 56 35 qui
839 4491 46 30 lui
911 4491 32 30 in-

182 4534 137 27 combait
333 4540 39 20 en
384 4533 132 35 Egypte.

219 4585 11 14 »
253 4573 189 32 L'entretien
456 4573 41 26 du
511 4572 98 27 baron
625 4571 38 28 de
677 4571 129 30 Gourcel
820 4579 74 20 avec
909 4571 41 28 M.

183 4612 89 30 Jules
300 4612 98 35 Ferry
426 4612 142 27 fournira
593 4619 63 20 une
683 4618 117 31 preuve
814 4611 143 28 évidente

180 4659 61 28 que
267 4652 207 35 l'Allemagne
488 4652 46 27 est
549 4651 200 28 absolument
768 4651 138 35 éloignée
919 4651 38 27 de

181 4701 33 20 se
226 4693 80 30 faire
319 4690 189 33 l'anxiliaire
522 4691 38 28 de
587 4690 202 37 l'Angleterre
808 4693 104 27 contre
925 4690 32 30 la

182 4731 129 30 France.
320 4731 39 28 Si
372 4733 78 27 cette
465 4730 139 30 dernière
625 4731 103 27 refuse
742 4730 37 27 de
791 4730 165 37 participer

183 4773 18 27 à
214 4772 33 28 la
262 4772 190 35 conférence,
464 4770 204 41 l'Allemagne
687 4769 107 30 suivra
810 4770 131 28 certaine-

181 4814 86 31 ment
282 4819 57 21 son
353 4811 150 37 exemple.
521 4821 13 15 >

504 4864 117 31 Vienne,
635 4863 32 26 29
683 4863 84 32 avril,
783 4864 14 25 3
810 4863 28 26 h.
853 4863 39 25 32.

214 4910 84 30 C'est
327 4909 79 31 dans
431 4909 37 30 de
496 4910 180 28 mauvaises
704 4907 176 31 conditions
895 4915 59 30 que

178 4948 204 38 l'Angleterre
396 4956 117 28 engage
529 4956 57 21 son
601 4945 102 32 action
733 4948 221 37 diplomatique

178 4997 39 21 en
234 4997 61 21 vue
309 4989 93 28 d'une
432 4989 188 28 conférence.
648 4988 65 30 Nul
726 4988 93 30 doute
843 4988 112 35 qu'elle

178 5036 39 21 ne
229 5030 74 33 soit,
324 5029 96 27 isolée
433 5030 31 26 et
478 5028 73 28 c'est
566 5036 32 20 ce
612 5029 56 35 qui
694 5036 40 20 ne
759 5028 196 28 contribuera

181 5069 221 28 certainement
416 5075 57 30 pas
487 5068 19 27 à
520 5069 135 27 faciliter
664 5068 44 28 les
725 5068 229 28 délibérations.

177 5108 59 30 Les
248 5109 81 28 deux
341 5108 183 34 puissances
539 5108 237 34 continentales,
785 5108 169 27 l'Autriche

178 5150 31 27 et
223 5148 215 34 l'Allemagne,
446 5156 33 20 se
491 5147 191 28 renferment
694 5147 261 30 volontairement

177 5187 78 30 dans
270 5196 61 24 une
360 5187 133 28 attitude
522 5187 151 35 réservée,
687 5194 81 30 pour
797 5186 111 30 laisser
925 5186 30 28 le

185 5231 99 33 temps
300 5228 18 27 à
335 5226 204 37 l'Angleterre
565 5228 170 28 d'entamer
749 5226 54 30 des
817 5226 122 37 négocia-

172 5267 270 38 tions'préalables
457 5276 74 20 avec
544 5267 32 30 la
591 5268 128 28 France.

214 5308 48 28 En
276 5309 87 27 outre
378 5307 30 30 le
433 5307 107 37 prince
569 5308 162 28 Bismarck
746 5315 18 20 a
782 5315 80 28 pour
874 5308 66 41 prin-

177 5348 67 37 cipe
259 5348 38 27 de
309 5355 40 20 ne
361 5347 116 35 jamais
491 5347 78 28 faire
582 5349 177 34 opposition
770 5348 20 27 à
800 5348 33 27 la
840 5348 116 27 France

177 5387 19 28 à
208 5389 103 26 moins
326 5386 52 35 d'y
390 5389 64 26 être
476 5387 85 28 forcé
587 5395 57 28 par
656 5387 46 28 les
718 5389 236 33 circonstances,

178 5428 41 34 et,
236 5428 99 35 quant
366 5427 20 27 à
412 5427 184 37 l'Autriche,
609 5428 149 28 l'homme
785 5428 57 35 qui
857 5435 17 20 a
888 5435 51 28 pro-

180 5467 98 28 noncé
292 5467 31 28 le
335 5467 129 28 fameux
484 5467 139 28 discours
650 5467 38 30 de
715 5467 188 30 Midlothian
915 5476 40 22 ne

176 5506 66 30 doit
256 5515 57 30 pas
330 5511 138 32 compter
483 5515 54 21 sur
548 5516 57 20 sou
619 5507 107 37 appui.

209 5546 48 30 La
269 5546 117 32 France
412 5546 93 28 tirera
522 5549 67 26 tout
602 5548 31 28 le
648 5548 81 37 parti
746 5548 137 37 possible
900 5548 56 30 des

175 5587 157 30 embarras
345 5585 37 28 de
396 5585 31 28 la
442 5585 152 38 politique
609 5587 150 31 orientale
772 5588 38 28 de
823 5588 116 35 l'Angle-

177 5628 90 34 terre,
283 5628 31 28 et
340 5627 185 28 demandera
541 5629 97 26 avant
652 5628 70 27 tout
737 5627 94 35 qu'on
847 5629 107 27 tienne

175 5670 123 33 compte
332 5666 37 28 de
394 5666 32 28 la
451 5667 138 35 position
617 5667 112 35 qu'elle
754 5669 143 33 occupait
915 5675 39 20 en

176 5707 123 35 Egypt3
326 5708 97 27 avant
452 5707 69 27 d'en
544 5708 64 27 être
630 5707 164 27 éconduite
807 5715 57 27 par
878 5708 78 30 cette

174 5748 176 34 puissance.
363 5746 61 27 Sur
439 5754 33 19 ce
487 5747 90 34 point
588 5747 44 33 là,
640 5747 70 27 tous
724 5747 45 28 les
785 5754 149 28 gouverne-

175 5789 102 26 ments
292 5789 83 32 sont,
402 5793 74 21 sans
491 5786 176 35 exception,
683 5794 80 27 pour
774 5786 33 28 la
819 5787 117 30 France
944 5796 11 27 ;

175 5828 30 27 et
220 5826 24 28 il
257 5828 47 27 est
320 5825 200 30 doublement
548 5825 171 30 humiliant
746 5828 208 35 aujourd'hui,

174 5874 81 30 pour
268 5865 211 37 l'Angleterre,
496 5865 93 30 d'êlrè
605 5865 122 37 obligée
742 5867 38 28 de
791 5867 164 30 demander

176 5907 30 28 le
221 5913 149 22 concours
385 5906 35 28 de
438 5906 32 28 la
496 5906 117 28 France
640 5914 80 28 pour
733 5907 102 37 régler
848 5908 46 28 les
909 5909 30 27 af-

180 5946 94 30 faires
288 5946 164 35 d'Egypte.

498 5995 137 32 Londres,
652 5995 31 26 29
698 5995 84 32 avril,
797 5995 14 26 8
824 5995 27 26 h.
867 5996 40 25 15.

211 6040 183 38 J'apprends
410 6047 71 30 que,
495 6041 77 27 dans
586 6048 63 20 une
664 6041 135 37 dépêche
811 6041 139 30 adressée

178 6080 18 26 à
268 6081 37 27 de
320 6080 98 35 Staal,
433 6080 28 28 le
476 6087 146 21 nouveau
645 6080 143 28 ministre
800 6083 124 27 nommé
935 6084 20 26 à

182 6119 32 28 la
228 6128 74 21 cour
315 6120 37 27 de
378 6120 89 27 Saint
480 6119 117 35 James,
624 6119 44 28 M.
685 6120 37 28 de
746 6122 90 28 Giers
859 6130 19 20 a
906 6122 33 28 dé-

180 6159 81 30 claré
276 6167 59 30 que
361 6158 90 30 l'idée
465 6159 37 28 de
516 6159 116 30 limiter
646 6159 32 30 la
693 6161 177 30 conférence
891 6169 64 21 aux

180 6200 129 38 simples
330 6200 163 37 questions
523 6200 184 30 financières
731 6201 77 28 était
833 6201 105 30 absolu-

181 6242 86 26 ment
281 6240 228 35 impraticable.

214 6281 44 27 M.
274 6281 38 27 de
326 6280 89 28 Giers
445 6280 157 28 considère
614 6280 47 28 les
685 6280 158 30 embarras
857 6282 81 28 finan-

178 6321 79 28 ciers
270 6321 35 30 de
319 6320 144 37 l'Egypte
478 6328 117 20 comme
602 6322 69 34 trop
686 6321 197 30 intimement
894 6322 59 28 liés

178 6360 66 30 àla
273 6360 80 28 crise
381 6360 154 37 politique
557 6367 80 30 pour
660 6361 133 35 pouvoir
808 6370 110 30 soDger
934 6363 20 27 à

178 6402 145 28 résoudre
339 6407 63 21 une
413 6399 54 30 des
484 6400 162 37 questions
660 6409 73 21 sans
749 6402 156 38 s'occuper
917 6403 38 30 de

177 6441 122 28 l'autre.

214 6481 44 30 Le
270 6482 66 28 sort
365 6480 38 30 de
426 6481 33 28 la
474 6481 190 37 conférence,
689 6488 119 22 comme
823 6490 34 20 sa
886 6482 50 28 réu-

180 6521 86 35 nion,
285 6520 123 37 dépend
433 6520 201 30 absolument
648 6521 41 28 du
719 6523 231 28 consentement

184 6562 28 25 et
228 6560 53 27 des
294 6568 77 19 vues
387 6560 37 27 de
437 6559 31 28 la
482 6560 128 27 France.

305 6674 48 28 La
379 6674 233 38 conspiration
641 6676 188 30 zorrilliste

459 6732 122 33 Madrid,
596 6733 32 25 29
641 6733 84 32 avril,
737 6733 15 26 4
765 6733 30 26 h.
808 6733 32 26 30
854 6735 69 25 soir.

215 6781 43 30 Le
274 6783 126 34 rapport
426 6781 56 30 des
509 6783 180 34 ingénieurs
717 6783 107 28 établit
848 6791 63 31 que
922 6784 32 27 la

181 6817 196 39 catastrophe
406 6822 40 27 du
476 6829 76 28 pont
575 6823 158 27 d'Alcudia
751 6827 43 24 o:-t
813 6823 59 30 due
894 6823 15 27 à
925 6823 31 28 la

180 6861 228 30 malveillance.
452 6862 59 28 Les
548 6865 137 34 poteaux
712 6863 41 31 du
780 6863 176 37 télégraphe

180 6901 124 28 avaient
335 6901 47 28 été
410 6902 89 34 sapés
513 6905 86 26 entre
611 6902 46 31 les
671 6902 131 30 stations
817 6902 137 30 d'amont

1581 909 6 5 '

1017 973 30 27 et
1061 972 112 35 d'aval,
1183 971 47 28 les
1245 970 74 30 rails
1348 969 124 31 avaient
1486 969 47 30 été
1547 969 124 30 enlevés
1685 977 56 22 sur
1753 969 31 30 le

1015 1019 146 30 parcours
1176 1012 43 27 du
1234 1012 77 35 pont
1326 1012 41 33 et,
1383 1018 39 20 en
1435 1010 175 35 déraillant,
1630 1009 28 30 le
1670 1011 83 27 train
1766 1017 19 21 a

1016 1052 142 28 entraîné
1172 1051 77 30 trois
1269 1051 115 28 arches.
1401 1051 144 28 Soixante
1570 1050 144 27 cadavres
1729 1051 56 27 ont

1016 1091 67 37 déjà
1104 1093 48 28 été
1180 1090 107 31 retirés
1316 1090 35 28 de
1376 1090 32 27 la
1421 1090 122 35 rivière,
1557 1090 78 27 mais
1649 1091 72 27 tous
1734 1090 46 28 les

1015 1140 129 28 wagons
1169 1131 87 30 n'ont
1278 1139 44 30 pu
1348 1137 107 21 encore
1483 1131 63 26 être
1563 1129 118 30 visités.
1702 1129 27 30 Il
1744 1137 39 21 ne

1015 1175 100 33 parait
1129 1180 57 28 pas
1201 1172 138 28 douteux
1349 1179 59 28 que
1417 1170 45 28 les
1469 1172 126 27 auteurs
1606 1169 37 28 de
1658 1172 46 27 cet
1714 1170 53 28 abo-

1013 1214 136 27 minable
1165 1213 93 28 crime
1271 1219 39 21 ne
1325 1212 100 27 soient
1440 1211 53 28 des
1506 1209 172 35 zorillistes,
1694 1218 91 28 parce

1015 1261 60 28 que
1101 1261 33 20 sa
1154 1252 210 38 perpétration
1390 1251 138 28 coïncide
1554 1258 74 21 avec
1650 1250 135 28 d'autres

1013 1293 169 30 tentatives
1199 1291 165 37 coupables
1380 1298 6 21 :
1401 1291 80 28 mais
1506 1298 103 21 aucun
1631 1290 90 30 d'eux
1735 1291 50 27 n'a

1013 1341 107 21 encore
1135 1332 48 30 été
1199 1332 107 33 arrêté,
1318 1331 34 27 ni
1365 1331 174 28 découvert.

1049 1374 43 28 Le
1104 1372 125 38 général
1244 1371 107 34 Pavia,
1374 1371 219 28 commandant
1607 1377 38 21 en
1663 1370 72 30 chef
1749 1370 35 27 de

1012 1413 123 30 l'armée
1150 1414 43 28 du
1206 1411 96 34 Nord,
1317 1410 58 30 fait
1398 1410 188 30 activement
1599 1410 185 37 poursuivre

1012 1453 32 30 la
1069 1453 100 30 bande
1193 1452 161 30 zorrilliste
1380 1450 41 28 du
1447 1450 154 35 capitaine
1620 1449 164 37 MaDgado,

1013 1494 56 35 qui
1083 1495 47 26 est
1144 1492 119 30 acculée
1290 1492 20 30 à
1332 1491 32 28 la
1391 1491 146 28 frontière
1552 1498 135 21 navarro
1701 1491 66 27 fran-

1015 1534 89 33 çaise.
1136 1534 43 28 Ce
1200 1532 156 37 capitaine
1375 1540 18 19 a
1415 1538 74 22 sous
1512 1538 48 21 ses
1577 1528 105 30 ordres
1701 1530 67 37 quel-

1016 1580 76 28 ques
1107 1573 125 28 anciens
1247 1572 132 28 officiers
1398 1573 31 26 et
1443 1578 73 21 sous
1531 1570 141 30 officiers.

1204 1661 163 30 Invasion
1387 1661 44 28 du
1450 1658 141 31 choléra

1330 1708 135 32 Londres,
1480 1708 31 25 29
1525 1707 85 31 avril,
1624 1707 15 26 5
1655 1707 27 26 h.
1697 1706 41 25 40.

1049 1755 50 28 Un
1113 1755 58 27 fait
1180 1755 89 27 inouï
1283 1754 87 28 vient
1383 1754 38 28 de
1436 1761 32 20 se
1482 1760 118 28 passer.
1616 1750 41 30 Le
1682 1753 87 27 trans-

1012 1796 71 34 port
1106 1795 119 34 anglais
1238 1793 163 28 Crocodile
1428 1795 46 26 est
1504 1792 102 30 arrivé
1631 1792 19 27 à
1680 1792 85 28 Ports-

1012 1834 110 28 mouth
1136 1841 76 22 avec
1224 1834 28 27 le
1263 1834 126 28 choléra
1401 1834 19 26 à
1434 1833 87 28 bord.
1538 1832 85 28 Parti
1639 1832 35 28 de
1693 1832 71 28 Bom-

1011 1876 64 37 bay
1101 1883 76 21 avec
1201 1874 56 28 des
1292 1878 137 32 troupes,
1467 1873 46 27 les
1545 1872 150 28 autorités
1731 1878 37 21 an-

1012 1917 112 35 glaises
1140 1923 38 22 en
1194 1915 118 37 Egypte
1324 1918 56 25 ont
1394 1912 89 37 exigé
1496 1912 77 37 qu'il
1587 1912 154 28 traversât
1755 1911 31 28 le

1012 1956 89 28 canal
1115 1956 39 28 de
1167 1955 78 30 Suez
1257 1955 73 28 bien
1345 1954 76 37 qu'il
1435 1961 22 27 y
1468 1955 54 27 eût
1557 1951 37 30 de
1607 1951 176 31 nombreux

1012 2003 51 20 cas
1076 1997 32 26 et
1121 1995 157 37 plusieurs
1293 1994 87 28 décès
1395 1993 193 35 cholériques
1603 1993 19 26 à
1635 1991 87 28 bord.
1740 1990 43 28 Le

1011 2036 159 35 transport
1185 2042 19 20 a
1218 2035 65 35 pris
1297 2035 120 27 contact
1431 2033 19 28 à
1462 2033 87 30 Suez.
1566 2031 41 28 Ce
1620 2031 79 28 n'est
1713 2030 72 37 qu'à

1011 2075 138 28 Ismaïlia
1166 2082 60 30 que
1240 2082 57 20 son
1311 2075 65 27 état
1395 2073 38 28 de
1447 2072 165 37 contagion
1624 2080 19 19 a
1664 2070 47 28 été
1736 2078 33 20 re-

1011 2122 116 28 connu,
1139 2115 30 28 le
1194 2114 220 28 commandant
1427 2114 31 26 et
1474 2112 30 28 le
1519 2112 125 28 docteur
1654 2112 41 28 du
1708 2109 78 30 bord

1011 2153 123 38 l'ayant
1147 2154 252 37 soigneusement
1410 2152 161 28 dissimulé
1579 2151 168 37 jusque-là.

1046 2194 46 31 De
1107 2196 74 28 Port
1193 2193 73 30 Saïd
1280 2193 18 28 à
1312 2192 167 35 Gibraltar,
1493 2192 25 28 il
1534 2193 65 33 eut,
1617 2191 78 28 dans
1723 2198 63 21 une

1011 2235 155 30 traversée
1175 2235 37 28 de
1227 2236 69 34 sept
1311 2233 102 37 jours,
1426 2232 69 37 sept
1518 2239 51 20 cas
1596 2231 38 28 de
1662 2230 123 32 choléra

1010 2276 157 28 éonstatés
1181 2277 31 26 et
1227 2275 77 28 trois
1316 2272 89 30 décés
1417 2271 215 37 foudroyants.

1046 2316 28 27 A
1088 2314 211 35 Portsmouth,
1315 2313 46 30 les
1389 2311 150 31 autorités
1554 2313 56 27 ont
1623 2310 102 28 refusé
1753 2309 32 28 la

1010 2355 79 28 libre
1101 2355 144 35 pratique
1258 2362 40 20 au
1312 2353 109 28 navire
1434 2350 175 31 Contaminé
1620 2359 9 27 ;
1646 2350 45 28 les
1707 2349 53 38 pré-

1011 2395 139 28 cautions
1163 2395 98 35 prises
1277 2394 144 27 suffiront
1435 2394 157 33 peut-être
1611 2398 79 30 pour
1722 2389 47 30 évi-

1010 2437 47 28 ter
1078 2434 231 28 l'introduction
1339 2433 38 27 de
1403 2432 174 35 l'épidémie
1604 2439 40 20 en
1671 2430 94 37 Angle-

1010 2477 92 34 terre,
1114 2474 80 28 mais
1206 2473 194 30 assurément
1411 2472 91 28 celles
1514 2472 100 37 prises
1628 2471 19 28 à
1661 2467 77 32 Suez
1754 2471 30 27 et

1010 2516 20 28 à
1043 2516 73 30 Port
1129 2515 76 30 Saïd
1217 2520 38 25 ne
1270 2513 100 32 feront
1385 2520 61 28 que
1463 2519 154 30 propager
1629 2510 33 28 la
1675 2512 87 26 conta-

1010 2557 73 33 gion
1097 2563 39 21 en
1150 2555 122 35 Egypte
1286 2555 31 28 et
1326 2561 41 22 en
1375 2551 178 37 Turquie,si
1567 2550 217 37 l'application

1016 2596 53 28 des
1082 2595 184 35 règlements
1290 2594 164 28 sanitaires
1467 2593 31 27 et
1525 2590 259 37 quarantenaires

1010 2636 79 28 reste
1104 2642 63 21 aux
1181 2633 103 30 mains
1296 2633 53 30 des
1362 2631 142 35 Anglais.

1141 2725 128 28 Russes
1289 2724 33 28 et
1341 2721 145 37 Anglais
1506 2727 41 21 en
1567 2720 85 27 Asie

1329 2770 136 30 Londres,
1475 2770 31 25 28
1520 2767 84 32 avril,
1617 2767 14 25 3
1645 2767 30 31 h,
1690 2767 43 25 17.

1048 2817 78 28 Rien
1137 2817 80 28 n'est
1232 2823 109 21 encore
1354 2815 103 27 décidé
1468 2822 79 28 pour
1569 2812 32 28 la
1626 2812 137 28 délimita-

1011 2857 67 28 tion
1094 2858 35 26 de
1144 2857 32 27 la
1200 2856 148 28 frontière
1374 2858 90 25 ru'sso
1478 2852 247 37 perso-afghane.
1755 2851 27 28 Il

1011 2898 48 26 est
1075 2897 19 27 à
1119 2896 119 37 espérer
1265 2903 63 28 que
1351 2894 31 30 le
1409 2894 242 35 gouvernement
1677 2891 106 28 indien

1011 2937 66 30 fera
1102 2936 99 30 sentir
1215 2943 41 20 au
1285 2935 246 35 gouvernement
1557 2931 123 38 anglais
1707 2933 61 28 l'im-

1010 2978 148 37 portance
1169 2975 76 37 qu'il
1259 2983 22 28 y
1294 2982 18 20 a
1328 2975 18 27 à
1361 2974 106 28 ouvrir
1492 2974 53 27 des
1572 2973 211 35 négociations

1012 3026 54 20 sur
1081 3025 32 20 ce
1128 3018 89 34 point
1231 3022 74 21 avec
1318 3014 32 28 la
1371 3014 124 28 Russie.
1522 3013 86 28 Cette
1635 3013 132 27 délimita-

1011 3058 77 34 tion,
1113 3065 61 20 une
1202 3054 60 30 fois
1287 3053 177 37 accomplie,
1492 3053 118 28 servira
1637 3053 19 26 à
1685 3053 98 27 éviter

1010 3097 74 28 bien
1100 3097 54 28 des
1168 3094 233 34 complications
1416 3093 19 27 à
1447 3092 143 34 l'avenir,
1605 3093 32 26 et
1656 3092 32 27 la
1707 3092 58 27 Rus-

1012 3137 57 34 sie,
1085 3138 43 26 en'
1139 3136 46 35 s'y
1196 3136 135 34 prêtant,
1346 3133 136 28 donnera
1502 3141 61 20 une
1579 3139 116 28 preuve
1720 3139 41 20 ma-

1011 3177 115 27 nifeste
1140 3176 37 27 de
1191 3175 32 28 la
1237 3174 144 30 sincérité
1403 3172 38 30 de
1455 3180 50 21 ses
1519 3171 201 37 dispositions
1734 3180 33 28 pa-

1012 3216 138 37 cifiques.

1046 3255 44 33 Le
1104 3255 122 28 chemin
1238 3254 39 31 de
1289 3254 47 28 fer
1349 3253 37 30 de
1401 3252 135 35 Quettah
1548 3253 46 28 est
1607 3252 174 30 commencé

1012 3298 41 34 et,
1069 3302 116 21 comme
1200 3295 110 34 depuis
1317 3294 180 34 longtemps
1506 3294 70 27 tout
1586 3293 76 28 était
1675 3293 97 35 prépa

1012 3335 32 30 ré
1057 3344 39 20 en
1108 3343 60 21 vue
1183 3334 91 27 d'une
1289 3337 143 33 prompte
1463 3332 172 34 exécution,
1665 3333 22 27 il
1715 3340 69 20 sera

1012 3376 191 35 rapidement
1213 3373 144 28 terminé.

1095 3474 129 27 Retour
1244 3471 46 28 du
1304 3471 54 28 roi
1374 3471 168 28 Humbert
1560 3470 19 28 à
1598 3471 103 27 Roms

1333 3521 100 30 Rome,
1449 3520 31 25 29
1494 3519 83 32 avril,
1592 3520 13 24 5
1618 3519 31 25 h.
1668 3517 66 26 soir.

1054 3567 47 28 On
1115 3566 194 30 s'entretient
1323 3565 162 37 beaucoup
1504 3565 40 28 ici
1571 3563 37 28 de
1633 3572 32 22 ce
1690 3563 93 37 qu'au

1011 3607 138 34 banquet
1162 3606 89 28 offert
1263 3606 67 28 hier
1349 3605 18 27 à
1382 3606 98 28 Turin
1493 3612 58 28 par
1570 3604 32 28 la
1616 3604 150 37 municipa-

1010 3646 56 28 lité
1082 3647 35 27 de
1133 3647 78 26 cette
1224 3645 86 34 ville,
1319 3653 81 27 pour
1414 3645 187 28 l'ouverture
1615 3644 37 28 de
1662 3644 110 35 l'Expo

1012 3686 106 33 sition,
1130 3685 43 28 M.
1189 3685 30 28 le
1230 3685 99 27 baron
1349 3685 37 27 de
1406 3684 142 35 Keudell,
1564 3684 220 28 ambassadeur

1011 3725 214 34 d'Allemagne
1240 3732 40 20 au
1292 3724 155 34 Quirinal,
1463 3732 19 19 a
1509 3724 87 35 porté
1622 3724 32 27 la
1668 3724 115 35 parole,

1011 3772 41 21 au
1068 3772 73 21 nom
1156 3765 43 27 du
1224 3771 90 30 corps
1330 3764 235 35 diplomatique,
1579 3771 39 20 en
1632 3764 107 27 italien
1754 3765 30 26 et

1011 3813 74 28 non,
1101 3806 130 28 suivant
1245 3804 128 35 l'usage,
1388 3811 40 21 en
1441 3803 144 34 français.

1046 3846 41 30 Le
1108 3846 46 28 roi
1167 3844 156 30 Humbert
1335 3846 138 27 rentrera
1480 3843 87 37 jeudi
1579 3843 18 27 à
1611 3843 106 28 Rome.
1736 3842 47 30 On

1011 3893 106 21 assure
1130 3883 76 38 qu'il
1221 3883 102 30 aurait
1335 3883 128 37 ajourné
1478 3892 58 20 son
1550 3891 119 28 voyage
1682 3883 19 27 à
1714 3883 52 28 Ber-

1010 3926 57 34 lin,
1080 3926 27 27 si
1121 3927 98 26 même
1234 3924 24 28 il
1271 3924 53 37 n'y
1344 3931 18 20 a
1376 3924 143 30 renoncé.

1045 3966 92 28 Jeudi
1147 3964 183 37 également,
1345 3964 30 28 le
1388 3963 141 31 cardinal
1543 3964 139 28 Howard
1694 3972 72 27 pren-

1011 4005 56 28 dra
1088 4005 180 37 possession
1297 4005 37 27 de
1363 4004 135 28 l'évêché
1520 4004 213 28 suburbicaire
1747 4005 37 27 de

1010 4045 149 34 Frascati,
1174 4045 41 26 où
1230 4051 61 20 une
1302 4044 190 35 magnifique
1506 4044 156 34 réception
1672 4044 48 27 lui
1736 4045 47 26 est

1010 4085 156 37 préparée.
1744 4100 14 17 /

1045 4126 143 33 Demain,
1201 4123 70 37 Mgr
1297 4123 105 35 Fiard,
1431 4123 117 37 évêque
1577 4123 37 28 de
1641 4123 122 30 Montau-

1010 4166 74 34 ban,
1098 4166 103 35 repart
1212 4172 79 28 pour
1304 4163 32 28 la
1349 4163 128 30 France.

1188 4280 208 30 Evacuation
1411 4280 46 30 de
1475 4280 130 30 Berber

1320 4330 136 30 Londres,
1470 4329 32 25 29
1517 4329 81 31 avril,
1611 4330 15 25 6
1636 4329 28 26 h.
1678 4330 39 25 30.

1046 4375 43 30 Le
1104 4376 242 34 gouvernement
1361 4382 19 20 a
1394 4374 190 37 télégraphié
1599 4375 19 28 à
1629 4374 43 30 M.
1685 4375 77 35 Eger-

1012 4417 54 26 ton
1081 4423 80 27 pour
1182 4415 136 28 l'inviter
1332 4414 17 28 à
1365 4416 197 26 transmettre
1589 4422 40 21 au
1641 4414 141 30 Khédive

1011 4455 91 28 l'avis
1117 4455 77 35 qu'il
1208 4455 90 27 ferait
1309 4454 74 28 bien
1398 4454 37 28 de
1449 4454 118 28 donner
1579 4454 110 28 l'ordre
1704 4455 18 27 à
1733 4462 48 20 ses

1011 4496 126 34 troupes
1160 4495 31 28 et
1204 4495 19 26 à
1234 4494 31 31 la
1287 4494 183 35 population
1483 4494 187 35 égyptienne
1683 4495 83 27 d'éva-

1010 4543 72 21 cuer
1095 4535 45 28 les
1153 4534 93 30 villes
1260 4534 37 30 de
1309 4534 126 35 Berber,
1450 4534 38 28 de
1501 4534 152 37 Dongola,
1670 4535 37 28 de
1721 4534 40 30 Ko-

1010 4574 106 37 rosko,
1129 4576 104 31 toutes
1246 4573 47 30 les
1319 4574 164 35 provinces
1507 4573 162 30 au-dessus
1694 4576 71 28 d'As-

1010 4622 110 30 souan,
1129 4623 45 21 au
1188 4615 50 28 fur
1253 4617 30 26 et
1297 4615 18 26 à
1326 4622 123 21 mesure
1470 4622 63 30 que
1547 4615 45 28 les
1606 4615 118 30 bandes
1740 4616 41 30 du

1009 4655 109 30 Madhi
1129 4656 178 28 s'avancent
1320 4662 54 21 sur
1389 4654 152 37 l'Egypte.

1041 4695 206 31 N'attendant
1265 4702 63 28 pas
1357 4702 56 24 .ces
1452 4694 106 28 ordres
1593 4695 125 35 .tardifs,
1744 4695 37 31 la

1009 4736 149 34 garnison
1169 4735 38 27 de
1221 4735 115 27 Berber
1343 4736 73 26 s'est
1429 4735 106 28 ralliée
1548 4743 65 20 aux
1622 4736 158 34 insurgés,

1010 4776 30 28 et
1052 4775 138 28 Hussein
1205 4775 139 33 Khalifa,
1368 4775 31 28 le
1413 4780 207 33 gouverneur,
1633 4778 47 26 est
1694 4775 85 37 parti

1009 4822 79 28 pour
1113 4815 93 31 Abou
1218 4815 122 27 Hamed
1357 4815 158 35 rejoindre
1527 4822 58 22 son
1594 4822 116 28 neveu,
1724 4815 57 37 qui

1010 4854 180 28 commande
1202 4854 78 28 dans
1293 4856 77 27 cette
1384 4854 84 32 ville.

1044 4893 46 30 La
1103 4893 151 30 défection
1267 4894 37 28 de
1323 4893 125 30 l'armée
1462 4893 187 38 égyptienne
1665 4897 46 28 est
1728 4903 35 22 en-

1009 4933 84 31 tière.
1108 4933 51 30 Au
1174 4933 89 30 Caire
1277 4936 110 33 même,
1410 4933 46 33 les
1469 4936 128 35 troupes
1619 4935 161 37 indigènes

1010 4974 213 31 commandées
1248 4982 59 28 par
1332 4974 53 30 des
1401 4975 132 30 officiers
1547 4975 120 35 anglais
1681 4976 84 39 inspi-

1007 5016 71 26 rent
1091 5014 38 28 de
1147 5014 133 35 grandes
1299 5014 255 35 appréhensions,
1581 5016 32 27 et
1626 5015 20 28 à
1661 5015 120 38 chaque

1009 5054 126 35 progrès
1167 5053 43 30 du
1235 5053 106 30 Mahdi
1370 5061 41 21 on
1435 5056 73 33 peut
1521 5054 167 31 s'attendre
1701 5056 19 27 à
1731 5056 48 27 les

1009 5093 70 28 voir
1089 5095 104 26 entrer
1209 5100 39 21 en
1267 5093 117 28 révolte
1398 5095 137 27 ouverte.

1010 5239 152 107 DANS
1192 5241 69 106 LE
1294 5241 197 106 1018
1518 5243 261 107 OFFICIEL

1050 5467 87 31 Sous
1150 5474 39 25 ce
1201 5467 80 32 titre
1294 5467 170 33 alléchant
1481 5479 8 22 :
1505 5472 96 32 Dans
1613 5474 32 31 le
1658 5476 123 31 monde

1011 5509 138 37 officiel,
1160 5507 26 32 il
1200 5515 21 25 a
1234 5516 96 32 paru,
1352 5517 69 22 aux
1435 5511 158 32 environs
1606 5512 46 32 du
1667 5522 94 24 carna-

1012 5550 66 34 val,
1093 5556 47 22 un
1155 5549 125 30 recueil
1300 5548 40 32 de
1362 5550 187 39 nouvelles,
1579 5559 64 32 que
1665 5552 33 39 je
1727 5562 54 22 ma

1009 5589 148 38 permets
1168 5588 43 31 de
1226 5588 152 39 qualifier
1402 5590 203 40 d'exquises.
1626 5591 50 32 Le
1703 5593 76 32 flair

1009 5627 71 31 très
1094 5627 106 31 subtil
1214 5627 39 32 de
1267 5628 85 32 Paul
1368 5629 185 33 Ollendorff
1565 5630 50 32 les
1639 5641 20 21 a
1683 5633 78 32 subo-

1010 5666 175 32 dorées-au
1194 5675 152 32 passage,
1362 5669 86 31 dans
1459 5669 34 32 la
1520 5673 116 30 Revue
1665 5675 110 37 bleue,

1010 5706 58 40 qui
1078 5715 41 21 en
1136 5715 72 22 aeu
1222 5707 33 31 la
1270 5708 161 39 primeur,
1456 5711 33 31 et
1514 5714 52 28 cet
1579 5711 131 33 éditeur
1724 5713 38 31 in-

1009 5746 152 40 telligent
1175 5747 53 31 n'a
1241 5756 61 31 pas
1318 5747 107 33 hésité
1450 5750 20 30 à
1496 5750 51 32 les
1581 5751 130 39 publier
1735 5761 43 22 en

1009 5786 146 38 volume,
1166 5786 78 32 bien
1257 5786 138 41 qu'elles
1410 5789 131 32 fussent
1548 5791 137 33 l'œuvre
1698 5792 80 32 d'un

1011 5825 172 39 débutant,
1200 5835 44 22 ou
1258 5836 63 30 peu
1336 5830 70 30 s'en
1421 5829 81 32 faut.
1519 5830 172 33 J'entends
1714 5841 64 31 que

1009 5865 155 38 l'auteur,
1179 5865 45 32 M.
1241 5865 129 33 Gaston
1384 5869 170 39 Bergeret,
1570 5871 59 39 qui
1644 5880 20 22 a
1691 5871 69 33 enri-

1010 5904 56 32 chi
1077 5906 34 31 la
1121 5907 146 31 Biblioth
1293 5915 64 30 que
1365 5910 276 35 parlementaire
1657 5911 39 32 de
1708 5915 53 28 tra-

1010 5954 89 21 vaux
1111 5944 67 32 fort
1194 5947 144 35 sérieux,
1364 5956 40 22 ne
1431 5949 110 32 s'était
1567 5959 63 31 pas
1659 5960 117 24 encore

1010 5986 119 39 essayé
1141 5985 254 41 publiquement
1409 5988 84 32 dans
1522 5989 52 32 les
1600 5989 99 33 écrits
1736 5992 40 33 de

1007 6033 84 32 pure
1106 6026 233 40 imagination,
1365 6028 34 32 et
1422 6028 236 39 spécialement
1693 6032 84 31 dans

1011 6073 35 22 ce
1061 6073 100 31 genre
1176 6066 31 31 si
1228 6066 146 39 difficile,
1396 6069 34 31 et
1463 6077 47 22 un
1541 6079 66 31 peu
1633 6072 144 32 délaissé

1010 6105 226 39 aujourd'hui,
1258 6106 46 32 du
1319 6107 83 39 petit
1416 6117 118 22 roman
1550 6119 41 22 eu
1606 6111 107 32 trente
1724 6120 35 31 pa-

1007 6152 71 32 ges,
1094 6145 44 32 où
1152 6145 200 33 excellèrent
1363 6148 85 32 trois
1478 6150 142 32 maîtres
1633 6151 74 40 déjà
1724 6161 35 22 an-

1010 6184 103 39 ciens,
1128 6184 138 33 Charles
1290 6185 137 43 Nodier,
1456 6188 157 34 Mérimée
1645 6195 34 28 et
1714 6191 43 32 Ed-

1010 6224 102 32 mond
1126 6224 124 34 About.

1049 6262 44 33 M.
1107 6265 129 32 Gaston
1261 6266 169 40 Bergeret,
1460 6269 81 39 qu'il
1564 6278 43 25 ne
1618 6269 71 33 faut
1716 6280 61 34 pas

1009 6304 180 33 confondre
1200 6314 79 22 avec
1297 6318 11 17 «
1320 6306 157 41 Bergeret
1491 6308 51 33 lui
1554 6311 109 33 même
1672 6321 32 28 »,
1713 6314 64 38 est,

1013 6352 44 22 au
1071 6345 144 39 premier
1226 6345 86 38 chef,
1326 6354 37 25 ce
1378 6356 65 31 que
1457 6357 85 24 nous
1558 6351 159 40 appelons
1731 6361 46 22 un

1013 6384 272 40 pince-sans-rire
1306 6386 33 32 et
1365 6394 37 25 ce
1417 6396 64 32 que
1495 6397 63 24 nos
1585 6391 128 33 voisins
1727 6393 51 31 les

1011 6424 141 39 Anglais
1186 6425 167 39 appellent
1374 6435 47 24 un
1449 6428 200 34 humoriste.
1671 6431 39 33 Je
1737 6441 41 24 ne

1007 6463 159 32 voudrais
1174 6471 60 33 pas
1241 6464 154 33 l'écraser
1407 6467 148 40 dépavés
1560 6471 76 38 trop
1644 6470 115 33 lourds
1768 6482 8 28 ;

1009 6503 89 31 mais
1111 6503 34 32 la
1160 6504 105 32 vérité
1287 6506 53 31 est
1365 6514 64 32 que
1443 6515 38 22 sa
1507 6510 162 39 manière,
1695 6510 84 33 dans

1007 6542 52 33 les
1085 6543 131 32 bonnes
1243 6553 115 32 pages,
1385 6546 64 32 fait
1462 6555 119 31 penser
1609 6557 70 24 aux
1703 6550 77 40 plus

1007 6583 124 38 grands
1147 6591 99 25 noms
1261 6583 246 44 britanniques,
1522 6588 111 39 Swift,
1649 6589 129 41 Sterne,

1010 6621 209 43 Thackeray.
1235 6622 30 32 II
1277 6632 21 22 a
1318 6627 157 37 promené
1489 6634 39 25 sa
1550 6630 109 38 gaieté
1672 6630 107 33 froide

1009 6663 33 32 et
1054 6670 64 24 son
1130 6663 307 41 ironieimpassible
1450 6667 85 32 dans
1548 6669 98 32 notre
1657 6672 124 30 monde

1009 6704 139 35 officiel,
1173 6705 35 30 et
1221 6705 86 31 trois
1336 6705 44 32 de
1404 6713 53 25 ses
1472 6707 116 35 récits,
1618 6711 48 31 les
1695 6710 65 32 Evé-

1010 6743 155 32 nements
1186 6745 40 30 de
1240 6745 154 39 Pontaœ,
1421 6748 50 31 Un
1494 6749 157 32 Moment
1672 6752 43 30 de
1730 6758 34 24 co-

1010 6781 71 33 lère
1095 6784 34 31 et
1159 6784 98 31 Trois
1273 6784 91 33 Mois
1394 6787 40 31 de
1447 6794 148 30 pouvoir
1613 6797 41 24 en
1669 6791 112 31 disent

1007 6824 92 38 plus,
1116 6826 136 30 suivait
1276 6833 80 30 moi,
1389 6834 59 22 sur
1462 6831 85 27 cette
1561 6830 107 32 classe
1682 6830 40 32 de
1749 6830 32 32 la

1007 6862 137 40 société,
1160 6872 61 24 sur
1235 6865 50 31 les
1299 6865 263 37 fonctionnaires
1578 6869 59 39 qui
1651 6873 77 30 sont
1749 6869 32 33 le

1010 6902 77 40 plus
1103 6902 54 32 bel
1185 6906 177 32 ornement
1387 6905 44 34 de
1456 6908 94 39 aotçe
1565 6917 98 31 pays,
1691 6909 90 33 enfin

1839 973 59 24 sur
1912 966 94 33 toute
2021 966 85 32 cette
2121 966 184 32 admirable
2321 964 286 39 administration,

1837 1005 81 32 dont
1932 1005 157 40 l'Europe
2105 1007 53 31 est
2173 1006 144 39 jalouse,
2348 1013 64 32 que
2425 1005 193 31 'Monsieur

1838 1048 32 30 le
1889 1046 175 38 Ministre,
2093 1046 40 31 de
2148 1045 155 39 Glaretie,
2321 1054 45 24 ou
2387 1046 118 31 Numa
2519 1045 66 31 Rou-

1838 1089 148 35 mestan,
2001 1085 206 41 d'Alphonse
2230 1085 143 32 Daudet.
2388 1085 45 31 M.
2451 1084 156 40 Bergeret

1838 1134 43 22 va
1896 1126 76 39 plus
1983 1126 83 38 loin,
2081 1135 80 22 sans
2177 1135 148 32 appuyer
2347 1126 32 31 si
2392 1126 78 37 fort,
2486 1127 32 28 et
2535 1133 54 22 sur-

1838 1167 74 30 tout
1938 1175 81 21 sans
2049 1167 162 40 s'espacer
2241 1166 93 32 aussi
2347 1166 195 39 largement,
2570 1172 37 25 ce

1840 1206 58 39 qui
1912 1207 53 30 est
1977 1207 32 31 le
2023 1207 130 31 comble
2179 1206 40 32 de
2230 1207 87 31 l'art.
2334 1206 30 32 II
2380 1214 18 22 a
2412 1206 73 31 tout
2499 1213 45 22 vu
2571 1205 33 31 et

1839 1246 74 31 tout
1929 1246 139 32 observé
2082 1256 11 30 ;
2108 1246 87 32 mais
2217 1246 25 32 il
2265 1247 54 30 n'a
2334 1245 109 33 relevé
2472 1253 64 32 que
2556 1244 50 32 les

1839 1286 112 39 points
1967 1286 209 39 principaux,
2191 1286 50 32 les
2261 1293 135 32 grosses
2411 1286 146 34 lacunes,
2574 1285 32 30 et

1840 1325 237 39 spécialement
2101 1326 84 32 cette
2209 1325 231 33 merveilleuse
2464 1324 143 32 drôlerie

1840 1364 40 33 de
1896 1367 96 31 notre
2017 1367 263 38 centralisation,
2296 1365 58 40 qui
2369 1364 84 33 rend
2480 1364 48 33 les
2544 1364 41 31 bu-

1839 1413 105 24 reaux
1958 1406 77 39 plus
2050 1404 172 41 puissants
2232 1414 64 33 que
2311 1406 102 32 l'Etat
2422 1403 182 39 lui-même,

1840 1447 33 30 et
1889 1446 59 39 qui
1975 1446 209 39 permettrait
2212 1447 19 31 à
2245 1455 46 22 un
2314 1446 71 38 fou,
2395 1453 94 24 assez
2512 1443 93 32 avisé

1839 1493 85 32 pour
1941 1487 189 39 supprimer
2145 1487 19 30 à
2178 1494 122 32 propos
2314 1495 46 21 un
2385 1485 73 32 seul
2478 1483 130 32 ressort

1840 1525 41 31 de
1905 1527 84 30 cette
2011 1525 188 33 hiérarchie
2229 1526 210 32 absolument
2464 1522 123 33 mécani-

1841 1573 76 31 que,
1929 1565 158 33 d'arrêter
2099 1566 33 31 et
2146 1566 40 31 de
2209 1566 188 39 confisquer
2411 1573 46 24 un
2471 1564 132 31 iastant

1839 1605 93 32 toute
1945 1605 34 31 la
1993 1605 164 33 machine.
2171 1605 52 32 On
2236 1606 66 31 sait
2313 1613 64 32 que
2391 1605 113 33 Mallet
2515 1611 41 24 ne
2569 1603 39 31 fit

1839 1645 100 39 guère
1955 1648 96 30 autre
2061 1645 100 32 chose
2177 1654 40 24 en
2230 1646 90 31 1812.

1880 1684 141 39 Ajoutez
2035 1684 20 32 à
2069 1694 37 24 ce
2119 1685 99 31 fonds
2237 1687 40 31 de
2301 1684 215 41 plaisanterie
2542 1691 66 25 une

1839 1723 107 33 forme
1961 1726 195 31 charmante
2178 1726 100 40 qu'on
2304 1726 76 31 n'en
2405 1727 79 38 peut
2517 1723 77 33 d'ail-

1838 1765 94 31 leurs
1948 1765 135 40 séparer
2093 1775 9 30 ;
2125 1774 66 24 une
2217 1766 123 32 finesse
2361 1767 58 38 qui
2440 1773 37 24 se
2507 1763 100 43 garde

1838 1804 79 32 bien
1930 1805 104 31 d'être
2047 1806 236 39 prétentieuse,
2308 1814 58 22 car
2379 1812 47 25 un
2441 1805 167 32 semblant

1838 1844 41 32 de
1893 1844 201 40 prétention,
2109 1853 47 24 un
2178 1846 98 32 effort
2298 1847 74 38 trop
2407 1845 132 38 visible,
2567 1852 41 22 en

1840 1885 203 31 avertissant
2059 1886 30 31 le
2102 1886 136 33 lecteur,
2255 1886 209 39 dérangerait
2484 1886 106 32 irrévo-

1838 1924 187 32 cablement
2036 1925 72 32 tout
2121 1925 246 40 l'échafaudage
2379 1925 210 32 d'invraisem-

1838 1964 136 32 blances
1989 1965 170 40 qomiques
2174 1967 43 31 où
2244 1974 37 24 se
2302 1967 79 39 joue
2415 1964 128 40 l'esprit
2567 1964 41 31 de

1838 2003 182 39 l'écrivain,
2034 2006 33 31 et
2081 2006 182 31 éventerait
2283 2006 34 31 la
2340 2004 116 32 mèche
2477 2006 45 31 du
2536 2011 54 33 pre-

1838 2043 85 32 mier
1937 2053 84 31 coup
2033 2055 9 28 ;
2060 2046 167 40 ajoutez-y
2241 2054 118 24 encore
2375 2053 67 22 une
2457 2044 151 40 élégance

1838 2083 41 31 de
1892 2083 125 39 plume,
2033 2093 66 26 uue
2112 2085 200 33 délicatesse
2320 2086 40 31 de
2373 2085 120 32 touche
2507 2085 100 40 qu'on

1838 2126 56 28 n'a
1904 2132 63 31 pas
1989 2127 143 31 souvent
2164 2125 213 33 rencontrées
2399 2125 150 37 ail-eurs,
2575 2124 33 32 et

1838 2171 85 22 vous
1938 2172 98 24 aurez
2052 2173 66 24 une
2132 2164 72 33 idée
2230 2166 116 31 exacte
2360 2165 45 32 du
2419 2166 124 30 Monde
2557 2166 34 35 of-

1838 2205 90 35 ficiel
1941 2204 41 32 de
1997 2204 45 33 M.
2069 2205 129 37 Gjaston
2220 2205 169 40 Bergeret.
2413 2205 191 37 D'ailleurs,

1838 2245 79 38 cinq
1930 2244 146 33 minutes
2091 2245 41 32 de
2145 2245 125 32 lecture
2284 2245 112 32 valent
2414 2245 115 31 mieux
2542 2251 65 33 que

1838 2284 78 30 tous
1930 2284 51 31 les
1995 2284 246 40 compliments.
2264 2284 110 38 Lisez,
2400 2285 45 30 ad
2458 2284 148 37 libitum,

1839 2330 65 25 une
1928 2323 60 32 des
2021 2324 85 32 trois
2140 2324 174 32 nouvelles
2333 2333 64 32 que
2406 2326 34 37 je
2454 2324 94 31 viens
2564 2323 41 32 de

1838 2370 85 24 vous
1937 2362 169 43 indiquer,
2119 2373 86 24 vous
2228 2365 50 31 les
2297 2363 93 39 lirez,
2402 2363 34 43 je
2457 2370 86 25 vous
2562 2369 43 25 en

1838 2404 157 38 réponds,
2010 2406 111 32 toutes
2137 2405 48 31 les
2198 2405 85 33 trois
2293 2414 8 21 :
2316 2413 85 22 vous
2426 2402 81 32 lirez
2530 2404 74 31 tout

1838 2441 33 32 le
1881 2444 145 38 volume,
2042 2446 32 30 et
2089 2445 159 39 peut-être
2262 2453 24 31 y
2307 2452 99 25 aurez
2428 2451 84 25 vous
2528 2443 77 40 plus

1838 2483 40 31 de
1892 2483 118 39 plaisir
2024 2484 77 40 qu'à
2114 2485 85 31 cette
2215 2484 132 38 Chérie,
2362 2492 64 32 que
2440 2486 97 28 notre
2549 2490 38 24 ex-

1838 2523 120 32 cellent
1984 2524 246 33 collaborateur
2255 2525 46 31 M.
2321 2525 40 32 de
2386 2523 220 40 Maupassant

1838 2563 118 31 trouve
1969 2564 154 39 superbe,
2140 2564 32 32 et
2186 2571 64 32 que
2262 2564 59 39 j'ai
2341 2564 32 33 le
2386 2563 155 32 malhenr
2563 2563 41 31 de

1837 2604 137 31 trouver
2004 2603 159 40 horrible,
2199 2613 37 24 ce
2259 2604 59 39 qui
2333 2611 125 32 prouve
2476 2611 66 31 que
2554 2603 51 31 les

1838 2642 156 41 opinions
2014 2643 182 32 littéraires
2220 2644 77 31 sont
2317 2643 43 32 ici
2382 2643 70 32 très
2486 2642 116 39 libres,

1838 2682 70 33 très
1920 2683 198 40 paaachées,
2134 2685 33 32 et
2181 2683 70 32 très
2265 2682 185 34 tranchées.

1878 2805 193 40 Cependant
2085 2813 64 32 que
2171 2805 46 33 M.
2243 2805 129 33 Gaston
2389 2805 159 40 Bergeret
2562 2812 44 25 ne

1838 2855 37 22 se
1886 2846 78 31 hâte
1980 2855 61 31 pas
2054 2846 77 39 trop
2143 2845 41 32 de
2198 2845 184 40 triompher
2393 2848 7 30 1
2420 2845 38 32 Si
2470 2846 60 39 j'ai
2543 2845 63 32 fait

1838 2887 40 31 de
1893 2894 63 25 son
1969 2887 85 31 livre
2067 2895 47 22 un
2125 2887 92 39 éloge
2226 2895 46 22 un
2283 2895 64 31 peu
2361 2887 122 37 chaud,
2497 2885 109 32 ratifié

1838 2926 170 32 d'ailleurs
2034 2935 59 32 par
2120 2928 79 28 tons
2228 2935 83 27 çeux
2329 2927 58 40 qui
2415 2927 81 31 l'ont
2510 2926 48 39 lu,
2571 2928 34 30 et

1838 2967 59 39 qui
1932 2975 76 24 sera
2035 2966 161 32 confirmé
2230 2975 130 28 encore,
2385 2974 80 25 sans
2496 2975 107 22 aucun

1838 3007 111 38 doute,
1959 3014 61 33 par
2034 3007 78 31 tous
2126 3014 84 24 ceux
2216 3005 61 43 qui
2291 3006 32 32 le
2337 3007 113 38 liront,
2469 3014 35 24 ce
2518 3006 86 32 n'est

1838 3054 60 30 pas
1919 3054 85 32 pour
2017 3047 32 31 le
2063 3047 78 31 vain
2154 3047 119 39 plaisir
2295 3047 39 31 de
2348 3047 119 32 rendre
2479 3045 123 40 justice

1838 3086 20 31 à
1886 3094 63 24 son
1976 3086 118 33 talent.
2115 3086 89 32 Tant
2219 3086 226 39 d'obligeance
2476 3086 128 33 n'entre

1838 3133 61 32 pas
1922 3126 84 32 dans
2027 3125 99 33 l'âme
2154 3125 59 33 des
2245 3125 220 40 journalistes
2476 3128 25 31 !.
2511 3125 92 33 C'est

1838 3175 85 31 pour
1956 3167 201 39 proclamer,
2186 3174 44 24 au
2256 3168 178 37 contraire,
2467 3163 148 43 qu'avec'

1838 3208 73 30 tout
1926 3215 63 24 son
2014 3207 116 38 talent,
2153 3207 93 31 toute
2272 3214 38 22 sa
2330 3207 209 40 pénétration
2568 3208 33 30 et

1838 3247 92 32 toute
1944 3255 38 22 sa
2008 3255 100 22 verve
2131 3246 257 41 humoristique,
2412 3246 46 32 M.
2474 3246 129 32 Gaston

1838 3286 169 40 Bergeret,
2031 3295 41 22 en
2093 3286 156 32 fouillant
2270 3287 32 31 le
2329 3287 123 31 monde
2467 3286 133 39 officiel,

1838 3327 53 30 n'a
1912 3335 61 31 pas
1988 3334 118 25 encore
2133 3327 117 32 trouvé
2278 3334 66 24 une
2373 3326 230 33 bouffonnerie

1838 3366 91 40 égale
1944 3367 19 31 à
1977 3367 33 31 la
2031 3366 152 32 dernière
2198 3369 162 31 aventure
2380 3366 40 32 de
2435 3369 51 30 cet
2500 3365 85 32 infor-

1837 3406 80 32 tuné
1930 3406 44 32 M.
1990 3405 170 38 Poubelle,
2177 3406 105 39 préfet
2296 3406 41 32 de
2360 3405 111 39 Paris,
2497 3406 20 32 à
2544 3405 59 40 qui

1837 3446 32 31 le
1884 3445 133 33 Conseil
2040 3445 182 40 municipal
2245 3444 43 34 de
2309 3446 98 32 Paris
2422 3446 111 32 refuse
2556 3455 47 22 un

1837 3487 79 39 gite.
2229 3487 5 39 ;

1878 3528 93 31 Vous
1983 3535 79 22 avez
2076 3536 46 22 vu
2148 3528 167 31 comment
2329 3527 45 33 ils
2395 3528 83 32 l'ont
2504 3527 99 33 traité

1838 3567 20 31 à
1871 3567 124 31 l'Hôtel
2020 3566 40 32 de
2083 3566 87 33 Ville
2180 3569 6 28 !
2206 3568 48 31 Ils
2275 3568 50 31 lui
2341 3569 58 30 ont
2413 3568 131 40 signifié
2559 3575 41 24 en

1837 3607 81 38 face,
1936 3607 20 32 à
1969 3606 158 33 l'énorme
2144 3607 152 39 majorité
2311 3604 39 35 de
2360 3608 39 31 50
2406 3615 76 22 voix
2490 3608 112 31 contre

1838 3647 50 38 18,
1896 3647 99 39 qu'ils
2004 3654 41 24 ne
2054 3646 51 32 lui
2113 3641 219 38 donneraient
2341 3656 59 31 pas
2415 3656 65 24 une
2492 3647 90 32 cham-

1837 3686 72 38 bre,
1923 3693 60 32 pas
1997 3693 47 24 un
2059 3687 77 31 trou
2150 3694 84 31 pour
2249 3694 34 24 se
2296 3686 92 39 loger
2396 3697 9 28 ;
2432 3686 33 32 et
2480 3694 64 32 que
2571 3686 32 33 le

1838 3726 113 32 mieux
1968 3725 80 40 qu'il
2063 3728 56 31 eût
2130 3726 20 32 à
2171 3725 85 33 faire
2275 3726 81 32 était
2369 3726 41 32 de
2428 3725 175 41 déguerpir,

1838 3768 216 39 prestement,
2069 3767 50 31 lui
2143 3767 33 31 et
2191 3775 38 22 sa
2256 3765 196 40 préfecture,
2467 3767 136 32 attendu

1839 3809 99 37 qu'on
1952 3806 229 40 l'expulserait
2194 3814 129 26 comme
2336 3815 47 22 un
2399 3807 119 39 simple
2530 3815 56 22 con-

1838 3847 198 40 gréganiste,
2054 3846 52 32 s'il
2121 3846 89 31 avait
2224 3847 185 31 seulement
2422 3846 165 32 l'indiscré-

1838 3888 72 31 tion
1936 3886 40 32 de
2003 3887 157 31 s'asseoir
2184 3894 59 22 sur
2257 3895 69 22 une
2347 3886 112 32 chaise
2473 3886 84 31 dans
2571 3886 32 32 le

1838 3927 106 40 palais
1961 3927 40 32 de
2014 3926 33 32 la
2072 3926 197 39 Commune,
2288 3934 70 32 que
2372 3927 33 31 la
2419 3925 184 33 Commune

1838 3977 20 22 a
1871 3967 107 32 brûlé.

1877 4010 47 30 Le
1938 4009 72 40 pire
2023 4006 41 33 de
2080 4016 61 22 son
2166 4006 124 40 affaire,
2306 4006 81 32 c'est
2412 4006 81 41 qu'il
2520 4006 80 32 était

1835 4049 46 37 là,
1897 4050 33 31 et
1954 4048 81 41 qu'il
2063 4056 19 22 a
2109 4046 53 33 été
2190 4046 107 40 obligé
2324 4046 190 40 d'implorer
2539 4046 46 32 lui-

1835 4090 110 31 môme
1959 4096 37 25 ce
2010 4088 167 40 logement
2191 4088 99 39 qu'on
2314 4087 50 32 lui
2376 4087 124 38 refuse,
2515 4088 32 31 et
2562 4088 39 32 de

1837 4137 37 24 se
1887 4129 150 32 débattre
2052 4129 115 32 contre
2180 4129 84 32 cette
2278 4127 107 34 bande
2400 4127 41 32 de
2456 4127 128 32 concier-

1834 4176 59 33 ges
1902 4168 58 40 qui
1969 4168 48 32 lui
2023 4167 177 33 fermaient
2211 4167 30 32 si
2248 4167 313 40 impitoyablement
2568 4168 33 32 la

1835 4213 96 35 porte
1945 4217 44 24 au
1998 4215 72 25 nez.
2081 4207 90 32 Avec
2180 4207 59 32 des
2250 4207 143 40 portiers
2402 4207 198 39 ordinaires,

1838 4248 31 32 si
1884 4248 125 33 féroces
2023 4246 100 40 qu'ils
2145 4246 120 39 soient,
2282 4256 43 24 on
2340 4248 79 38 peut
2433 4254 119 26 encore
2565 4254 35 25 se

1835 4289 169 32 défendre.
2020 4287 50 31 La
2092 4286 133 34 maison
2239 4290 92 38 porte
2360 4296 47 22 un
2434 4286 146 32 écriteau
2590 4297 11 28 ;

1835 4336 84 25 vous
1936 4336 79 24 avez
2029 4328 32 31 le
2074 4326 90 32 droit
2178 4328 156 37 d'entrer,
2342 4326 40 33 de
2392 4325 118 35 visiter
2524 4326 61 39 l'ap-

1834 4369 190 40 partement
2037 4368 21 31 à
2079 4375 66 24 une
2167 4367 145 37 certaine
2331 4367 116 38 heure,
2461 4367 43 32 de
2531 4365 70 33 dire

1835 4409 93 32 votre
1944 4408 87 40 prix,
2047 4407 182 40 d'accepter
2258 4416 44 24 ou
2326 4408 41 31 de
2394 4406 129 34 refuser
2551 4407 50 33 les

1835 4448 189 32 conditions
2037 4447 99 40 qu'on
2151 4455 85 26 vous
2252 4455 154 32 propose.
2421 4446 86 32 Sans
2523 4446 63 32 trai-

1835 4489 51 31 ter
1900 4488 105 39 d'égal
2021 4487 20 32 à
2055 4487 73 40 égal
2148 4494 79 26 avec
2252 4488 32 32 le
2310 4479 243 43 fonctionnaire
2582 4486 19 31 à

1835 4527 122 32 calotte
1971 4527 71 40 qui,
2055 4527 46 31 du
2112 4527 83 32 haut
2217 4527 40 32 de
2271 4534 39 25 sa
2323 4526 180 40 grandeur,
2516 4533 85 26 vous

1834 4566 63 37 fait
1911 4566 217 41 comprendre
2143 4574 65 32 que
2219 4567 79 33 c'est
2317 4566 20 33 à
2349 4566 143 40 prendre
2515 4573 45 25 ou
2577 4566 24 34 A

1834 4607 133 38 laisser,
1982 4615 86 24 vous
2082 4615 125 32 pouvez
2219 4606 194 40 cependant,
2421 4605 32 32 si
2465 4605 34 34 le
2510 4615 87 24 cœur

1834 4656 85 22 vous
1944 4656 41 22 en
2010 4645 61 39 dit,
2093 4646 161 32 formuler
2281 4646 41 31 de
2349 4646 120 40 petites
2498 4645 86 40 objec-

1834 4688 90 31 tions
1937 4696 8 21 :
1959 4698 12 18 «
1991 4687 89 32 C'est
2089 4689 76 37 trop
2174 4687 84 32 haut
2265 4688 6 30 !
2287 4687 87 37 C'est
2381 4688 77 38 trop
2470 4685 79 32 cher
2561 4687 7 30 !
2584 4696 13 18 »

1830 4722 50 38 Et
1900 4722 66 45 lui,
1976 4722 47 37 de
2042 4735 69 24 «on
2133 4727 84 38 côté,
2228 4727 115 40 quelle
2367 4734 66 33 que
2464 4720 71 38 sôit
2559 4734 41 22 sa

1834 4775 150 32 morgue,
1997 4767 26 32 il
2035 4774 43 25 ne
2092 4767 159 40 dédaigne
2271 4774 61 32 pas
2347 4765 154 41 toujours
2513 4766 71 34 d'en-

1834 4815 98 32 gager
1958 4814 78 25 avec
2056 4814 85 25 vous
2169 4815 65 24 une
2258 4805 234 34 conversation
2519 4806 60 32 ami-

1834 4852 71 27 cale
1915 4856 9 22 :
1958 4846 65 33 »Si
2037 4846 171 33 monsieur
2232 4854 20 24 a
2275 4853 48 27 un
2344 4846 109 39 chien,
2483 4845 118 33 inutile

1834 4886 58 46 d'y
1918 4894 119 31 songer
2050 4886 7 32 !
2087 4886 94 32 Nous
2206 4893 45 25 ne
2284 4885 119 33 louons
2435 4892 65 34 pas
2532 4892 69 26 aux

1834 4926 116 32 chiens
1963 4928 7 30 !
1985 4925 31 32 Il
2030 4935 41 24 en
2086 4928 105 31 serait
2200 4925 41 33 de
2256 4926 119 38 même,
2388 4925 33 39 je
2433 4924 74 33 dois
2515 4932 85 25 vous

1834 4975 43 24 en
1900 4965 167 41 prévenir,
2083 4967 32 31 si
2128 4974 85 24 vous
2229 4965 91 32 aviez
2334 4964 41 33 de
2389 4971 54 25 ces
2467 4964 132 33 enfants

1834 5015 44 24 en
1890 5006 63 32 bas
1968 5007 59 40 âge
2053 5007 58 39 qui
2125 5006 156 32 amènent
2306 5004 182 33 forcément
2516 5004 85 31 dans

1834 5047 50 32 les
1897 5048 157 31 escaliers
2068 5055 65 22 une
2146 5046 194 41 population
2363 5044 41 32 de
2425 5043 128 33 bonnes
2567 5046 34 31 et

1835 5086 40 33 de
1887 5087 209 35 nourrices...
2112 5086 145 38 Pardon,
2268 5085 185 37 monsieur,
2467 5093 46 22 un
2529 5085 54 33 der-

1834 5127 73 32 nier
1919 5128 109 31 mot...
2039 5127 152 31 madame
2202 5133 43 25 ne
2257 5125 183 33 serait-elle
2453 5133 72 32 pas,
2539 5133 61 32 par

1834 5166 137 39 hasard,
2017 5166 85 32 dans
2144 5173 66 25 une
2258 5165 161 33 situation
2461 5165 122 32 intéres-

1837 5206 161 32 sante?...
2017 5218 28 18 »-

1876 5245 45 33 Ce
1935 5246 165 39 dialogue,
2121 5245 59 41 qui
2194 5246 111 32 admet
2322 5245 41 32 de
2374 5244 223 33 nombreuses

1834 5288 183 35 variantes,
2028 5290 111 28 toutes
2152 5288 77 39 plus
2245 5285 196 33 délicieuses
2456 5287 51 31 les
2516 5294 84 22 unes

1835 5335 65 33 que
1915 5328 51 30 les
1980 5328 125 34 autres,
2118 5327 89 32 mais
2229 5327 85 32 dans
2326 5326 111 41 lequel
2450 5326 77 32 tous
2549 5326 50 32 les

1834 5367 177 32 locataires
2034 5367 41 32 de
2098 5367 99 31 Paris
2219 5368 60 30 ont
2300 5366 64 38 été,
2388 5366 20 32 à
2430 5374 48 24 un
2500 5366 99 39 degré

1835 5407 219 39 quelconque,
2069 5407 269 38 interlocuteurs,
2354 5407 33 32 et
2402 5406 135 32 surtout
2549 5407 33 32 in-

1834 5446 183 40 terloqués,
2029 5454 77 25 —ce
2115 5446 152 40 dialogue
2277 5440 154 38 ineffable
2441 5453 19 24 a
2469 5453 45 31 pu
2524 5453 56 25 cau-

1835 5493 54 25 ser
1904 5486 126 39 parfois
2043 5494 48 24 un
2112 5487 126 31 certain
2258 5485 159 41 déplaisir
2441 5493 66 25 aux
2526 5493 54 32 per-

1834 5533 124 25 sonnes
1974 5526 59 40 qui
2047 5525 159 33 n'aiment
2219 5535 61 32 pas
2304 5529 20 28 à
2339 5528 70 30 être
2432 5526 155 39 question
2591 5543 7 21 :

1834 5565 92 32 nées.
1956 5565 20 32 J
1988 5568 58 30 ôse
2072 5568 159 38 pourtant
2261 5567 73 32 leur
2362 5565 72 32 dire
2463 5565 137 40 qu'elles

1834 5607 124 31 étaient
1972 5615 58 22 sur
2046 5606 59 32 des
2119 5615 94 24 roses
2238 5606 20 32 à
2283 5606 71 33 côté
2368 5606 40 32 de
2434 5613 37 24 ce
2493 5604 106 41 préfet

1833 5646 217 39 républicain,
2076 5646 110 33 réduit
2200 5647 19 31 à
2233 5646 149 32 mendier
2402 5653 67 24 une
2491 5646 110 40 pierre

1833 5692 84 34 pour
1943 5694 137 33 reposer
2113 5694 37 22 sa
2176 5687 67 31 tête
2271 5694 66 24 aux
2365 5694 164 31 sauvages
2554 5682 47 34 du

1834 5726 133 33 Conseil
1988 5727 196 39 municipal,
2209 5734 97 24 ou-
2320 5727 31 31 si
2365 5733 84 25 vous
2473 5727 32 31 le
2525 5726 54 39 pré-

1832 5763 87 35 férez
1988 5766 45 31 du
2048 5765 133 33 Conseil
2193 5766 240 39 général;c'est
2446 5766 34 31 la
2492 5767 107 31 même

1833 5805 99 32 chose
1945 5806 7 31 !
1971 5805 26 32 Il
2009 5805 50 32 lui
2072 5815 19 22 a
2104 5806 84 31 fallu
2200 5806 188 40 expliquer,
2402 5805 103 39 prier,
2522 5813 57 32 sup-

1831 5845 98 40 plier,
1945 5845 78 40 quoi
2039 5854 119 24 encore
2166 5846 14 31 ?
2204 5855 37 22 se
2261 5845 71 32 dire
2360 5844 142 38 malade,
2528 5844 54 41 pré-

1831 5889 109 27 texter
1956 5895 45 21 un
2023 5885 133 38 rhume,
2172 5887 33 31 et
2219 5885 100 40 qu'on
2333 5894 43 22 ne
2389 5885 133 31 laissait
2537 5893 60 32 pas

1832 5934 46 22 un
1887 5926 221 32 malheureux
2114 5927 106 39 préfet
2232 5927 122 31 dehors
2363 5934 60 31 par
2433 5934 47 22 un
2490 5928 109 38 temps

1831 5967 122 39 pareil;
1968 5967 33 31 et
2015 5966 100 38 enfin,
2125 5966 34 40 je
2173 5974 113 32 pense,
2304 5965 189 33 embrasser
2507 5966 91 31 leurs

1831 6014 132 32 genoux
1997 6014 79 24 avec
2109 6007 87 31 cette
2230 6006 220 40 imprécation
2481 6006 116 32 imitée

1831 6046 178 32 d'Homère
2036 6054 7 22 :
2076 6058 13 15 <
2115 6046 152 32 Mesurez
2303 6053 79 25 mon
2408 6045 189 40 infortune;

1828 6085 197 41 j'embrasse
2044 6085 51 33 les
2111 6093 137 33 genoux
2276 6085 60 33 des
2361 6085 154 33 hommes
2542 6086 58 40 qui

1831 6135 56 22 me
1900 6126 149 31 refusent
2063 6135 65 22 une
2143 6124 177 33 chambre!
2347 6137 12 17 >

1871 6273 45 32 Et
1929 6273 85 32 dans
2029 6274 77 40 quel
2120 6274 149 32 moment
2280 6274 15 31 ?
2307 6273 31 32 A
2349 6273 129 33 l'heure
2494 6273 107 33 même

1831 6314 43 32 où
1890 6314 52 32 les
1957 6314 214 32 chiffonniers
2184 6314 40 31 de
2235 6313 109 39 Paris,
2354 6313 152 40 résignés
2516 6314 87 31 mais

1831 6363 67 24 non
1912 6363 64 31 pas
1989 6353 613 40 oublieux,guettentieurveDgeaßce,

1832 6402 66 24 une
1915 6396 150 31 lanterne
2081 6396 18 30 à
2113 6394 34 31 la
2166 6394 105 38 main,
2287 6396 33 30 et
2339 6390 177 39 cherchent
2544 6393 60 32 des

1834 6442 90 33 yeux
1935 6435 159 31 l'homme
2114 6433 223 41 providentiel
2361 6433 61 41 qui
2437 6433 72 32 leur
2529 6442 57 24 ren-

1834 6476 61 30 dra
1916 6475 92 31 leurs
2040 6484 12 17 «
2066 6475 117 31 fueros
2203 6485 28 19 ».
2259 6474 47 32 Ils
2335 6482 43 24 en
2400 6474 59 32 ont
2485 6474 122 32 trouvé

1833 6514 182 39 cinquante
2028 6521 85 32 pour
2138 6521 61 31 un,
2222 6514 58 39 qui
2295 6515 58 31 ont
2376 6513 69 41 jeté
2459 6513 84 33 dans
2572 6514 34 31 la

1833 6562 60 24 rue
1906 6553 86 32 celui
2008 6553 58 39 qui
2075 6553 53 33 les
2143 6553 63 33 mit
2218 6561 59 24 sur
2298 6553 32 32 la
2363 6553 115 41 paille,
2493 6554 32 32 et
2548 6553 59 40 qui

1833 6593 51 32 lui
1898 6595 59 30 ont
1970 6594 112 31 refusé
2095 6594 110 32 même
2218 6601 67 24 une
2313 6592 91 33 boite
2414 6594 8 30 1
2438 6592 66 33 Les
2524 6592 66 33 chif-

1833 6632 154 34 fonniers
2002 6635 77 28 sont
2091 6635 77 39 trop
2189 6632 123 41 vengés
2326 6638 7 26 !

1873 6672 89 33 Mais
1976 6680 37 24 ce
2026 6672 84 33 n'est
2124 6681 60 32 pas
2199 6674 74 30 tout
2287 6673 6 31 !
2310 6672 52 33 On
2385 6672 61 32 fait
2461 6680 43 22 au
2519 6671 66 33 mal-

1833 6715 154 31 heureux
2000 6712 157 33 Poubelle
2172 6715 86 31 cette
2270 6712 148 33 horrible
2432 6712 124 39 injure,
2564 6719 43 25 on

1833 6752 157 33 l'accable
2006 6752 41 32 de
2066 6755 51 30 cet
2141 6752 191 40 inexpiable
2355 6755 139 37 outrage
2522 6752 85 31 dans

1835 6801 66 24 une
1916 6794 150 31 semaine
2087 6794 180 31 solennelle
2290 6794 44 30 où
2348 6801 37 25 ce
2398 6801 41 24 ne
2453 6795 78 28 sont
2546 6801 60 32 pas

1837 6834 184 31 seulement
2047 6833 51 31 les
2133 6833 233 34 chiffonniers,
2393 6834 89 31 mais
2509 6833 98 32 Paris

1835 6873 48 32 lui
1900 6874 106 31 même
2020 6873 34 32 et
2066 6874 94 34 toute
2173 6873 34 32 la
2224 6873 130 33 France
2382 6873 58 40 qui
2470 6874 59 31 ont
2557 6873 50 32 les

1837 6920 90 31 yeux
1942 6921 59 24 sur
2011 6912 54 33 lui
2080 6913 8 32 1
2105 6912 53 33 On
2172 6912 31 33 le
2217 6913 100 32 traite
2333 6920 78 27 avec
2424 6912 85 35 oette
2522 6912 85 33 féro-

2656 3242 53 28 178

2727 3331 119 27 Aut'eui'
2875 3330 193 35 dramatique
3080 3330 6 28 I
3116 3328 66 30 Elle
3195 3330 6 27 1
3224 3328 97 30 Marie
3335 3327 35 30 Pi-

2693 3366 146 35 geonnier
2851 3366 6 28 I
2872 3373 61 20 non
2948 3365 6 28 !
2983 3365 79 30 C'est
3077 3365 18 26 à
3110 3372 33 20 se
3157 3365 102 28 rouler
3270 3365 6 26 I
3294 3365 35 28 Je
3356 3365 32 26 la

2693 3403 138 33 connais,
2859 3402 124 28 n'est-ce
3008 3399 79 37 pas?
3107 3399 87 30 Nous
3223 3407 97 21 avons
3343 3400 45 28 été

2694 3437 96 28 amies
2802 3444 152 21 comme...
2969 3443 79 22 vous
3074 3443 99 21 savez.
3190 3436 35 27 Je
3249 3443 81 27 peqx
3341 3436 32 33 ju-

2693 3481 48 20 rer
2754 3472 110 35 qu'elle
2876 3481 38 20 ne
2928 3474 63 27 met
3004 3480 54 28 pas
3072 3470 237 37 l'orthographe.
3330 3470 59 28 J'ai

2692 3516 53 26 vu,
2760 3515 61 21 une
2846 3508 70 35 fois,
2931 3515 58 20 son
3011 3507 79 27 livre
3105 3507 35 27 de
3154 3510 136 31 comptes
3300 3515 8 26 ;
3330 3507 58 27 elle

2693 3543 74 28 écrit
2780 3552 7 21 :
2807 3554 11 14 «
2828 3543 110 37 jigaux
2952 3543 37 28 de
3002 3542 161 35 mouthon,
3180 3541 87 35 çalad
3281 3543 30 26 et
3325 3549 43 20 ma-

2662 3580 5 31 .
2692 3586 51 21 cro
2756 3580 6 26 !
2774 3591 9 14 «

2730 3614 40 28 Et
2785 3621 35 28 ça
2833 3614 58 27 fait
2919 3614 52 27 des
3001 3613 119 28 drames
3128 3613 14 27 ?
3158 3613 109 27 Allons
3289 3613 79 28 donc
3380 3613 6 26 !

2694 3650 145 33 D'abord,
2864 3650 32 35 je
2910 3650 27 28 le
2965 3651 139 33 connais,
3129 3657 32 20 ce
3177 3648 102 28 drame
3292 3648 40 27 là.
3363 3647 26 28 Il

2693 3686 47 26 est
2751 3686 37 27 de
2816 3684 174 35 Couturier,
3019 3684 54 37 qui
3100 3684 106 28 l'avait
3223 3684 118 35 envoyé
3369 3684 19 26 à

2691 3720 97 28 Marie
2817 3720 193 35 Pigeonnier,
3040 3720 171 34 du.temps
3244 3719 39 27 où
3309 3726 79 21 nous

2693 3756 172 35 voyagions
2893 3756 154 27 ensemble
3074 3763 35 20 en
3141 3755 178 35 Amérique.
3347 3755 41 35 Ça

2693 3791 159 37 s'appelait
2880 3793 97 30 Flora
2980 3811 7 8 .
3017 3791 51 27 Au
3093 3790 131 35 premier
3248 3797 139 27 examen,

2689 3827 54 35 j'ai
2759 3828 117 27 déclaré
2891 3834 59 28 que
2965 3834 35 26 ça
3014 3828 106 26 n'était
3135 3834 57 26 pas
3206 3827 72 27 bon.

2726 3862 97 28 Marie
2849 3870 19 19 a
2885 3865 103 26 fourré
3017 3862 28 27 le
3063 3861 170 28 manuscrit
3259 3861 77 28 dans
3352 3868 35 20 sa

2692 3899 103 33 malle,
2816 3906 73 20 sans
2904 3899 66 27 rien
2996 3899 76 32 dire,
3099 3905 73 20 sous
3198 3905 47 20 ses
3265 3896 120 35 nippes.

2691 3933 66 28 Elle
2767 3933 51 28 n'a
2832 3941 59 28 que
2907 3933 164 35 démarqué
3083 3932 30 28 le
3124 3932 122 28 foulard
3262 3939 7 20 :
3285 3933 99 27 Flora

2692 3971 46 26 est
2753 3970 137 30 dovenue
2906 3971 133 26 Bianca.
3052 3967 40 30 Le
3106 3967 125 37 procédé
3239 3967 78 28 n'est
3331 3976 57 27 pas

2692 4004 109 30 malin.
2815 4004 27 28 Il
2869 4012 22 28 y
2904 4012 18 19 a
2944 4005 52 26 des
3013 4011 74 28 gens
3116 4004 54 34 qui
3185 4010 33 21 se
3243 4003 67 27 font
3326 4010 60 21 une

2692 4041 94 35 garde
2799 4041 73 30 robe
2885 4048 116 20 comme
3014 4048 34 26 ça
3057 4046 11 27 ;
3081 4061 8 13 H
3091 4038 56 28 elle
3161 4046 33 20 se
3209 4037 54 30 fait
3276 4046 45 19 un
3335 4039 35 27 ba-

2693 4083 76 27 gage
2783 4076 181 27 littéraire...
2981 4072 185 31 Littéraire?
3183 4074 46 28 Oh
3241 4074 6 27 !
3268 4074 31 28 la
3311 4074 6 28 I
3335 4072 33 30 la
3380 4072 6 30 I

2727 4113 35 27 Je
2776 4111 63 28 n'ai
2867 4120 56 26 pas
2937 4110 46 28 été
3009 4110 67 28 voir
3089 4109 32 28 la
3145 4109 93 35 pièce,
3256 4111 30 25 et
3309 4116 79 28 pour

2691 4154 102 20 cause.
2807 4147 35 27 Je
2854 4147 104 35 jouais
2980 4146 32 32 la
3025 4147 112 33 Dame,
3150 4146 32 28 la
3200 4147 100 26 Dame
3311 4144 39 28 où
3357 4144 31 35 je

2691 4189 104 21 meurs
2820 4189 117 21 comme
2952 4188 40 21 on
3020 4182 78 27 n'est
3123 4181 112 35 jamais
3250 4182 79 26 mort
3345 4187 41 20 au

2692 4218 151 27 théâtre...
2874 4219 35 27 ni
2937 4218 77 27 dans
3041 4217 32 28 la
3091 4215 124 30 réalité!
3243 4215 79 28 Mais
3332 4215 56 35 j'ai

2692 4253 119 37 envoyé
2825 4254 53 26 des
2894 4253 79 27 amis
3000 4252 78 33 voir,
3099 4252 18 27 à
3137 4251 180 30 Versailles.
3335 4251 52 27 Ma

2691 4290 96 34 petite
2809 4289 138 28 Guérard
2962 4294 21 28 y
2995 4290 48 27 est
3058 4287 86 33 allée,
3167 4294 78 28 pour
3257 4286 130 28 l'amour

2692 4324 38 28 de
2743 4324 72 28 moi.
2844 4323 107 30 C'était
2979 4323 141 28 tordant:
3139 4323 98 27 Marie
3260 4323 110 34 Pigeon-

2692 4361 67 27 nier
2771 4361 71 27 s'est
2856 4359 79 35 payé
2949 4367 60 20 une
3022 4359 80 27 mort
3113 4358 94 28 aussi.
3219 4357 67 28 Elle
3301 4357 70 28 s'em-

2691 4396 162 35 poisonne.
2868 4395 48 28 Ou
2940 4402 39 20 ne
2993 4395 45 26 dit
3061 4402 57 25 pas
3146 4401 73 20 avec
3239 4393 72 35 quel
3322 4394 48 35 poi-

2692 4430 77 28 son?
2781 4430 35 28 Je
2832 4437 132 30 suppose
2994 4427 110 39 qu'elle
3129 4436 33 20 se
3177 4429 139 28 contente
3328 4428 45 28 d'a-

2692 4466 86 27 valer
2793 4473 33 20 sa
2839 4467 122 34 langue.

2728 4501 164 35 Singulier,
2909 4509 33 20 ce
2968 4500 215 34 dénouement,
3197 4500 71 35 plus
3283 4499 87 35 singu-

2689 4537 58 28 lier
2760 4545 60 28 que
2833 4538 124 31 terrible
2967 4544 8 21 :
2991 4545 45 20 un
3048 4535 183 35 monologue
3260 4535 56 35 qui
3331 4537 53 26 eût

2691 4573 99 35 gagné
2816 4572 19 27 à
2849 4574 63 26 être
2924 4572 46 28 dit
2983 4579 56 27 par
3060 4571 105 34 Cadet,
3180 4573 27 25 le
3222 4571 120 35 poison,
3357 4571 31 26 et

2691 4609 149 34 quelques
2845 4607 126 35 phrases
2985 4609 84 26 entre
3084 4606 129 35 coupées
3224 4606 41 27 où
3272 4605 115 30 Bianca

2689 4651 34 20 se
2735 4643 117 28 déclare
2867 4643 216 37 parfaitement
3102 4643 158 27 heureuse.

2726 4678 236 37 Empoisonnée,
2982 4677 57 28 elle
3065 4677 102 28 tombe
3181 4684 54 21 sur
3248 4677 28 27 le
3300 4676 69 37 plan-

2691 4715 71 28 cher
2772 4722 9 27 ;
2792 4715 65 28 très
2885 4715 228 34 prudemment,
3133 4721 40 22 on
3197 4713 85 32 avait
3296 4711 87 35 étayé

2691 4749 137 30 dessous.
2845 4749 79 30 Mais
2935 4749 28 28 le
2985 4749 74 28 choc
3073 4755 19 21 a
3120 4747 46 28 été
3185 4747 176 37 inquiétant
3377 4754 7 21 :

2689 4786 28 30 le
2731 4786 106 34 public
2848 4793 19 20 a
2881 4793 56 20 cru
2948 4793 59 27 que
3020 4786 67 27 tout
3100 4783 198 30 s'effondrait.
3309 4783 58 28 Pen-

2691 4828 48 21 sez
2763 4820 78 30 donc
2863 4820 6 27 !
2898 4820 45 30 La
2968 4819 184 38 Pigeonnier
3177 4819 54 37 qui
3257 4819 102 28 tombe
3376 4819 8 27 l

2689 4856 103 35 quelle
2805 4853 91 31 chute
2906 4856 6 28 !

2725 4891 41 30 Et
2777 4892 118 34 malgré
2907 4892 69 27 tout
2989 4891 6 27 !
3011 4890 116 35 malgré
3139 4890 33 27 la
3185 4890 84 34 large
3282 4889 86 35 hospi-

2689 4926 87 30 talité
2804 4933 60 30 que
2885 4926 98 30 Marie
3009 4925 79 30 offre'
3111 4925 19 27 à
3157 4932 48 21 ses
3234 4924 93 34 amis,
3356 4925 32 27 et

2689 4963 66 35 qui,
2770 4962 110 28 l'autre
2907 4962 73 34 soir,
2996 4962 84 27 avait
3107 4961 187 28 transformé
3315 4959 54 30 Ver-

2689 4998 105 28 sailles
2807 5006 39 20 en
2861 5006 63 20 une
2947 4996 76 30 ville
3048 4995 150 30 d'Ecosse.
3223 4995 78 33 Quel
3315 4995 52 28 œil
3377 4995 7 27 1

2689 5041 66 20 mes
2783 5034 90 33 amis,
2887 5031 72 37 quel
2970 5033 54 27 œil
3035 5033 7 28 1
3071 5031 144 28 Landaus
3226 5034 38 26 de
3287 5034 98 33 poste,

2689 5068 98 37 pâtée,
2796 5068 116 34 nuitée,
2922 5070 67 26 tout
3004 5074 79 30 pour
3096 5067 66 28 rien
3175 5067 6 27 I
3197 5066 41 37 Ça
3257 5067 52 27 n'a
3319 5073 66 28 pas,

2689 5105 174 34 d'ailleurs,
2894 5102 142 37 empêché
3058 5102 222 28 l'éreintement
3307 5108 7 21 :
3340 5101 46 28 les

2687 5139 201 38 journalistes
2902 5141 70 26 sont
2987 5139 27 27 si
3028 5139 118 34 ingrats
3157 5145 6 20 :
3181 5138 51 28 des
3248 5139 138 34 serpents

2689 5184 59 27 que
2764 5174 183 35 Pigeonnier
2961 5181 18 20 a
2986 5174 123 27 nourris
3120 5173 78 28 dans
3213 5180 58 20 son
3285 5173 100 28 sein...

2689 5213 41 26 Le
2746 5210 67 30 sein
2836 5210 38 28 de
2887 5210 183 35 Pigeonnier
3079 5209 6 27 I
3102 5209 141 28 malheur
3254 5209 6 27 !

2780 5274 74 25 Pour
2869 5272 80 33 copie
2962 5272 143 26 conforme
3117 5277 9 20 :

3128 5315 78 20 PAUL
3220 5315 122 20 FERRIE*

3490 969 56 24 ses
3561 967 130 26 œuvres
3705 967 64 32 que
3784 960 77 31 tous
3885 958 48 32 les
3950 957 111 32 autres
4088 954 168 40 généraux

3488 1002 133 31 avaient
3643 999 165 32 déclinées
3837 997 183 33 réclamant
4049 1003 118 24 encore
4195 1002 60 24 son

3488 1042 122 31 salaire
3625 1051 7 20 :
3656 1039 26 32 il
3693 1041 107 38 paraît
3816 1046 64 32 que
3904 1038 71 31 cela
3989 1045 43 21 ne
4058 1032 137 43 pouvait
4221 1042 35 24 se

3487 1083 177 38 supporter
3692 1080 77 40 plus
3800 1080 188 38 longtemps
4022 1076 34 31 et
4091 1074 80 40 qu'il
4206 1075 51 30 est

3488 1122 155 39 question
3658 1120 40 31 de
3712 1120 122 31 revêtir
3859 1119 79 31 d'un
3969 1115 288 32 commandement

3488 1162 143 30 éclatant
3646 1168 37 22 ce
3696 1160 132 40 général
3846 1157 161 40 politique
4023 1155 57 40 qui
4094 1155 52 30 fut
4159 1162 80 31 capa
4244 1170 13 30 :

3487 1201 54 32 ble
3556 1201 204 39 d'appliquer
3776 1200 19 30 à
3810 1198 135 32 l'armée
3959 1205 66 24 une
4042 1194 162 33 véritable
4212 1193 45 32 loi

3488 1241 59 31 des
3570 1244 164 37 suspects.

3527 1294 66 32 Les
3622 1294 112 32 autres
3762 1292 276 41 gouvernements
4067 1290 169 39 récompen-

3489 1337 74 30 sent
3576 1336 50 31 les
3650 1335 143 31 services
3808 1332 124 33 rendus
3956 1332 17 30 à
3997 1332 34 30 la
4059 1330 125 35 nation,
4209 1328 47 31 les

3491 1375 128 32 actions
3635 1375 128 38 d'éclat,
3790 1374 50 31 les
3856 1372 100 32 hauts
3986 1371 79 31 faits
4095 1370 57 39 qui
4181 1377 57 30 aug-

3488 1416 150 31 mentent
3651 1415 32 31 le
3698 1413 200 43 patrimoine
3913 1411 40 32 de
3979 1410 104 37 gloire
4100 1410 45 31 du
4160 1416 96 33 pays.

3488 1456 46 31 Le
3548 1455 259 40 gouvernement
3817 1453 81 31 dont
3912 1452 44 31 M,
3973 1450 107 39 Ferry
4104 1453 51 27 est
4185 1448 58 31 l'ac-

3487 1495 74 32 teur
3576 1495 33 33 et
3624 1495 45 33 M.
3684 1495 115 39 Grévy
3824 1494 31 31 le
3870 1493 144 39 figurant
4043 1500 20 21 a
4088 1498 45 24 un
4165 1487 92 34 autre

3489 1535 148 39 système
3648 1545 7 21 :
3672 1543 60 32 par
3746 1534 33 31 la
3808 1534 96 35 façon
3933 1532 81 31 dont
4042 1531 25 30 il
4093 1528 164 32 distribue

3488 1574 50 32 les
3552 1576 78 39 plus
3643 1574 104 32 hauts
3761 1573 139 40 emplois
3927 1571 96 32 civils
4051 1579 43 21 ou
4122 1567 118 32 militai-

3488 1624 66 28 res,
3569 1615 25 32 il
3608 1616 50 31 les
3673 1613 93 32 avilit
3783 1613 30 32 si
3828 1613 76 31 bien
3918 1619 76 33 que,
4005 1609 111 43 quand
4127 1617 59 30 par
4201 1607 38 32 ha-

3489 1655 78 32 sard
3582 1664 59 22 son
3658 1655 98 31 choix
3767 1652 111 32 tombe
3905 1661 58 22 sur
3990 1651 31 31 le
4048 1650 130 35 mérite,
4209 1656 32 22 ce-

3488 1695 93 32 lui-ci
3598 1696 158 35 s'étonne,
3782 1694 100 31 doute
3898 1691 39 32 de
3958 1691 176 31 lui-même
4162 1689 32 31 et
4222 1696 34 22 se

3488 1735 162 31 demande
3665 1743 37 22 ce
3717 1734 81 40 qu'il
3813 1742 19 21 a
3846 1733 78 31 bien
3939 1741 44 30 pu
3998 1730 83 31 faire
4107 1729 40 32 de
4176 1728 79 32 mal.

3488 1775 90 31 Tout
3592 1776 96 30 autre
3702 1775 272 35 gouvernement,
4003 1769 198 32 débarrassé
4214 1767 40 32 de

3487 1815 46 31 M.
3549 1814 393 39 Thibaudin-Gomagny,
3973 1811 80 31 dont
4067 1818 41 24 on
4124 1808 113 39 préten-

3488 1854 50 32 dit
3552 1863 64 31 que
3630 1854 43 31 M.
3690 1854 93 31 Jules
3800 1853 105 39 Ferry
3920 1851 48 32 lui
3983 1852 109 30 même
4117 1858 41 22 ne
4180 1856 57 31 sup-

3487 1894 124 39 portait
3624 1902 61 32 pas
3699 1902 80 24 sans
3793 1893 84 43 |iaut
3891 1893 132 30 le*cœur
4039 1890 32 31 la
4100 1886 156 43 présence

3488 1933 84 32 dans
3586 1933 31 32 le
3631 1933 143 38 cabinet,
3790 1932 107 33 aurait
3912 1932 81 32 tenu
4022 1931 19 30 à
4057 1930 118 31 laisser
4204 1926 35 32 dé-

3488 1974 143 32 sormais
3647 1982 80 24 sous
3741 1974 32 31 le
3787 1972 157 32 boisseau
3959 1978 35 24 ce
4018 1969 131 41 général
4179 1968 61 31 tris-

3487 2015 126 31 tement
3626 2014 138 32 célèbre.
3777 2013 86 32 Mais
3878 2020 67 24 non
3963 2011 6 31 1

3526 2068 50 31 La
3591 2067 196 41 république
3810 2066 154 40 éprouve,
3980 2063 107 40 paraît
4103 2063 35 38 il,
4156 2062 30 32 le
4201 2061 35 32 be-

3488 2108 74 31 soin
3578 2108 39 31 de
3643 2114 148 32 séparer
3816 2107 41 30 de
3885 2104 106 33 l'éclat
4018 2104 39 31 de
4087 2111 34 25 ce
4156 2109 74 32 guer-

3487 2147 66 32 rier
3569 2147 58 39 qui
3643 2147 52 31 est
3709 2146 70 32 l'un
3793 2146 59 32 des
3868 2144 168 32 diamants
4061 2141 39 33 de
4124 2151 38 22 sa
4178 2150 57 24 cou-

3487 2196 116 24 ronne.
3626 2186 59 32 S'il
3699 2186 51 32 est
3780 2185 72 32 vrai
3878 2193 63 32 que
3969 2184 32 32 le
4026 2181 171 41 président
4211 2180 44 33 du

3487 2226 125 32 conseil
3628 2226 66 32 soit
3709 2233 40 25 en
3765 2224 178 34 désaccord
3970 2232 78 22 avec
4068 2223 32 31 le
4121 2220 133 41 général

3488 2267 190 40 Gampenon
3704 2271 43 26 au
3774 2265 89 39 sujet
3889 2265 40 31 de
3957 2264 33 31 la
4016 2263 154 31 conduite
4194 2262 58 30 des

3487 2307 189 40 opérations
3692 2304 196 37 auTonkio,
3902 2304 163 39 peut-être
4081 2302 133 39 songe-t
4228 2301 26 32 il

3487 2346 19 31 à
3528 2346 182 40 remplacer
3725 2346 30 32 le
3784 2344 155 32 ministre
3967 2343 106 32 actuel
4102 2349 59 33 par
4187 2349 61 22 sou

3485 2386 244 40 prédécesseur.
3761 2385 92 31 Dans
3868 2393 35 22 ce
3922 2381 256 37 chassé-croisé,
4209 2389 43 22 on

3485 2426 124 32 verrait
3624 2425 182 40 reparaître
3834 2432 58 22 sur
3912 2424 34 31 la
3976 2422 96 32 scène
4100 2420 154 33 officielle

3485 2466 85 32 celui
3585 2466 80 31 dont
3692 2464 211 41 l'apparition
3933 2463 89 32 avait
4048 2460 135 33 soulevé
4205 2469 46 24 un

3484 2506 81 31 haro
3581 2505 109 39 parmi
3702 2513 85 24 nous
3813 2505 33 32 et
3874 2504 81 31 dont
3983 2502 130 32 bientôt
4127 2509 56 24 ses
4198 2499 35 33 dé-

3483 2545 154 33 fenseurs
3651 2544 206 33 eux-mêmes
3867 2543 120 32 durent
3996 2542 215 31 abandonner
4218 2539 33 32 la

3483 2594 111 24 cause.
3606 2584 31 33 Il
3648 2594 37 24 se
3698 2587 131 34 trouva,
3846 2591 39 24 en
3900 2583 86 37 effet,
4005 2590 63 32 que
4083 2590 63 22 son
4159 2581 71 31 inca-

3482 2626 107 40 pacité
3615 2624 119 39 égalait
3749 2624 31 31 si
3794 2623 63 33 elle
3870 2630 40 25 ne
3925 2623 34 31 la
3973 2621 201 41 surpassait,
4189 2628 61 22 son

3482 2665 164 41 indignité
3673 2663 243 32 ministérielle.
3952 2662 53 31 Eh
4039 2661 90 37 bien,
4162 2660 89 31 voilà

3482 2705 157 32 l'homme
3653 2712 64 33 que
3741 2705 33 30 la
3800 2702 196 40 république
4019 2708 35 25 se
4082 2700 135 40 dispose
4231 2700 20 31 à

3482 2754 86 22 nous
3581 2750 148 44 montrer
3744 2745 41 31 de
3809 2751 152 24 nouveau
3976 2741 84 32 dans
4084 2748 46 24 un
4146 2739 104 41 grand

3481 2785 145 40 premier
3643 2785 81 32 rôle.

3522 2838 51 31 On
3602 2836 177 41 comprend
3807 2837 51 31 les
3885 2833 191 33 mendiants
4102 2832 58 40 qui
4182 2832 51 32 éta-

3481 2878 70 31 lent
3573 2878 92 31 leurs
3687 2877 104 40 plaies
3807 2884 85 32 pour
3917 2875 170 32 émouvoir
4116 2876 31 28 la
4163 2880 65 25 com-

3481 2917 196 32 misération
3692 2917 171 39 publique,
3880 2916 57 40 qui
3952 2916 79 35 peut
4045 2922 37 22 se
4096 2911 151 33 traduire

3481 2966 84 31 pour
3591 2966 65 24 eux
3669 2966 41 24 en
3737 2956 171 32 aumônes.
3939 2954 52 32 On
4006 2962 41 22 ne
4070 2950 180 41 comprend

3481 3006 60 28 pas
3569 2998 34 31 la
3624 2995 196 41 république
3846 2994 161 34 exhibant
4033 3001 60 24 son
4115 2991 135 41 général

3476 3037 209 38 Thibaudin,
3715 3037 81 31 dont
3824 3035 33 32 la
3882 3043 65 24 vue
3961 3034 33 32 et
4016 3033 32 31 le
4069 3041 80 22 nom
4172 3032 77 31 sont

3481 3078 185 40 également
3680 3074 219 41 repoussants
3930 3074 32 31 et
3989 3081 43 24 ne
4056 3071 109 34 feront
4186 3079 61 32 pas

3480 3117 130 32 tomber
3624 3118 89 30 deux
3720 3124 79 22 sous
3811 3115 40 31 de
3859 3115 77 40 plus
3943 3113 84 32 dans
4036 3113 33 33 la
4080 3111 170 40 casquette

3480 3158 40 31 de
3537 3158 44 30 M.
3601 3156 131 32 Tirard.

4000 3210 27 22 H.
4048 3210 35 22 DE
4097 3204 74 28 PÊNE

2641 958 1 46 î
2667 963 64 33 cité
2745 958 119 45 froide,
2881 972 43 24 on
2936 958 50 37 îui
3001 961 155 43 applique
3172 971 35 22 ce
3222 960 211 33 raffinement

2641 1000 1 35 I
2662 1004 40 32 de
2717 1005 129 31 toiture
2858 1005 19 30 à
2890 1004 33 31 la
2943 1004 98 31 veille
3061 1003 59 31 des
3133 1003 159 31 élections
3320 1000 92 32 muni-

2662 1044 136 39 cipales,
2813 1044 137 40 lorsque
2965 1044 50 32 les
3031 1043 172 31 murailles
3224 1043 39 31 de
3292 1042 33 32 la
3345 1041 71 40 capi-

2660 1084 67 32 tale
2745 1084 78 31 sont
2837 1084 74 40 déjà
2926 1084 111 31 toutes
3052 1084 175 30 couvertes
3248 1081 184 35 d'affiches,

2660 1123 139 40 lorsque
2813 1123 31 31 le
2858 1123 119 40 peuple
2993 1123 136 34 attentif
3141 1122 139 40 regarde
3294 1122 40 30 de
3356 1115 79 46 quel

2660 1162 73 33 côté
2750 1162 119 33 souffle
2888 1163 32 32 le
2947 1163 91 38 vent,
3056 1170 35 24 se
3115 1162 161 32 demande
3302 1162 30 30 si
3354 1162 80 31 c'est

2660 1204 170 32 l'autorité
2846 1212 43 22 ou
2914 1204 33 31 la
2968 1202 119 32 liberté
3113 1202 59 39 qui
3208 1201 222 39 l'emportera,

2661 1243 148 32 s'efforce
2820 1244 41 31 de
2876 1243 136 32 deviner
3028 1251 35 24 ce
3078 1251 65 28 que
3167 1241 79 39 pèse
3275 1248 44 24 au
3340 1240 92 40 juste

2660 1292 46 22 un
2719 1283 119 40 préfet,
2855 1284 107 31 même
2976 1284 32 30 le
3021 1283 109 40 préfet
3151 1281 40 32 de
3215 1280 33 32 la
3274 1280 109 39 Seine,
3400 1280 33 31 et

2660 1323 32 32 si
2713 1331 79 24 avec
2813 1313 41 45 die
2875 1324 85 31 bons
2982 1322 195 32 conseillers
3201 1320 231 39 municipaux,

2660 1363 32 32 si
2706 1371 78 24 avec
2799 1363 58 32 des
2875 1363 123 32 maires
3019 1362 209 40 énergiques,
3243 1369 43 22 on
3317 1359 99 31 n'arri-

2660 1410 79 25 vera
2760 1411 61 31 pas
2836 1403 20 32 à
2870 1410 136 25 secouer
3022 1402 89 33 enfin
3124 1403 85 30 cette
3230 1400 118 32 lourde
3378 1401 35 30 tu-

2660 1442 78 33 telle
2754 1442 267 32 administrative
3032 1442 59 40 qui
3103 1442 159 32 enchaîne
3273 1442 33 31 et
3318 1440 113 32 écrase

2660 1482 50 32 les
2725 1489 204 25 communes.
2947 1482 85 37 Quel
3047 1482 149 39 exemple
3211 1479 5 43 !
3235 1480 90 32 C'est
3352 1479 59 31 fini
3424 1480 7 30 !

2660 1522 81 32 c'est
2764 1521 119 32 mortel
2897 1522 8 31 1
2937 1521 66 32 Les
3031 1530 80 32 gens
3136 1521 57 39 qui
3214 1521 59 31 ont
3293 1528 45 24 vu
3364 1519 71 32 cela

2660 1564 81 30 vont
2756 1561 269 33 infailliblement
3051 1571 37 21 se
3103 1561 71 31 dire
3188 1560 20 32 à
3222 1560 208 32 eux-mêmes

2660 1604 33 31 et
2720 1603 129 39 répéter
2878 1612 41 21 en
2947 1604 78 28 tous
3045 1602 92 31 lieux
3154 1611 8 21 :
3196 1612 12 15 t
3228 1599 107 38 Qu'un
3361 1599 56 39 pré-

2660 1642 46 32 fet
2719 1645 52 28 est
2798 1651 65 32 peu
2878 1643 40 31 de
2941 1642 100 32 chose
3054 1643 7 30 !
3092 1642 44 31 Et
3164 1641 109 40 quelle
3299 1638 135 39 misère,

2660 1682 110 32 même
2784 1683 20 31 à
2830 1682 111 39 Paris,
2956 1690 65 32 que
3047 1682 85 32 cette
3158 1678 172 43 poussière
3358 1678 58 40 pré-

2660 1722 175 33 fectorale!
2856 1734 12 17 »

2701 1762 99 32 Yoilà
2828 1770 47 22 un
2903 1762 87 39 sujet
3018 1762 40 31 de
3080 1760 155 33 nouvelle
3248 1760 59 40 qui
3322 1759 112 32 rentre

2662 1802 84 32 dans
2760 1802 31 32 le
2806 1801 97 32 cadre
2919 1801 40 32 de
2986 1801 45 33 M.
3048 1801 128 33 Gaston
3202 1801 170 39 Bergeret,
3400 1800 33 30 et

2662 1851 60 22 sur
2745 1843 109 39 lequel
2878 1841 154 40 j'appelle
3061 1843 93 30 toute
3170 1848 63 24 sou
3249 1839 161 32 attention
3423 1848 9 28 ;

2662 1891 57 22 car
2739 1891 37 22 ce
2791 1881 107 32 serait
2908 1883 31 30 le
2954 1883 146 38 bouquet
3115 1880 40 32 de
3170 1889 61 22 son
3246 1880 125 30 monde
3383 1880 33 37 of-

2661 1924 99 35 ficiel.
2778 1922 46 32 Le
2837 1922 79 32 titre
2924 1931 41 20 va
2980 1922 39 30 de
3035 1922 63 37 soi,
3122 1922 32 30 et
3169 1928 44 24 on
3241 1920 52 31 est
3321 1919 110 31 même

2662 1962 210 33 embarrassé
2887 1963 40 30 de
2941 1961 125 31 choisir
3080 1970 8 20 :
3129 1961 51 30 Un
3207 1959 120 38 Préfet
3343 1962 87 28 dans

2663 2003 167 31 Vescalier
2838 2014 13 26 ;
2881 2003 50 28 Un
2950 2001 120 38 Préfet
3098 2008 64 22 sur
3177 2002 31 30 le
3217 2002 194 35 paillasson
3420 2010 13 25 ;

2667 2043 51 31 Un
2732 2042 123 38 Préfet
2869 2041 22 32 à
2907 2043 34 30 la
2953 2042 236 34 Belle-Etoile;
3204 2041 74 30 tout
3293 2047 35 24 ce
3351 2039 83 39 qu'il

2661 2089 84 25 vous
2776 2082 117 40 plaira.
2921 2082 111 34 Quant
3067 2088 43 22 au
3149 2080 283 38 développement,

2660 2121 143 33 l'auteur
2819 2122 58 31 des
2893 2121 229 31 Evénements
3146 2121 41 30 de
3211 2120 141 31 Pontax
3380 2117 54 33 n'a

2660 2171 60 30 pas
2733 2160 118 32 besoin
2867 2160 244 32 d'indications.
3136 2159 27 31 Il
3180 2167 21 32 y
3216 2163 122 28 mettra
3353 2160 78 30 tout

2660 2204 31 30 le
2705 2202 142 41 piquant
2874 2199 177 33 désirable.
3080 2199 39 32 Je
3148 2199 48 31 lui
3216 2199 217 31 conseillerai

2660 2242 157 41 pourtant
2848 2241 40 31 de
2915 2249 43 22 ne
2982 2248 61 32 pas
3071 2238 149 40 négliger
3244 2241 86 30 cette
3345 2238 86 39 idée,

2647 2284 97 34 _cette
2758 2289 148 30 menace,
2920 2277 58 43 qui
3006 2289 19 21 a
3053 2278 97 40 plané
3167 2285 60 25 sur
3257 2280 92 30 toute
3377 2277 43 32 l'a-

2838 2321 20 30 à
2882 2320 111 31 savoir
3018 2317 80 40 qu'il
3124 2319 73 31 faut
3210 2326 43 24 en
3267 2317 77 32 effet
3358 2317 56 39 pré-

2657 2369 109 32 parer,
2797 2361 20 31 à
2830 2359 124 32 l'Hôtel
2967 2359 39 32 de
3021 2359 102 38 Ville,
3137 2367 47 21 un
3201 2357 229 40 appartement

2657 2400 216 40 magnifique,
2897 2408 47 21 uu
2959 2399 106 40 palais
3090 2399 85 30 dans
3202 2398 32 31 le
3255 2396 119 40 palais,
3397 2398 35 31 et

2657 2440 135 38 l'orner,
2809 2441 33 31 et
2855 2440 32 31 le
2908 2439 145 38 décorer,
3070 2440 33 28 et
3113 2440 57 38 n'y
3180 2438 72 31 rien
3269 2438 162 39 épargner

2656 2489 85 31 pour
2756 2479 171 40 recevoir,-
2952 2486 67 24 non
3052 2486 61 31 pas
3142 2478 31 31 le
3198 2477 106 40 préfet
3332 2477 41 31 de
3397 2477 34 32 la

2659 2520 107 38 Seine,
2784 2519 86 32 mais
2891 2526 46 24 un
2960 2519 149 31 inconnu
3130 2517 61 40 qui
3220 2517 138 32 viendra
3383 2525 47 22 un

2657 2569 66 32 peu
2737 2559 77 40 plus
2828 2558 86 39 tard,
2930 2567 46 24 un
2992 2558 148 31 fantôme
3155 2556 58 40 qui
3233 2557 54 31 n'a
3302 2564 61 33 pas
3378 2557 51 32 dit

2660 2609 61 24 son
2733 2608 92 24 nom.

3233 2639 112 20 MINORA

2854 2740 93 28 LES
2967 2732 265 37 MÉMOIRES

3025 2811 39 18 DE

2662 2868 308 71 SARAH
3034 2864 391 72 BARNUM

2689 3034 80 26 Nous
2783 3034 197 26 n'étonnerons
3005 3040 138 26 personne
3168 3039 33 18 en
3222 3032 128 26 révélant
3372 3038 53 25 que

2659 3066 91 26 Sarali
2772 3066 125 25 Barnum
2911 3065 71 31 écrit
3013 3072 45 18 ses
3083 3064 155 25 mémoires.
3266 3064 59 24 Une
3338 3063 73 25 indis-

2659 3098 116 28 crétion-,
2791 3097 50 32 qui
2852 3097 90 25 serait
2956 3096 138 32 coupable
3110 3094 26 25 si
3155 3102 51 18 nos
3228 3093 123 26 lecteurs
3365 3093 60 26 n'en

2657 3129 131 25 devaient
2799 3135 52 26 pas
2877 3126 158 32 bénéficier,
3061 3132 71 19 nous
3158 3125 106 33 permet
3276 3125 61 25 d'en
3364 3125 46 25 don-

2656 3167 50 19 ner
2720 3165 56 19 une
2785 3165 83 26 page,
2882 3159 78 25 toute
2974 3157 172 26 d'actualité.

2708 5411 80 46 LE
2845 5408 520 48 GAULOIS-SALON

2692 5544 73 32 Nos
2777 5542 149 33 abonnés
2942 5542 33 32 et
2986 5549 61 24 nos
3061 5541 144 32 lecteurs
3221 5539 197 33 trouveront

2655 5596 135 39 encarté
2815 5595 86 32 dans
2922 5602 37 25 ce
2981 5594 139 32 numéro
3144 5601 47 24 un
3211 5593 211 40 supplément

2654 5648 219 33 entièrement
2887 5647 157 33 consacré
3060 5655 44 25 au
3119 5647 112 32 Salon.

2694 5717 44 32 Ce
2760 5714 210 41 supplément
2993 5721 41 25 ne
3056 5714 71 32 doit
3150 5721 60 32 pas
3226 5714 70 32 être
3309 5713 111 33 vendu

2656 5769 219 43 séparément.
2910 5767 27 32 Il
2968 5766 70 32 doit
3060 5767 70 31 être
3158 5766 110 32 donné
3289 5774 78 24 avec
3390 5766 31 32 le

2652 5822 144 39 journal,
2813 5830 80 24 sans
2910 5820 248 40 augmentation
3171 5819 41 32 de
3226 5819 89 40 prix,

2656 5967 72 90 IL
2776 5967 184 86 LEUR
3009 5965 360 97 M4\OI4IT
3392 5961 19 93 !

2694 6157 66 32 Les
2772 6156 168 40 journaux
2957 6156 156 32 officieux
3126 6163 85 24 nous
3235 6154 187 33 annoncent

2656 6196 85 41 qu'il
2766 6197 51 31 est
2843 6196 156 40 question
3026 6196 41 32 de
3093 6196 126 32 donner
3244 6203 46 24 un
3315 6194 106 41 grand

2655 6235 288 33 commandement
3027 6235 87 33 celui
3141 6235 46 32 du
3215 6235 132 39 général
3380 6234 41 33 de

2656 6275 196 33 Berckheim
2954 6275 20 32 à
3001 6285 46 22 un
3080 6283 45 24 ex
3138 6275 155 32 ministre
3321 6274 40 33 de
3387 6274 34 32 la

2656 6324 129 34 guerre,
2802 6315 159 32 trébuché
2969 6315 90 39 jadis
3073 6314 41 32 de
3129 6315 187 31 l'honneur.
3335 6314 32 32 A
3386 6321 35 25 ce

2656 6358 84 34 mot,
2750 6364 86 24 vous
2851 6365 79 22 avez
2944 6356 119 31 deviné
3085 6354 80 40 qu'il
3189 6354 97 40 s'agit
3308 6353 41 33 de
3374 6353 46 32 M.

2657 6394 243 34 Thibaudin.il
2913 6396 116 32 n'était
3043 6394 76 40 plus
3131 6393 292 41 question,depuis

2657 6436 143 40 quelque
2825 6437 122 39 temps,
2965 6436 39 31 de
3028 6443 38 24 ce
3080 6435 171 40 Comagny
3273 6433 71 40 qui,
3360 6432 41 32 mi-

2657 6476 119 38 nistre,
2792 6477 141 38 expulsa
2948 6476 48 32 les
3011 6475 138 32 Princes
3164 6475 40 31 de
3219 6474 149 37 l'armée,
3381 6472 43 32 de

2657 6516 110 32 même
2781 6523 77 32 que,
2874 6515 189 40 prisonnier
3078 6515 41 32 de
3132 6522 131 33 guerre,
3274 6514 26 31 il
3334 6513 91 31 avait

2657 6555 105 32 banni
2777 6555 40 32 de
2832 6562 38 24 sa
2884 6555 191 32 conscience
3089 6555 31 31 le
3131 6555 154 39 scrupule
3294 6554 58 32 des
3367 6561 37 24 en-

2659 6595 191 41 gagements
2864 6594 85 41 pris.
2963 6594 47 32 Le
3024 6594 135 40 général
3172 6593 194 32 Thibaudin
3383 6600 43 25 en

2659 6633 152 41 disgrâce
2891 6633 132 41 général
3039 6633 191 33 Thibaudin
3244 6633 85 32 dans
3344 6632 65 33 l'ou-

2659 6674 69 38 bli;
2743 6673 32 32 le
2787 6673 136 40 général
2937 6673 378 40 Comagny-Thibaudin
3333 6680 41 25 ne
3390 6679 37 26 se

2659 6715 126 32 faisant
2799 6723 59 31 pas
2871 6722 104 33 payer
2989 6713 87 32 deux
3102 6712 66 32 fois
3191 6722 44 22 au
3256 6712 113 32 moins
3393 6711 33 33 le

2660 6754 106 32 vilain
2781 6754 125 32 service
2921 6752 81 41 qu'il
3017 6752 111 33 rendit
3139 6754 19 30 à
3171 6752 33 32 la
3216 6750 211 43 République

2660 6803 43 24 en
2728 6795 137 35 violant,
2890 6795 85 30 dans
3002 6793 32 32 la
3050 6801 164 33 personne
3235 6791 191 39 d'officiers,

2662 6834 170 32 criminels
2846 6835 104 31 d'être
2972 6833 59 32 nés
3050 6834 145 40 princeß,
3210 6834 30 30 le
3269 6833 91 31 droit
3387 6831 40 32 de

2660 6874 169 40 propriété
2852 6874 41 32 de
2924 6881 63 22 son
3013 6873 100 41 grade
3144 6872 203 41 jusqu'alors
3378 6881 33 24 re-

2661 6920 110 26 connu
2787 6914 19 33 à
2819 6914 73 32 tout
2908 6912 126 35 officier
3043 6922 11 25 ;
3065 6912 201 34 l'exécuteur
3281 6913 60 33 des
3354 6912 73 32 bas-

3480 3339 412 80 Bloc-Notes
3948 3332 296 83 Parisien

3720 3513 67 28 AU
3810 3513 196 28 RIDEAU

3519 3579 85 30 Tout
3617 3578 130 28 homme
3772 3575 54 40 qui
3843 3586 18 20 a
3875 3586 40 20 eu
3940 3585 63 21 une
4032 3574 91 40 pièce
4150 3574 97 39 jouée

3480 3619 130 30 connaît
3621 3615 172 40 l'angoisse
3810 3614 151 40 spéciale,
3978 3619 84 26 cette
4075 3618 89 27 sorte
4180 3614 51 30 d'é-

3480 3658 116 31 treinte
3609 3657 176 40 poignante
3802 3656 57 40 qui
3872 3658 111 26 monte
4000 3665 39 19 au
4055 3664 100 30 cœur,
4169 3653 63 31 lors-

3480 3707 63 30 que
3557 3697 47 30 les
3618 3696 167 38 coulisses,
3798 3694 48 30 les
3863 3693 161 37 escaliers,
4039 3693 31 31 le
4085 3694 93 39 foyer
4189 3693 56 30 des

3478 3737 125 31 artistes
3619 3735 216 39 s'emplissent
3850 3735 56 28 des
3920 3733 126 40 paroles
4070 3733 149 32 terribles
4235 3743 8 20 :

3478 3788 20 20 «
3513 3777 53 31 Au
3580 3776 128 31 rideau!
3724 3784 20 20 »
3759 3775 59 31 Les
3833 3775 155 40 peintres,
4000 3783 72 30 eux,
4090 3777 57 26 ont
4162 3774 85 30 aussi

3478 3817 71 30 leur
3566 3828 7 19 :
3600 3827 19 19 «
3635 3815 52 31 Au
3715 3815 128 30 rideau!
3870 3823 19 20 »
3905 3813 57 31 'lls
3987 3823 39 19 en
4055 3816 57 26 ont
4142 3815 104 27 même

3478 3856 90 31 trois.
3582 3856 41 30 Le
3640 3854 139 40 premier
3794 3863 18 21 a
3824 3854 118 30 retenti
3956 3853 81 39 hier,
4051 3853 74 40 jour
4147 3854 41 28 de
4217 3853 31 30 la

3477 3896 93 31 visite
3586 3895 43 31 du
3643 3893 165 40 président
3824 3893 122 40 Grévy,
3963 3893 216 39 accompagné
4191 3893 57 30 des

3478 3937 161 30 membres
3656 3935 43 30 du
3712 3934 84 39 jury.
3808 3932 227 40 Aujourd'hui,
4059 3932 33 31 le
4117 3933 107 30 vernis-

3478 3985 86 31 sage.
3589 3974 148 37 Demain,
3754 3974 31 30 la
3798 3973 86 31 vraie
3900 3972 172 40 première.

3520 4017 41 28 Le
3576 4015 168 30 Président
3759 4017 48 26 est
3822 4012 100 31 arrivé
3944 4022 41 21 au
3999 4011 99 40 palais
4114 4011 41 31 de
4169 4011 63 32 l'ln-

3478 4056 132 38 dustrie,
3627 4056 18 27 à
3660 4054 85 30 deux
3756 4052 116 30 heures
3894 4052 105 30 moins
4013 4062 44 20 un
4085 4056 104 35 quart,
4206 4062 41 20 en

3477 4095 128 39 landau,
3622 4103 77 21 avec
3713 4093 89 31 Mme
3824 4093 111 40 Grévy
3952 4096 32 25 et
3994 4091 90 31 Mme
4106 4091 139 31 Wilson.

3478 4135 162 35 Derrière,
3656 4142 45 20 un
3713 4133 105 39 coupé
3834 4134 43 28 où
3892 4141 34 20 se
3950 4130 183 32 trouvaient
4148 4131 31 30 le
4195 4133 35 39 gé-

3477 4174 90 32 néral
3583 4178 32 26 et
3630 4173 31 30 la
3674 4172 150 41 générale
3839 4172 109 30 Pittié.
3965 4172 87 38 Reçu
4075 4180 58 31 par
4163 4170 81 31 MM.

3478 4214 113 40 Bailly,
3609 4214 222 38 Bouguereau,
3840 4212 141 35 Jérôme,
3996 4209 155 39 Cabanel,
4165 4212 61 30 Ger-

3476 4265 74 30 vex,
3566 4253 86 38 Roll,
3669 4252 265 39 Robert-Fleury,
3948 4251 169 39 Benjamin
4144 4251 83 30 Cons-

3477 4298 79 35 tant,
3580 4292 201 37 Guillaume,
3806 4291 233 38 Doublemard,
4068 4290 177 40 Falguière,

3478 4333 282 37 Saint-Marceaux,
3780 4330 150 39 Garnier,
3946 4330 41 31 Le
4004 4330 130 39 Breton,
4150 4330 78 31 Fran-

3478 4375 76 39 çais.

3519 4415 156 31 Reconnu
3689 4410 97 38 aussi,
3802 4410 78 31 dans
3896 4409 31 31 la
3943 4409 78 31 salle
4043 4420 30 30 7,
4089 4419 57 27 par
4161 4410 43 30 où
4217 4409 31 31 la

3476 4454 94 31 visite
3586 4463 18 20 a
3618 4452 189 31 commencé
3819 4461 6 19 :
3843 4450 46 31 M.
3915 4453 32 27 et
3972 4448 89 32 Mme
4088 4448 159 41 Récipon,

3477 4493 47 32 M.
3539 4493 148 32 Antonin
3700 4493 126 30 Proust.

3517 4533 44 32 M.
3580 4532 102 40 Bailly
3704 4541 17 20 a
3743 4531 97 31 remis
3856 4539 40 21 au
3917 4530 169 31 Président
4119 4528 41 30 de
4183 4530 61 28 très

3476 4573 105 32 beaux
3595 4572 183 39 catalogues
3793 4570 107 39 reliés,
3914 4573 31 26 et
3957 4570 41 31 l'a
4013 4569 138 41 précédé
4166 4569 79 30 dans

3475 4613 50 30 les
3539 4613 142 30 diverses
3702 4610 107 32 salles.
3826 4610 54 31 On
3904 4618 39 20 ne
3970 4610 76 30 s'est
4072 4610 98 39 guère
4202 4617 28 21 ar-

3476 4655 69 30 rêté
3560 4663 63 31 que
3639 4651 117 31 devant
3770 4650 48 31 les
3833 4650 97 31 toiles
3944 4649 57 31 des
4026 4649 162 31 membres
4204 4648 41 31 du

3474 4694 84 40 jury.

3515 4735 46 30 M.
3576 4733 113 40 Grévy
3711 4741 70 21 sera
3796 4730 162 40 peut-être
3987 4737 120 30 surpris
4134 4728 43 31 de
4198 4737 32 21 re-

3476 4778 131 27 trouver
3621 4773 43 31 ici
3677 4773 50 30 les
3748 4770 159 40 quelques
3935 4769 133 40 phrases
4098 4768 146 31 tombées

3476 4813 41 31 de
3530 4822 59 20 son
3605 4815 135 37 auguste
3756 4811 141 38 bouche,
3914 4814 33 25 et
3972 4807 184 33 textuelles.
4185 4807 28 32 Il
4225 4819 20 30 y

3476 4864 18 20 a
3517 4853 57 31 des
3602 4853 111 39 grâces
3742 4851 109 38 d'état,
3880 4852 34 27 et
3938 4848 32 30 le
4000 4852 170 37 reportage
4199 4847 44 31 du

3480 4892 141 28 Gaulois
3635 4894 48 26 est
3698 4891 81 30 ainsi
3791 4890 69 31 fait.

3516 4932 30 32 A
3557 4931 162 40 plusieurs
3733 4930 150 40 reprises,
3914 4928 96 40 donc,
4026 4926 24 31 il
4078 4937 19 20 a
4122 4926 123 31 félicité

3476 4972 46 32 M.
3537 4971 169 44 Benjamin
3726 4970 159 31 Constant
3915 4977 53 21 sur
3993 4977 60 20 son
4080 4967 129 31 tableau
4234 4977 8 20 :

3475 5013 21 30 Y
3500 5011 161 31 Intérieur
3676 5010 74 31 d'un
3771 5008 112 33 sirail.

3517 5053 163 30 Première
3694 5050 116 40 phrase
3828 5059 7 21 :

3517 5111 20 20 «
3550 5100 34 34 Je
3600 5109 41 20 ne
3667 5100 102 30 crains
3783 5107 57 32 pas
3863 5098 40 30 de
3920 5107 52 20 me
3993 5099 252 37 compromettre

3478 5151 39 21 en
3531 5150 81 22 vous
3628 5140 105 31 disant
3749 5147 64 32 que
3835 5147 38 20 ce
3888 5137 128 31 tableau
4039 5140 50 26 est
4114 5145 44 21 un
4187 5135 57 31 des

3476 5180 73 40 plus
3565 5181 103 30 beaux
3683 5189 63 31 que
3767 5187 83 21 vous
3872 5187 77 31 ayez
3964 5177 84 31 faits.
4070 5185 20 20 »

3517 5220 145 30 Seconde
3680 5219 130 39 phrase,
3836 5218 120 31 devant
3970 5217 32 30 la
4016 5216 79 31 toile
4104 5215 46 31 de
4165 5216 78 34 Jean

3477 5259 125 32 Béraud
3618 5270 7 20 :
3646 5258 72 32 Une
3731 5257 148 33 Réunion
3893 5257 154 40 publique
4063 5265 7 20 :

3519 5313 12 17 t
3556 5300 94 31 Voilà
3665 5309 63 20 une
3739 5297 87 32 belle
3841 5297 106 40 image
3961 5296 40 31 de
4016 5296 133 31 l'avenir
4162 5295 66 40 poli-

3477 5341 87 40 tique
3576 5341 45 30 du
3634 5349 79 32 pays
3726 5348 84 30 pour
3823 5339 137 30 certains
3978 5337 7 31 !
4006 5346 21 21 »

3515 5381 100 31 Autre
3631 5380 162 39 dialogue,
3809 5379 18 28 à
3840 5387 37 20 ce
3892 5378 105 30 même
4012 5379 157 34 moment,
4187 5385 35 22 en-

3477 5424 46 28 tre
3559 5420 46 33 M.
3635 5419 208 32 Camescasse
3865 5420 33 26 et
3925 5415 46 32 M.
4005 5415 89 34 Jules
4129 5415 107 40 Ferry.

3478 5460 119 40 Simple
3609 5459 136 40 requête
3771 5459 45 28 du
3830 5458 104 40 préfet
3947 5456 40 31 de
4007 5456 109 40 police
4130 5466 40 20 au
4185 5454 39 31 mi-

3478 5502 96 30 nistre
3598 5510 9 21 :
3635 5499 12 20 '

3511 5551 25 21 .«
3555 5541 89 32 Vous
3658 5538 129 32 devriez
3801 5546 53 21 me
3867 5537 78 31 faire
3954 5536 120 31 cadeau
4091 5536 39 30 de
4153 5538 85 27 cette

3476 5581 80 31 toile
3569 5590 84 32 pour
3666 5580 33 30 la
3712 5578 183 31 Préfecture
3908 5577 14 32 ?
3941 5589 11 15 »

3519 5622 51 30 Un
3585 5620 133 32 silence.

3516 5661 133 40 Reprise
3666 5660 41 30 du
3723 5657 70 31 solo
3820 5657 221 37 Camescasse,
4058 5666 59 21 nez
4142 5656 19 30 à
4180 5665 61 21 nez

3477 5711 76 21 avec
3563 5711 45 21 un
3622 5708 202 32 personnage
3855 5707 64 31 que
3934 5706 80 21 nous
4032 5695 131 32 n'avons
4186 5705 58 30 pas

3478 5750 144 22 reconnu
3645 5751 8 20 :

3514 5791 19 20 «
3548 5780 189 31 Avez-vous
3765 5779 34 30 lu
3830 5778 33 30 la
3886 5777 183 40 profession
4084 5774 39 31 de
4139 5774 48 31 foi
4201 5774 40 31 de

3478 5820 170 40 Rodolphe
3664 5819 92 38 Salis,
3771 5818 33 31 le
3829 5817 148 32 candidat
4005 5817 40 30 de
4070 5815 152 31 Montmar-

3476 5861 110 32 tre?...
3602 5859 195 39 Désopilant
3810 5858 20 32 !!
3847 5868 20 21 »

3515 5901 176 32 Troisième
3700 5900 115 39 phrase
3823 5898 41 31 de
3875 5896 45 32 M.
3930 5896 164 39 Grévy,—
4103 5896 18 30 à
4131 5897 111 38 quatre

3476 5942 115 30 heures
3606 5941 78 30 trois
3700 5942 117 38 quarts,
3848 5934 79 34 dans
3954 5936 31 31 le
4011 5935 104 40 jardin
4143 5935 40 31 de
4213 5935 30 30 la

3477 5981 175 40 sculpture,
3670 5982 32 27 et
3716 5988 52 20 sur
3783 5979 31 30 le
3830 5978 92 40 point
3941 5975 41 32 de
3998 5986 34 21 se
4046 5975 116 31 retirer
4175 5985 7 20 :

3515 6032 20 20 «
3549 6022 30 30 A
3595 6028 132 32 propos,
3744 6020 43 30 où
3802 6022 48 26 est
3869 6027 35 20 ce
3919 6017 128 30 fameux
4058 6014 46 32 M.
4120 6014 102 40 Vigne-

3476 6061 80 31 ron?
3569 6072 20 20 »

3515 6100 188 38 Quatrième
3717 6099 126 41 phrase,
3861 6098 119 31 devant
3993 6105 65 22 une
4083 6098 102 31 statue
4200 6094 41 30 de

3478 6143 41 31 La
3534 6141 167 39 Fontaine,
3717 6149 78 21 avec
3809 6138 56 31 des
3879 6137 149 32 animaux
4039 6138 113 28 autour
4176 6144 7 20 :

3514 6190 20 21 «
3543 6182 87 31 C'est
3644 6190 64 20 une
3723 6180 109 30 bonne
3847 6177 73 32 idée
3948 6176 120 32 d'avoir
4082 6175 93 41 placé
4185 6175 58 30 des

3476 6222 92 32 bêtes
3582 6230 61 20 aux
3659 6220 93 40 pieds
3767 6219 44 30 du
3824 6216 163 32 fabuliste.
4005 6227 19 20 »

3516 6262 31 31 A
3561 6261 74 39 cinq
3647 6261 118 30 heures
3780 6261 32 27 et
3827 6256 117 38 demie,
3960 6256 32 31 le
4013 6254 169 33 Président
4198 6256 48 27 est

3477 6301 144 32 remonté
3637 6309 41 21 en
3692 6300 138 30 voiture.
3840 6296 193 32 N'oublions
4044 6304 56 31 pas
4109 6294 40 31 de
4163 6294 81 39 dire,

3477 6352 40 20 en
3533 6341 66 31 bon
3612 6339 169 39 historien,
3804 6338 78 41 qu'il
3912 6335 85 31 avait
4012 6334 117 32 lunché
4144 6343 53 21 sur
4212 6333 30 31 le

3477 6391 84 31 coup
3576 6380 40 31 de
3632 6383 112 37 quatre
3758 6379 129 30 heures.

3516 6435 90 31 Vous
3620 6442 104 31 voyez
3738 6431 79 41 qu'il
3841 6430 53 40 n'y
3921 6438 18 21 a
3964 6437 57 32 pas
4046 6428 32 30 là
4107 6426 41 31 de
4169 6424 78 43 quoi

3478 6476 201 40 épouvanter
3704 6472 171 37 beaucoup
3902 6469 48 31 les
3985 6470 184 38 exposants.
4209 6465 38 31 Et

3477 6516 164 39 pourtant,
3654 6517 96 26 tenez
3772 6510 45 38 (le
3834 6509 128 32 comble
3976 6508 44 31 du
4033 6504 214 43 reportage!),

3478 6563 83 22 nous
3575 6562 98 22 avons
3686 6552 135 41 pénétré
3835 6549 78 32 dans
3935 6548 158 40 quelques
4117 6547 130 30 alcôves

3480 6594 40 32 de
3534 6594 139 39 peintre,
3700 6601 40 21 en
3756 6594 84 27 cette
3861 6589 70 31 nuit
3959 6587 132 32 terrible
4120 6587 41 28 de
4189 6585 45 31 l'a-

3478 6633 286 39 vant-vernissage.

3519 6672 163 33 Première
3698 6672 123 31 alcôve.
3837 6671 43 31 Le
3908 6669 125 41 peintre
4057 6667 86 31 dort.
4159 6666 90 31 C'est

3481 6724 43 21 un
3553 6711 193 43 paysagiste.
3763 6711 66 31 Son
3865 6711 83 31 beau
3981 6710 89 28 front
4104 6710 51 27 est
4188 6713 60 32 pur

3481 6763 128 21 comme
3622 6762 45 21 un
3681 6751 60 33 lac.
3758 6751 40 31 Sa
3813 6750 129 32 bouche
3957 6746 221 37 s'entr'ouvre,
4189 6752 58 33 par

3481 6795 148 35 instants,
3647 6802 41 20 en
3703 6802 44 20 un
3761 6793 77 30 rêve
3852 6789 181 33 balbutiant
4048 6797 8 21 :

3575 6833 54 31 Me
3643 6831 139 31 l'ont-ils
3796 6841 90 20 assez
3900 6829 65 31 mal
3985 6828 120 37 fichue,
4128 6835 53 22 ma
4194 6834 37 21 va-

3483 6874 60 31 che
3559 6872 178 35 normande
3746 6872 19 31 ?
3778 6870 56 31 On
3852 6869 73 31 leur
3952 6878 41 22 en
4019 6868 148 32 donnera
4194 6866 54 31 des

3484 6922 128 22 comme
3626 6922 47 28 ça,
3689 6921 83 30 pour
3790 6911 47 31 les
3867 6908 100 35 collet*
3981 6918 40 22 au
4050 6906 193 43 quatrième!

4311 953 164 41 Pourquoi
4507 963 56 31 pas
4578 961 40 22 au
4641 953 139 40 grenier,
4796 954 86 31 alors
4893 954 15 31 ?
4938 954 128 43 N'empê-

4312 996 59 30 che
4388 992 118 43 qu'elle
4537 992 102 32 éteint
4652 997 73 27 tout
4753 993 18 31 à
4785 993 86 38 côté,
4902 998 33 26 et
4964 997 106 31 au-des-

4312 1044 115 22 sous...
4446 1033 53 30 On
4512 1043 78 20 avu
4611 1032 57 31 des
4684 1033 168 31 médailles
4883 1039 203 30 remonter...

4313 1075 27 30 Il
4365 1074 111 31 faudra
4505 1074 77 31 bien
4611 1072 96 40 qu'ils
4729 1083 22 30 y
4786 1074 206 40 reviennent,
5023 1085 61 21 aux

4313 1114 164 40 Ruysdaël
4499 1116 32 27 et
4552 1122 63 21 aux
4629 1113 210 32 Hobbema...

4354 1154 41 31 Le
4413 1154 180 40 paysagiste
4609 1154 115 31 ronfle.

4354 1194 178 30 Deuxième
4546 1193 197 39 alcôve.„Un
4770 1194 210 39 portraitiste.
4998 1195 67 31 Som-

4315 1233 76 32 meil
4407 1233 94 39 agité,
4518 1233 125 32 fébrile.
4657 1233 65 30 Des
4737 1237 96 35 mots,
4851 1244 58 30 par
4922 1235 163 31 saccades.

4407 1273 53 31 Ah
4475 1274 6 30 1
4499 1272 32 31 la
4544 1273 97 38 voici,
4665 1273 31 30 la
4711 1277 158 27 comtesse
4884 1274 6 30 1
4909 1274 69 30 Elle
4998 1285 38 19 va
5052 1285 34 21 se

4313 1315 96 30 mirer
4420 1323 125 21 comme
4560 1323 63 21 une
4638 1312 165 31 allouette.
4818 1312 70 31 Elle
4902 1318 50 26 est
4968 1324 117 21 encore

4315 1363 77 21 avec
4413 1357 91 26 toute
4539 1363 34 20 sa
4599 1352 191 40 compagnie
4826 1352 259 35 d'adorateurs...

4313 1395 90 30 Nous
4420 1394 104 30 allons
4537 1393 110 32 voir...
4664 1393 69 30 Elle
4748 1393 164 40 approché
4928 1403 7 28 ;
4961 1403 45 21 un
5020 1404 65 31 peu

4315 1443 117 31 myope
4446 1443 6 25 ;
4467 1433 54 40 j'ai
4537 1433 59 30 mis
4612 1442 35 30 ça
4663 1433 78 30 dans
4766 1442 59 20 son
4856 1434 122 39 regard.
4996 1434 89 32 C'est

4310 1474 97 39 j01i...
4426 1474 195 30 Ecoutons...
4638 1482 19 19 «
4674 1473 52 30 Ah
4743 1474 6 30 !
4770 1473 137 40 j'espère
4923 1482 64 31 que
5003 1474 78 31 c'est

4313 1513 81 39 moi,
4410 1513 76 31 bien
4502 1513 104 31 moi...
4628 1525 12 14 »
4657 1513 112 30 Bonne
4786 1513 102 39 petite
4903 1518 158 27 comtesse
5074 1515 8 31 !

4313 1564 19 19 «
4348 1552 92 39 Mais,
4456 1563 52 20 ma
4522 1553 109 38 chère,
4642 1561 80 21 vous
4739 1561 78 21 avez
4831 1557 105 26 trente
4951 1564 69 27 ans,
5036 1553 31 31 là-

4313 1593 111 31 dessus
4442 1594 7 30 !
4466 1603 19 20 »
4513 1592 155 31 Imbécile
4683 1593 47 31 !...
4755 1602 19 20 «
4789 1591 90 32 Vous
4905 1592 96 32 1à?...
5030 1593 37 33 Ja-

4313 1633 79 30 mais
4403 1632 79 31 delà
4491 1632 91 31 vie...
4594 1631 53 32 Oh
4658 1632 6 31 1
4678 1642 53 20 ces
4740 1631 148 40 yeux-là,
4896 1632 17 31 à
4920 1633 161 32 vous?...»

4312 1672 131 30 Animal
4459 1674 45 30 !...
4521 1682 19 20 «
4557 1672 37 30 Et
4609 1682 35 20 ce
4659 1682 98 20 nez...
4782 1671 86 39 Non,
4885 1672 79 30 mais
4981 1683 86 31 regar-

4312 1713 223 32 dez-vous!...
4563 1722 19 19 »
4605 1711 107 40 Triple
4728 1711 81 31 buse
4825 1714 47 30 !...
4903 1722 19 19 «
4949 1713 48 30 De
5027 1715 57 39 qui

4313 1755 103 27 est-ce
4429 1752 57 31 ?Il
4501 1754 51 27 n'a
4576 1752 85 30 donc
4682 1752 116 39 jamais
4826 1752 131 40 regardé
4991 1757 92 26 votre

4312 1793 165 32 bouche...
4491 1792 33 30 ni
4537 1801 60 20 vos
4613 1792 139 31 mains...
4770 1788 103 33 niVos
4890 1793 193 38 épaules...»

4352 1833 41 30 Le
4429 1832 195 40 portraitiste
4651 1831 155 31 s'éveille.
4838 1831 143 40 Debout,
5011 1835 71 28 tout

4311 1872 122 32 debout
4448 1881 54 20 sur
4515 1881 59 20 son
4589 1872 47 38 lit,
4654 1871 79 30 l'œil
4747 1871 132 40 hagard,
4896 1871 46 31 les
4964 1872 117 40 poings

4311 1912 119 39 crispés
4443 1922 7 28 ;
4524 1912 81 38 puis,
4618 1911 219 39 s'apercevant
4847 1911 77 30 dans
4935 1911 31 32 la
4975 1912 103 39 glace,

4310 1951 25 32 il
4346 1952 120 35 tombe,
4485 1950 33 32 la
4531 1952 66 30 tête
4609 1950 78 31 dans
4701 1950 48 31 les
4769 1950 158 39 oreillers,
4943 1952 116 39 profon-

4311 1993 144 35 dément,
4468 1991 278 39 désespérément.

4349 2031 176 31 Troisième
4547 2031 124 30 alcôve.
4700 2030 54 31 On
4779 2030 152 31 n'entend
4958 2030 119 43 qu'une

4309 2072 194 41 respiration
4518 2072 115 37 calme,
4656 2070 172 39 heureuse,
4848 2070 77 31 bien
4941 2073 116 39 reposé
5069 2081 8 28 ;

4309 2121 58 31 pas
4380 2121 44 21 un
4437 2113 219 37 mouvement,
4671 2120 56 31 pas
4739 2120 43 21 un
4796 2112 126 39 souffle,
4941 2112 18 28 à
4981 2112 97 39 peine

4309 2161 44 21 un
4368 2160 162 22 murmure
4554 2153 163 28 susurrant
4742 2153 90 27 entre
4861 2152 84 30 deux
4971 2152 104 31 lèvres

4309 2191 126 40 d'ange.

4350 2232 41 31 Le
4414 2239 161 22 murmure
4589 2231 47 30 dit
4650 2231 194 31 doucement
4860 2241 7 20 :

4348 2289 39 19 -r
4403 2270 118 37 Quelle
4537 2270 94 32 veine
4648 2270 120 32 d'avoir
4791 2271 50 32 été
4857 2270 104 32 refusé
4975 2272 6 30 !

4922 2328 110 19 STELLO

4364 2426 227 79 Nos
4664 2420 345 84 Echos

4305 2619 105 35 PETITE
4424 2617 119 35 BOURSE
4553 2617 39 35 DU
4604 2616 67 35 SOIR

4396 2668 58 26 Sis»
4474 2668 105 25 heures

4305 2713 14 26 S
4332 2713 89 32 0/0...
4473 2712 31 24 77
4519 2712 32 25 70
4565 2711 32 25 92

4304 2745 69 31 41/2
4382 2744 45 32 0/0
4457 2744 46 24 108
4524 2744 28 24 37
4567 2743 30 24 46

4305 2774 120 26 Italien..
4475 2784 12 12 »
4599 2784 12 13 »
4643 2793 7 12 ,

4304 2806 118 25 Turc...
4473 2805 46 25 99
4538 2805 28 25 12

4304 2837 33 26 B.
4352 2837 69 26 ott..
4457 2836 46 25 672
4519 2836 28 25 50
4567 2836 46 24 673
4630 2835 31 25 12

4305 2869 50 25 Ch.
4372 2869 54 26 ott,
4461 2868 31 22 46
4507 2867 32 24 46
4553 2867 31 24 25

4304 2900 123 30 Egypte.
4462 2897 45 25 339
4524 2897 31 25 68
4570 2897 46 25 340

4304 2929 120 27 Extér..
4460 2929 28 25 61
4513 2928 58 32 1/16
4587 2928 59 31 S/16

4304 2961 56 26 Rio
4463 2968 12 14 »
4604 2968 11 14 »

4303 2991 125 28 Tunis...
4465 3000 12 14 »
4604 3000 11 13 •

4304 3024 128 25 Panama
4463 3032 12 13 •
4604 3031 9 13 »

4715 2616 117 34 BOURSE
4858 2615 39 35 DE
4917 2615 137 35 LONDRES

4830 2666 118 26 Clôture

4703 2709 163 27 Consolidés
4967 2711 44 25 101
5031 2711 43 32 3/4

4702 2772 100 26 Italien
4815 2772 14 26 5
4844 2772 98 32 0/0....
4995 2773 30 24 55
5041 2772 32 26 45

5013 2804 15 24 9
5042 2805 31 24 01

4704 2836 115 30 Banque
4833 2835 110 31 ottom..
4981 2835 46 22 674
5044 2836 28 22 55

4706 2865 142 32 Espagnol
4863 2865 15 24 4
4891 2864 57 32 0/0.
5001 2865 31 24 60
5042 2865 33 24 95

4704 2896 109 33 Egypte
4831 2896 14 24 6
4861 2896 83 31 0/0...
4981 2896 47 25 339
5044 2896 30 25 85

4706 2959 54 26 Rio
4983 2957 46 25 509
5046 2957 30 25 60

4706 3013 117 32 Sue*..'.
4969 3020 59 25 2085
5047 3020 28 25 40

4377 3129 133 26 PETITE
4528 3126 169 27 GAZETTE
4715 3125 65 26 DES
4800 3119 196 32 ÉTRANGER

4336 3169 193 33 Aujourd'hui,
4547 3170 18 24 à
4587 3168 70 26 trois
4672 3168 99 25 heures
4796 3172 116 19 courses
4936 3167 17 24 à
4982 3165 91 26 Saint-

4310 3202 91 26 Ouen.

4336 3246 103 33 Opéra,
4465 3247 15 24 8
4505 3246 26 24 h.
4609 3243 106 31 Sapho.

4336 3289 144 32 Français,
4493 3289 15 25 8
4525 3291 26 24 h.
4615 3289 21 24 L
4637 3287 182 32 'Etrangère.

4336 3333 248 34 Opéra-Comique,
4611 3333 15 25 7
4657 3333 30 25 h.
4716 3332 56 31 1/2.
4832 3332 37 24 Le
4885 3331 139 25 Portrait.

4304 3366 129 33 Haydée.

4335 3410 194 33 Aujourd'hui,
4552 3407 120 27 seconde
4695 3406 116 33 journée
4826 3406 34 25 do
4883 3406 27 25 la
4931 3406 80 25 vente
5041 3405 32 27 de

4304 3442 91 26 l'abbé
4410 3442 132 25 Roussel.

4335 3484 194 34 Aujourd'hui,
4545 3484 18 25 à
4576 3484 15 25 9
4607 3483 111 31 heures,
4734 3489 35 19 au
4794 3482 93 33 palais
4904 3482 32 26 de
4951 3482 107 26 l'lndus-

4304 3517 61 31 trie,
4382 3516 175 32 vernissage.

4333 3561 100 26 Musée
4448 3561 116 26 Grévin.
4624 3557 157 27 Boulevard
4794 3559 196 24 Montmartre.
5010 3557 39 25 Ex-

4303 3593 123 32 position
4441 3593 32 24 de
4489 3598 133 26 groupes.

4422 3692 48 26 LE
4501 3691 143 26 MONDE
4674 3690 50 26 ET
4754 3689 50 26 LA
4833 3686 125 26 VILLE

4339 3745 96 37 Hier,
4456 3745 229 32 anniversaire
4698 3745 39 31 de
4752 3745 33 30 la
4813 3744 178 31 naissance
5028 3744 39 32 de

4305 3787 33 31 S.
4355 3785 45 32 M.
4417 3785 189 31 Alexandre
4620 3784 44 32 11.

4342 3826 33 31 S.
4398 3826 41 31 A.
4472 3824 33 32 la
4533 3824 170 40 princesse
4728 3823 319 40 Jouriefsky-Dolgo-

4300 3867 111 39 rouky
4424 3874 19 21 a
4457 3865 60 31 fait
4532 3865 145 31 célébrer
4698 3873 46 22 un
4772 3865 162 37 Requiem
4963 3863 19 31 à
5013 3862 41 32 l'é-

4300 3906 85 40 glise
4400 3913 109 24 russe.
4524 3904 74 32 Elle
4611 3904 151 38 assistait
4789 3904 20 31 à
4837 3905 84 30 cette
4949 3902 117 39 pieuse

4302 3944 183 33 cérémonie
4500 3952 79 24 avec
4593 3944 31 32 le
4638 3944 113 40 prince
4780 3943 146 40 Georges
4955 3944 32 31 et
5019 3943 48 33 les

4300 3985 120 38 jeunes
4435 3984 191 39 princesses
4642 3992 56 24 ses
4711 3983 100 32 filles.

4342 4084 52 30 On
4414 4090 85 24 nous
4530 4081 234 40 communique
4791 4081 50 31 les
4869 4080 184 40 procès-ver-

4300 4123 91 31 baux
4406 4122 154 32 suivants
4577 4131 7 20 :
4630 4136 6 7 -

4338 4189 26 27 À
4380 4189 31 27 la
4437 4188 79 28 suite
4544 4188 73 27 d'un
4644 4187 106 28 article
4776 4187 37 27 de
4828 4186 41 30 M.
4897 4185 174 30 Alexandre

4302 4226 100 34 Hepp.
4414 4232 78 28 paru
4507 4224 76 28 dans
4590 4222 31 28 le
4633 4224 133 27 Gaulois
4780 4217 39 34 du
4834 4221 99 28 mardi
4943 4221 37 27 22
4993 4220 78 28 avril

4302 4269 73 20 sous
4391 4258 32 30 la
4437 4260 158 34 signature
4616 4258 181 34 Pontaillac,
4822 4257 43 30 M.
4894 4256 175 30 Blanchard

4302 4297 37 27 de
4357 4297 31 27 la
4398 4294 320 35 Bretesche-Polignac
4734 4300 18 20 a
4761 4292 110 35 chargé
4885 4292 74 28 MM.
4969 4291 99 27 Emile

4302 4331 141 30 Massard
4456 4331 28 27 et
4498 4330 79 28 Paul
4594 4330 106 28 Alexis
4717 4329 35 28 de
4781 4328 165 28 demander
4964 4328 18 26 à
5009 4335 57 20 son

4302 4369 110 27 auteur
4430 4374 60 21 une
4505 4364 175 38 réparation
4694 4371 56 28 par
4761 4364 46 27 les
4819 4370 112 21 armes.

4337 4403 43 27 M.
4396 4401 172 28 Alexandre
4584 4401 89 35 Hepp
4688 4408 19 20 a
4721 4400 59 28 mis
4794 4407 39 21 en
4847 4398 125 35 rapport
4987 4404 76 22 avec

4303 4444 47 21 ces
4367 4437 81 28 deux
4461 4436 165 28 messieurs
4649 4442 48 22 ses
4723 4435 80 27 deux
4832 4434 78 28 amis
4925 4433 141 37 Adolphe

4302 4474 169 28 Tavernier
4483 4474 30 27 ot
4524 4472 99 28 Henri
4636 4470 110 30 Bauer.

4337 4508 58 30 Les
4409 4509 110 34 quatre
4533 4507 131 28 témoins
4682 4514 33 20 se
4734 4508 71 26 sont
4822 4505 105 30 réunis
4941 4505 106 35 aujour-

4302 4544 86 30 d'hui
4401 4544 37 30 28
4450 4541 91 38 avril,
4557 4543 18 27 à
4590 4544 50 28 six
4654 4541 110 30 heures
4778 4541 43 28 du
4835 4540 72 32 soir.
4917 4540 76 28 MM.
5008 4540 41 28 Ta-

4300 4579 123 30 vernier
4437 4580 30 26 et
4480 4579 102 27 Bauer
4604 4579 54 26 ont
4672 4577 80 28 alors
4775 4577 118 28 déclaré
4907 4584 71 28 que,
4990 4576 73 28 bien

4302 4623 59 28 que
4374 4613 128 30 l'article
4513 4613 43 30 du
4569 4613 135 28 Gaulois
4719 4620 39 20 ne
4770 4612 181 28 constituait
4965 4618 66 30 pas,
5044 4611 18 27 à

4300 4651 81 28 leurs
4398 4658 93 28 yeux,
4506 4657 61 20 une
4581 4649 113 28 offense
4709 4656 93 28 grave
4817 4649 30 27 et
4859 4646 204 37 personnelle,

4300 4685 39 30 ils
4354 4685 228 38 remplissaient
4593 4684 45 28 les
4650 4684 170 28 intentions
4835 4683 37 27 de
4886 4683 67 28 leur
4967 4682 93 28 client

4300 4729 39 20 en
4354 4723 158 34 acceptant
4524 4720 32 28 la
4569 4722 161 27 rencontre
4740 4719 115 37 exigée.

4337 4756 43 28 Ils
4404 4759 53 26 ont
4489 4755 171 35 également
4690 4755 137 27 consenti
4859 4754 19 27 à
4907 4753 110 28 laisser
5039 4753 31 28 le

4300 4793 92 28 choix
4417 4792 53 30 des
4496 4799 100 22 armes
4625 4799 63 20 aux
4714 4789 230 40 représentants
4972 4788 38 28 de
5023 4788 43 31 M.

4300 4827 175 30 Blanchard
4489 4827 37 28 de
4539 4827 31 27 la
4584 4825 325 37 Bretesche-Polignac
4919 4832 79 28 pour
5007 4824 47 30 évi-

4300 4866 46 26 ter
4359 4866 85 26 toute
4459 4861 161 30 difficulté.

4335 4898 46 30 De
4394 4898 67 28 leur
4475 4898 76 35 côté,
4564 4897 47 28 les
4625 4897 132 28 témoins
4769 4897 40 28 de
4825 4903 32 22 ce
4872 4896 120 28 dernier
5006 4897 56 27 ont

4300 4933 189 37 revendiqué
4504 4933 28 28 le
4559 4932 91 28 choix
4674 4932 53 28 des
4757 4938 99 21 armes
4883 4938 117 21 comme
5026 4938 44 20 un

4300 4970 90 27 droit.

4333 5004 85 30 D'un
4431 5011 143 22 commun
4590 5003 109 28 accord
4711 5004 72 26 tous
4806 5003 44 27 les
4864 5002 133 28 témoins
5011 5003 54 27 ont

4300 5041 119 27 ensuite
4435 5040 99 28 arrêté
4546 5040 47 28 les
4607 5039 172 30 conditions
4796 5037 159 28 suivantes
4975 5044 6 20 :

4333 5075 46 30 La
4397 5078 159 27 rencontre
4571 5081 76 21 aura
4659 5074 65 28 lieu
4737 5074 19 27 à
4768 5074 93 35 l'épée
4874 5073 39 28 de
4928 5073 133 33 combat,

4299 5113 74 34 gant
4389 5112 35 28 de
4453 5109 74 31 ville
4548 5109 163 34 facultatif,
4726 5108 123 30 demain
4872 5107 38 30 29
4938 5108 91 34 avril,
5044 5108 19 27 à

4299 5147 76 28 trois
4385 5147 111 28 heures
4509 5146 37 27 de
4559 5145 210 37 l'après-midi,
4780 5146 19 26 à
4812 5145 31 27 la
4854 5144 156 30 frontière.

4333 5181 43 30 Le
4394 5183 123 28 combat
4530 5189 117 21 cessera
4659 5180 124 34 lorsque
4802 5179 66 28 l'un
4890 5179 53 28 des
4958 5179 89 28 adver-

4299 5218 94 28 saires
4409 5225 76 20 aura
4498 5217 47 28 été
4556 5218 58 27 mis
4629 5217 77 27 dans
4719 5215 241 37 l'impossibilité
4971 5222 70 21 cons-

4298 5254 81 28 tatée
4393 5261 56 28 par
4461 5252 45 28 les
4522 5254 106 34 quatre
4643 5251 132 28 témoins
4787 5251 37 27 de
4844 5250 30 27 le
4889 5250 171 28 continuer.

4361 5301 92 28 Paris,
4469 5308 32 19 ce
4515 5301 31 25 28
4561 5300 73 26 avril
4649 5300 78 25 1884.

4333 5347 89 28 Pour
4433 5347 44 27 M.
4494 5347 189 27 Alexandre
4697 5344 87 34 Hepp
4798 5353 12 18 :

4298 5392 60 28 AD.
4372 5391 197 28 TAVERNIER.
4586 5389 106 28 HENRI
4707 5388 123 30 BAIJER.

4422 5440 89 27 Pour
4525 5440 44 27 M.
4587 5440 39 26 de
4650 5440 34 26 la
4703 5437 339 35 Bretesche-Polignac
5054 5444 7 22 :

4546 5484 87 28 PAUL
4652 5484 130 28 ALEXIS.
4798 5483 37 28 E.
4850 5480 164 31 MASSARD.

4333 5558 248 32 Conformément
4617 5564 63 21 aux
4716 5556 175 30 conditions
4931 5555 132 32 arrêtées

4298 5596 77 35 hier,
4404 5595 76 28 MM.
4502 5594 172 30 Alexandre
4689 5591 89 38 Hepp
4793 5596 30 25 et
4837 5590 176 32 Blanchard
5024 5590 39 31 de

4297 5631 32 28 la
4339 5629 320 35 Bretesche-Polignac
4674 5636 33 20 se
4719 5629 71 27 sont
4812 5626 176 30 rencontrés
5011 5633 35 22 au-

4294 5667 169 35 jourd'hui,
4479 5665 19 28 à
4511 5666 77 28 trois
4602 5665 122 33 heures,
4737 5663 18 26 à
4768 5662 33 28 la
4814 5662 159 28 frontière.

4333 5702 27 28 A
4374 5702 32 28 la
4419 5701 158 28 deuxième
4591 5700 125 35 reprise,
4730 5698 43 30 M.
4789 5699 38 28 de
4837 5698 32 28 la
4878 5696 180 30 Bretesche-

4297 5738 148 35 Polignac
4459 5745 18 20 a
4491 5744 72 27 reçu
4577 5743 40 21 au
4635 5734 84 28 front
4737 5741 44 20 un
4793 5740 78 28 coup
4887 5733 35 28 de
4941 5732 117 34 pointe.

4298 5773 83 30 Cette
4407 5773 139 27 blessure
4570 5771 51 28 n'a
4646 5778 57 27 pas
4731 5769 46 30 été
4798 5767 91 38 jugée
4903 5767 161 30 suffisante

4298 5816 79 30 pour
4393 5810 113 26 arrêter
4517 5807 27 27 le
4559 5805 133 30 combat.

4333 5844 26 27 A
4370 5844 31 28 la
4415 5842 172 37 cinquième
4600 5841 125 35 reprise,
4736 5839 40 30 M.
4786 5838 174 31 Alexandre
4970 5838 89 35 Hepp

4299 5887 18 21 a
4331 5880 46 28 été
4393 5878 119 34 atteint,
4526 5877 18 28 à
4558 5884 58 21 son
4630 5878 81 32 tour,
4726 5876 73 27 d'un
4813 5883 78 27 coup
4910 5875 54 35 qui
4978 5882 19 21 a
5015 5875 30 26 af-

4298 5916 76 27 fecté
4385 5915 33 27 la
4436 5914 106 35 région
4553 5919 73 22 sous
4639 5910 184 30 maxillaire
4837 5910 109 28 droite.

4333 5950 66 28 Une
4440 5948 193 34 hémorragie
4670 5947 110 28 s'étant
4817 5946 163 37 produite,
5019 5944 45 28 lès

4299 5988 106 34 quatre
4420 5985 144 34 témoins,
4579 5982 87 38 après
4691 5981 86 30 avoir
4804 5981 65 37 pris
4896 5980 90 30 l'avis
5011 5980 56 28 des

4298 6021 165 33 médecins,
4478 6021 54 26 ont
4543 6019 60 28 mis
4618 6019 44 28 fin
4676 6026 41 20 au
4731 6018 130 28 combat.

4333 6057 27 28 A
4385 6057 105 28 l'issue
4519 6054 37 28 de
4583 6053 32 28 la
4635 6053 161 28 rencontre
4819 6052 43 28 M.
4892 6051 175 28 Alexandre

4298 6092 90 37 Hepp
4411 6099 19 20 a
4457 6090 235 37 spontanément
4710 6087 119 30 déclaré
4856 6086 78 37 qu'il
4959 6086 109 28 n'était

4297 6129 113 35 jamais
4431 6126 86 30 entré
4545 6125 77 28 dans
4648 6131 38 20 sa
4710 6124 112 34 pensée
4846 6122 163 30 d'offenser
5031 6120 32 30 la

4299 6165 149 27 comtesse
4457 6162 37 28 de
4508 6162 129 34 Vranas,
4646 6158 84 30 mère
4744 6158 38 28 de
4809 6158 41 28 M.
4879 6158 38 27 de
4939 6157 32 30 la
4994 6157 53 30 Bre-

4299 6198 103 30 tesche
4415 6197 35 30 de
4465 6197 156 35 Poljgnac.

4332 6248 38 26 Ce
4384 6247 30 25 29
4428 6244 73 27 avril
4517 6243 74 26 1884.

4335 6293 90 27 Pour
4439 6291 44 28 AT.
4496 6291 37 27 de
4550 6289 33 28 la
4596 6287 340 34 Bretesche-Polignac
4952 6293 6 21 :

4532 6334 35 28 E.
4581 6334 163 27 MASSARD.
4760 6332 89 28 PAUL
4867 6331 131 30 ALEXIS.

4337 6380 87 28 Pour
4437 6379 45 30 M.
4496 6379 190 28 Alexandre
4703 6377 87 35 Hepp
4807 6384 8 19 :

4482 6424 38 28 A.
4535 6423 196 30 TAVERNIER.
4744 6420 119 30 HENRY
4878 6418 120 32 BAUER.

4342 6487 94 33 Nous
4450 6491 146 26 sommes
4625 6483 77 38 allé,
4724 6482 20 32 à
4769 6481 135 38 minuit,
4931 6480 139 41 prendre

4303 6527 58 33 des
4389 6524 172 34 nouvelles
4589 6523 41 32 de
4644 6523 94 31 notre
4754 6521 162 33 excellent
4932 6520 79 31 ami.
5027 6519 44 32 Sa

4302 6567 154 33 blessure
4482 6565 115 32 n'offre
4618 6561 257 34 heureusement
4890 6568 109 22 aucun
5011 6568 40 24 ca-

4303 6607 128 33 ractère
4443 6605 40 32 de
4496 6601 126 43 gravité
4633 6613 8 28 ;
4659 6601 63 33 elle
4737 6608 87 31 sera,
4848 6607 85 25 nous
4955 6598 99 41 l'espé-

4303 6653 94 32 rons,
4411 6643 248 43 promptement
4669 6640 126 43 guérie.

4345 6751 96 33 Voici
4463 6751 31 33 le
4518 6750 132 33 dernier
4672 6748 144 33 bulletin
4843 6746 44 33 de
4913 6745 94 33 santé
5034 6745 41 33 de

4306 6794 91 33 Mme
4410 6793 34 32 la
4457 6791 172 41 princesse
4643 6787 112 35 Murât
4770 6797 8 22 :

4348 6870 13 18 «
4377 6860 50 33 La
4446 6859 169 40 princesse
4626 6866 22 22 a
4663 6853 145 41 éprouvé
4822 6852 74 37 hier
4928 6860 66 24 une
5022 6849 31 34 lé-

4307 6900 76 39 gère
4406 6898 255 34 recrudescence
4674 6895 43 33 de
4737 6894 99 33 fièvre
4853 6902 11 28 ;
4900 6892 86 32 mais
5017 6899 58 24 au-

296 224 385 38 ARTHUR
742 221 322 39 MEYER

580 276 208 26 Directeur

391 322 53 28 'Du
463 321 150 30 GAULOIS
633 324 32 26 et
684 319 285 31 PARIS-JOURNAL

562 397 241 33 RÉDACTION

352 443 39 25 9,
424 443 78 21 Bon
511 443 33 20 le
554 443 94 19 rari}
674 443 69 20 «le»
771 442 188 22 (talion»,
991 443 22 20 •

487 478 32 17 DE
539 477 70 18 DEUX
628 477 102 18 HEURES
751 478 14 17 A
784 478 93 17 MINUIT

528 550 317 25 ABONNEMENTS

442 593 93 25 Paris
762 592 246 31 Départements

306 639 43 25 Un
365 638 71 25 mois
601 637 19 24 5
639 637 32 21 fr.
704 638 39 21 Un
761 635 69 24 mois
998 635 19 26 6
1032 635 33 25 fir.

306 667 83 27 Trois
404 670 71 25 moi?
583 669 35 25 13
634 667 39 25 50
703 666 79 25 Trois
801 666 69 24 mois
981 666 37 25 16
1036 667 33 24 fr.

308 700 50 24 Si*,
377 707 70 17 mois
583 698 37 25 27
639 697 32 27 f:.
703 705 14 8 ■-
725 697 27 26 is
775 697 70 25 niois
980 697 39 26 32
1037 697 32 25 fr.

311 730 41 26 Un
365 737 38 19 an
582 730 39 25 54
639 730 32 24 fr.
704 730 41 24 Un
759 736 35 17 an
981 729 39 25 64
1038 729 31 24 fr.

609 769 161 31 Etranger

307 804 84 26 Trois
404 806 71 25 mois
488 803 103 32 (Union
605 803 119 32 postale)
985 798 38 28 18
1038 801 31 27 fr.

4256 217 107 40 H.
4423 217 146 40 DE
4633 213 306 48 PÊNE

4402 269 202 28 RddcictÉur
4632 279 38 19 en
4701 272 96 33 Chef

4318 314 41 27 Du
4380 314 149 28 GAULOIS
4547 319 31 26 et
4597 317 283 32 PARIS-JOURNAL

4414 394 394 32 ADMINISTRATION*

4271 435 21 20 t>
4303 448 6 12 ,
4338 436 204 22 Boulevard
4581 438 61 20 de»
4681 428 176 38 Maliens,
4899 441 21 20 »

4367 471 31 15 DIS
4419 463 52 24 MA'
4483 472 98 18 111-XRBS
4603 475 13 13 A
4637 469 64 24 CINQ'
4723 474 105 19 msyuiss,

4221 535 325 35 ABONNEMENTS,
4561 537 171 30 PETITES
4752 536 223 32 ANNONCES

4369 598 8 4 -
4406 585 22 22 Il
4437 585 71 24 UNS
4518 586 35 24 Kl
4563 586 51 24 ON
4625 587 18 24 li
4656 583 135 27 Xï'RNTS
4827 583 2 27 '

4270 620 37 35 9,
4339 621 216 27 boulevard
4591 624 67 26 des
4687 624 185 33 Italiens,
4903 624 19 26 9

4491 706 18 21 A
4518 705 24 22 X
4548 706 21 21 X
4579 706 21 21 O
4609 706 20 22 X
4639 707 7 15 •'
4652 705 2 24 '
4668 707 19 21 K
4695 709 15 19 s

4217 738 97 22 MM.
4333 741 73 21 CXI.
4439 741 275 24 hAGiC-VAtUi,
4737 742 122 21 CISUP
4886 742 28 24 &
4933 742 41 22 G»

4410 768 19 24 t>,
4446 772 79 17 IM.ACK
4545 774 31 14 i).-:
4592 769 28 19 L'A
4642 770 110 22 aotß-Jiî,
4768 770 11 17 0

4328 796 35 22 jEt
4381 795 18 24 à
4419 795 243 24 l'Administration
4685 797 38 21 çlu
4747 794 116 25 Journal
