2130 2874
102 120 54 32 V
190 120 44 32 Op
261 119 210 32 MAANDAG
496 124 56 25 den
578 129 33 19 22
637 125 169 27 November
833 125 84 33 1813,
943 125 44 25 zal
1010 126 39 30 by

71 156 35 25 de
125 152 231 33 ASSOCIATIE
376 167 57 19 van
450 157 268 32 NOTARISSEN,
737 162 30 26 in
787 161 48 25 het
854 157 137 31 Ro.elhuis
1011 167 37 26 op

70 190 37 25 de
124 187 120 30 Carolie
261 193 72 30 Wee,
354 197 30 21 te
404 191 185 30 Groningen,
607 193 119 31 publiek
745 196 122 25 worden
886 193 162 27 verkocht:

69 222 64 26 Een
150 229 84 28 party
252 224 170 28 DIVERSE
443 222 378 34 WINRELGOEDEREN
833 249 8 12 ,
861 230 40 26 als
919 227 111 27 Lakens
1043 247 7 13 ,

67 257 124 33 Bever,
219 259 139 32 Calmuk,
385 259 211 31 Manchester,
621 260 112 31 Baayen
751 282 7 11 ,
784 263 71 33 fyne
886 260 99 30 Paarfe
1013 269 35 18 en

70 291 158 32 gekleurde
255 293 119 28 Chitfen
399 299 38 19 en
463 291 169 35 Catoene.,
660 295 100 27 Paarfe
789 298 72 26 rode
888 302 37 20 en
945 296 109 26 andere

70 325 125 30 Doeken
211 346 9 14 ,
244 327 210 30 Blaauwbont,
480 326 115 28 Hemde
621 330 129 27 Linnens
777 337 35 19 en
840 335 79 20 meer
945 330 106 27 andere

71 361 170 33 goederen,
260 361 48 26 die
326 361 40 25 als
385 360 56 24 «fan
457 360 96 28 zullen
570 364 120 27 worden
710 364 229 34 geprefenteert,

103 426 53 30 V*
189 426 65 26 Aan
274 426 35 27 de
328 426 141 30 Oostkant
485 437 56 20 van
559 433 52 26 der
628 433 41 31 A,
691 424 211 41 byMARGIÉ
919 431 109 28 BOUW-

71 458 136 33 KAMP,
235 467 57 26 zyn
318 461 71 32 puik
411 463 118 30 verfche
563 465 231 32 TEXELSCHE
824 463 170 31 OESTERS
1024 470 30 22 te

70 493 164 32 bekomen,
261 494 50 28 het
340 503 46 21 100
411 504 30 21 te
465 502 170 25 verzenden
663 508 32 26 34
711 500 138 33 Huivers,
876 500 171 33 opgemaakt

73 531 77 21 voor
169 527 33 33 36
217 527 132 31 ftnivers.

103 593 52 35 V
177 598 47 27 De
243 600 115 28 Wedw.
378 602 176 27 HINDRIK
570 602 92 33 JANS
683 604 115 32 STEL,
824 608 30 21 te
874 605 162 25 Paterswol-

71 630 50 32 de,
149 631 159 30 Gemeente
337 635 104 33 Eeide,
476 640 25 22 is
529 644 195 20 voornemens
752 640 72 24 door
849 638 54 25 den
933 638 119 28 Notaris

69 663 61 27 Mr.
148 666 24 33 J.
190 669 227 32 TONCKENS,
437 671 182 27 refiderende
639 677 28 20 te
689 672 221 28 IVestervelde,
931 672 123 33 publiek

67 700 32 25 te
128 699 74 27 doen
228 702 200 33 Verkoopen,
455 712 40 25 op.
509 705 120 32 Vrydag
648 706 54 22 den
728 712 30 25 19
776 706 169 26 November
966 707 64 30 1813
1044 726 7 13 ,

71 731 50 26 des
149 736 242 27 voordemiddat-s
410 743 30 19 te
458 744 93 25 negen
570 744 71 17 uren
654 746 6 15 :
699 738 43 26 PI.
765 739 69 26 min.
853 739 129 26 duizend
998 739 35 27 EI-

70 764 80 28 KEN
169 769 283 28 STAMBO.OMEN
467 789 8 11 ,
490 776 45 19 tot
550 764 110 32 allerlei
670 770 213 28 Timmerwerk
904 772 146 35 gefchikt,

45 801 53 20 *te
116 798 216 33 Paterswolde,
358 803 163 24 Gemeente
539 803 87 25 Eeide
639 822 7 13 ,
672 806 67 26 kort
757 814 51 19 aan
827 808 50 25 het
894 808 102 26 Water
1015 816 37 19 od

44 830 14 35 7
69 830 118 26 Wortel
204 833 123 26 ftaande.
1032 826 19 17 *

155 863 206 28 Westervelde
593 872 26 27 T.
652 873 346 32 TONCKENS.

66 901 57 21 «en
144 904 31 27 13
197 899 169 31 November
387 902 78 34 1813.
717 907 130 32 Notaris,

98 969 53 30 ***
185 971 46 26 De
250 971 73 26 Lee-
337 980 163 27 aanzegger
515 974 105 26 EEDE
638 981 63 19 van
718 981 64 19 der
800 974 139 28 BORGH
956 978 94 26 maakt

70 1007 54 20 aan
142 1006 282 33 zynebegunftigers
444 1009 136 31 bekend,
600 1010 47 24 dat
665 1009 35 32 hy
722 1010 54 25 den
798 1017 9 18 1
831 1010 170 27 November
1024 1012 22 25 is

61 1037 136 26 verhuist
215 1039 44 25 uit
276 1041 34 25 de
331 1042 360 33 Lammehuninge-ftraat
709 1050 67 19 naar
795 1045 35 24 de
852 1045 80 25 Oude
952 1044 67 32 Kyk-

65 1068 241 35 in'tjst-ftraat,
334 1075 64 25 !ett.
424 1075 33 27 E,
487 1071 118 34 no/61,
634 1082 80 21 naast
733 1078 35 24 de
788 1078 149 32 Koopman
957 1078 30 25 B.
1005 1085 41 20 de

59 1102 144 35 JONGE;
237 1107 76 32 blyft
339 1107 97 28 aldaar
459 1108 193 30 continueren
681 1111 30 24 in
739 1111 47 25 het
816 1111 228 26 bedienen'van

65 1136 287 31 LYKSTAATSIES
380 1149 33 19 en
443 1143 146 27 verhurei
618 1152 53 19 van
700 1144 345 32 ROUW-MANTELS.

66 1170 154 30 Verzoekt
236 1175 38 31 by
293 1176 196 33 voortduring
508 1183 86 26 gunst
611 1186 35 19 en
664 1178 255 30 recommandatie.

97 1239 51 30 ***
183 1241 60 27 Een
273 1247 48 21 net
352 1245 228 26 doortimmerde
606 1244 270 34 BEHUIZINGE,
909 1252 58 22 met
991 1250 58 32 vyf

64 1272 151 28 differente
239 1276 189 27 Venrekken
454 1286 35 18 en
515 1285 53 19 een
596 1279 162 26 Bieekveld
784 1281 66 25 daar
868 1281 119 31 achter,
1012 1284 30 26 in

65 1310 35 20 ac
126 1307 81 26 Oude
234 1311 79 28 Kyk-
332 1312 59 24 int
399 1312 44 30 Ja*
452 1325 12 2 -
475 1312 99 27 ftraat.,
600 1312 64 26 lett.
681 1313 39 24 D.
750 1320 48 19 no.
820 1320 65 26 125,
909 1320 30 20 te
958 1315 85 27 Huur

64 1342 102 28 tegens
193 1339 56 25 den
276 1342 109 24 eerften
404 1342 66 25 Mei
488 1343 176 24 aanftaande.
698 1345 44 25 Te
761 1346 146 32 bevragen
927 1349 40 30 by
986 1350 57 25 den

61 1372 155 33 Eigenaar,

98 1436 51 33 V*
180 1437 33 27 K.
233 1437 221 33 HOFKAMP,
474 1436 188 37 woonachtig
679 1444 51 21 aan
749 1437 50 30 het
819 1440 112 30 Groote
950 1442 76 28 Kerk-

63 1472 54 30 hof
141 1478 28 24 te
198 1473 182 33 Groningen,
413 1475 187 31 adverteert,
632 1476 48 26 dat
707 1475 37 34 hy
771 1481 167 30 ontvangen
966 1478 79 30 heeft

63 1515 73 19 eene
155 1513 84 27 party
256 1509 141 26 EXTRA
413 1509 77 27 FYN
510 1509 100 27 VLAS
624 1530 8 13 ,
651 1511 27 26 in
700 1511 244 32 onderfcheidene
956 1514 71 32 foor-

63 1540 67 30 tin;
163 1544 96 26 zynde
285 1550 54 19 van
367 1544 135 25 dezelfde
528 1543 98 33 foort,
654 1545 39 25 als
722 1545 66 31 die,
822 1547 94 26 welke
943 1550 38 30 by
1007 1550 35 26 de

64 1574 268 33 SPINSCHOOL',.
353 1577 136 33 opgerigt
515 1577 73 26 door
613 1578 51 25 het
690 1579 200 31 departement
918 1581 107 26 Gronin-

61 1616 74 24 gen,
163 1609 51 25 der
231 1610 70 26 Ma.
317 1609 123 33 fchappy
459 1613 41 21 tot
519 1611 61 26 Nut
595 1619 57 18 van
667 1612 26 24 'f
705 1613 159 32 Algemeen
876 1633 6 8 ,
909 1616 133 27 bewerkt

67 1642 102 25 wordt.
204 1643 40 30 By
273 1643 161 26 denzelven
456 1644 25 25 is
500 1646 83 25 mede
600 1651 28 20 te
647 1646 145 26 bekomen
811 1646 104 26 ZEER
934 1649 107 27 GOED

60 1674 174 30 VLASSEN
256 1676 135 27 GAREN
407 1685 5 18 :
433 1678 70 26 alle*
521 1684 44 20 tot
582 1680 37 26 de
637 1680 27 26 ci
667 1680 99 26 vieille
787 1687 120 27 pryzen.

97 1741 52 28 *»*
183 1741 48 28 De
249 1741 130 27 LEDEN
398 1750 56 20 van
475 1744 48 26 het
541 1744 311 30 DEPARTEMENT
872 1748 148 28 GRONIN-

65 1773 98 32 GEN,
183 1775 172 27 behorende
372 1783 45 20 tot
437 1780 33 24 de
489 1776 226 34 Maatfchappy,
741 1782 51 26 Tot
810 1781 59 26 Nut
886 1789 56 19 van
970 1806 7 4 .
993 1783 33 26 _V-

52 1815 113 21 .trieen.,
194 1811 118 25 worden
339 1817 124 30 vereop
488 1813 34 25 de
547 1812 326 30 BUITENGEWONE
889 1815 129 30 VERGA-

61 1843 156 27 DERING
247 1844 35 32 by
311 1850 28 20 te
365 1853 126 25 wonen,
517 1846 94 25 welke
632 1853 38 25 op
698 1848 168 26 HEDEN
893 1847 151 38 Dingsdag

64 1879 56 21 den
142 1879 30 24 16
188 1878 190 32 November,
398 1881 46 22 des
463 1880 103 24 avonds
582 1880 115 30 precies
715 1886 28 20 te
761 1889 125 19 zeven
905 1892 89 22 uren,
1013 1885 28 25 in

64 1910 35 25 de
128 1911 122 26 Gouden
278 1912 126 27 Roemer
430 1913 44 26 zal
498 1913 154 33 gehouden
678 1915 137 32 worden,
842 1918 106 25 waarin
971 1920 72 24 door

64 1948 73 19 eene
156 1946 210 33 -Redevoering
384 1948 35 25 de
438 1946 70 26 softe
524 1946 157 33 V.^riaring
702 1950 51 24 der
770 1949 204 34 Maatfchaory
993 1958 33 22 ge-

64 1975 86 24 vierd
175 1983 34 18 en
234 1981 103 25 teveiis
370 1987 52 19 aan
448 1980 183 26 HENDRIK
658 1983 92 25 GIEN
756 1983 106 26 EGER
886 1991 72 19 eene
978 1985 45 25 Me-

65 2007 89 27 daille
170 2013 44 20 ter
233 2011 138 33 verering
385 2020 54 20 van
461 2021 72 19 eene
550 2015 201 32 edelmoedige
771 2017 70 26 daad
859 2019 44 25 zal
921 2020 120 25 worden

63 2041 172 32 -uitgereikt.

400 2079 33 28 ïn
451 2088 79 19 naam
548 2089 59 18 van.
624 2082 48 26 het
690 2083 210 26 Departement
918 2088 125 25 voornd.

544 2115 35 26 fâ.
611 2115 24 33 J.
671 2118 270 35 MULLER,

670 2151 170 27 Secretaris..

98 2213 51 31 ***
167 2215 45 33 Op
228 2213 215 28 ?*ÏAANDAG
461 2215 54 27 den
534 2222 33 20 52
585 2215 170 30 November
774 2226 9 18 I
790 2218 15 26 S
811 2226 43 25 I3,
880 2220 50 26 zat
944 2223 28 25 in
992 2220 51 28 het

64 2245 136 28 Boelhuis
227 2248 27 26 in
282 2251 34 22 de
345 2249 223 33 Pelfter-ftraat,
593 2250 120 34 publiek
739 2255 119 25 worden
880 2256 159 27 verkocht-

64 2277 60 28 Een
151 2283 174 26 BEF'IJIGE
352 2283 224 33 INBOEDEL,,
604 2285 146 26 beftaande
776 2285 27 26 in

206 2316 125 26 Nieuwe
358 2317 159 30 Matrasfç.
537 2335 9 15 ,
580 2319 176 28 Beddenoed
769 2337 8 13 ,
808 2322 32 24 M
847 2322 81 26 ahoni
937 2322 103 27 bonten

65 2346 92 25 ronde
176 2347 102 33 Tafel,
299 2350 60 26 dito
372 2350 187 33 Speeltafels,
578 2352 92 26 Eiken
680 2353 169 32 Trektafel,
868 2357 61 25 dito
943 2359 83 30 Speel-

64 2379 86 41 tafels
162 2386 7 24 ;
189 2382 252 27 IVrahonteivoaten
462 2385 193 31 Werktafels,
673 2386 93 26 Eiken
781 2388 145 34 Kantoor,
946 2391 96 32 fraaye

63 2411 226 32 flast-K-*che(!
309 2424 57 18 met
385 2419 99 32 Koper
511 2425 200 31 gemor-teert,
738 2421 149 27 Porcelein
902 2443 8 11 ,
935 2425 105 27 Er.Mls

63 2456 35 19 en
130 2448 53 24 wit
208 2446 201 32 Aai-cewerk.
437 2452 169 26 allerhande
626 2454 24 25 K
665 2457 146 25 verwerk
829 2463 34 19 en
883 2458 24 25 K
932 2460 92 31 kenge-

60 2479 219 32 reedfehappen
298 2497 7 12 ,
332 2483 111 27 Stoelen
471 2492 58 19 met
556 2493 109 19 zwarte
691 2486 143 35 zittingen
854 2509 7 12 ,
895 2491 60 27 dito
984 2500 58 20 met

37 2516 148 31 /Matten
201 2513 125 33 zitting;
352 2520 33 18 en
412 2518 50 24 het
481 2526 72 22 geen
574 2526 81 20 meer
671 2526 48 19 ten
742 2522 158 34 voorfchyn
922 2526 119 27 -»ebr-gt

60 2551 120 30 wordt,
206 2550 72 24 deze
300 2548 145 33 goederen
465 2557 56 24 zyn
542 2559 28 19 te
589 2552 104 26 be/ien
718 2554 156 38 Za_tëdags
895 2559 144 26 bevorens

61 2584 51 28 sje.s
132 2584 204 28 n.adem.Jö,diies
356 2590 57 21 van
430 2587 77 26 tw§e
508 2600 2 18 ;
526 2590 46 21 tot.
587 2583 156 35 vj*.(u.rsn«

60 2643 45 7 NB
128 2643 44 7 In
194 2643 45 7 de
261 2643 156 7 Zetting
439 2643 66 7 van
528 2643 66 7 het
617 2643 133 7 Ruggen
772 2643 111 7 Brood
906 2643 44 7 en
972 2643 89 7 dot-

97 2662 20 26 N
117 2662 43 26 3.
185 2663 37 25 la.
246 2663 39 27 v'e
309 2663 120 33 Zetting
459 2672 52 18 van
541 2665 47 31 he.t
618 2667 122 33 Roggen
772 2668 89 35 Br.oçd
891 2679 32 18 e..
946 2673 92 27 Koek-
1059 2683 2 6 •

151 2696 89 28 Mse'S
256 2704 53 20 v»»
328 2698 60 25 der-
400 2698 43 31 '1-5-
456 2698 171 28 N-evember
638 2719 7 12 ,
664 2698 30 27 :s'
707 2705 71 28 geen
811 2712 15 8 -■
841 2704 74 27 rah*
948 2715 18 14 :\
980 2713 26 26 g.
1059 2718 2 7 ■

1094 146 8 12 ,
1119 124 52 31 ***
1194 123 105 27 Heden
1324 129 119 27 morgen
1462 123 80 28 cirka
1570 131 12 27 3
1607 131 73 21 uren
1698 125 133 27 verloste
1850 128 139 37 gelukkig
2008 136 59 26 vat*

1087 165 52 19 een
1157 156 222 34 welgefchapen
1397 156 213 38 DOCHTER,
1630 159 96 27 Anna
1744 161 191 35 Nanninga,
1963 164 90 33 gelief-

1087 194 34 24 de
1141 191 111 26 Vrouw
1272 195 52 20 van

1186 223 167 31 Groningen
1574 227 102 35 JAN
1714 228 38 27 K.
1786 227 249 37 KUIPER,

1087 262 57 25 den
1160 266 18 26 §
1193 256 170 27 November
1381 257 79 35 1813.
1522 261 279 35 Logementhouder
1831 269 51 20 aan
1909 263 50 27 het
1983 265 74 28 Witte-

1687 294 198 35 fchote.diep.

1121 350 52 35 *y
1199 348 105 28 Heden
1322 356 58 27 zyn
1397 353 211 30 ondertrouwd
1619 361 8 19 :

1592 389 50 27 W.
1676 387 35 28 G.
1747 387 38 31 W
1801 389 30 25 U
1848 389 21 26 B
1889 389 21 27 B
1929 389 22 28 E
1970 389 28 28 N
2017 390 18 28 S

1156 417 102 28 Bonda
1274 422 35 21 en
1330 417 81 26 Leer
1799 429 37 20 en

1089 455 58 26 den
1173 452 13 26 8
1205 451 176 26 No,vember
1408 452 80 35 1813,
1596 455 37 28 C.
1688 450 386 39 BHOMTSÉM4

1123 510 51 33 ***
1209 509 107 26 Heden
1341 513 94 25 avond
1461 513 132 30 tusfchen
1617 522 20 25 9,
1661 521 34 21 en
1728 522 30 19 10
1774 521 73 21 uren
1865 516 143 26 overleed
2026 522 46 22 toï

1089 550 87 27 myne
1200 543 100 33 innige
1325 542 170 38 droefheid,
1522 556 105 25 mynen
1656 548 126 33 eenigen
1808 556 35 19 en
1867 549 135 33 harteiyk
2021 556 35 26 ge-

1090 579 110 30 liefden
1218 576 129 27 Broeder
1363 576 138 33 DONKO
1522 582 203 26 ZAGEMAN
1746 601 8 13 ,
1780 583 85 25 laatst
1881 582 170 28 Deurnaar-

1090 615 54 22 der
1165 614 32 31 by
1215 613 50 24 het
1283 608 164 30 Tribunaal
1461 620 28 21 te
1509 617 167 32 Groningen
1685 634 8 13 ,
1714 615 27 26 in
1761 617 54 25 den
1837 618 159 25 ouderdom
2015 625 48 21 van-

1090 647 31 32 -78
1135 647 85 33 Jaren
1240 651 37 19 en
1293 650 17 20 2
1329 647 155 33 maanden,
1511 657 35 19 na
1565 656 72 20 eene
1656 650 109 34 hevige
1785 650 208 28 Koortsziekte
2014 659 59 20 vaa

1089 681 100 26 .echts
1209 679 63 26 drie
1291 677 100 32 dagen.
1428 681 83 27 Geve
1535 684 81 33 langs
1646 683 91 27 dezen
1759 690 143 26 gewonen
1930 691 65 27 weg
2011 692 61 20 vaa

1089 716 43 26 dit
1149 720 66 25 myn
1233 711 155 31 fmartelyk
1404 717 109 27 verlies
1532 718 124 31 kennis,
1682 723 51 21 aan
1761 719 56 24 alle
1833 719 51 25 des
1904 718 146 27 Overlede-

1089 757 51 21 nes
1159 755 34 19 en
1214 750 85 28 myne
1319 745 151 31 Vrienden
1489 758 37 20 en
1543 751 174 26 Bekenden.

1174 778 191 32 Groningen..
1624 784 39 30 D.
1697 807 25 4 _
1741 784 30 27 A
1788 784 66 28 GE
1873 784 39 28 M
1928 784 30 31 A
1976 787 45 27 N.

1089 817 54 25 den
1166 823 32 19 10
1218 813 170 30 November
1408 816 76 34 181.3.

1119 876 51 33 »„*
1206 870 105 31 Heden
1337 875 96 26 avond
1459 883 45 20 om
1521 883 17 26 9
1556 883 92 27 uren,
1676 878 143 27 overleed
1837 886 76 21 onze
1931 881 122 33 tederge-

1087 908 89 27 liefde
1204 915 34 19 en
1267 907 220 32 zorgdragende
1520 912 130 27 Moeder
1682 913 176 28 FROUWE
1891 915 148 30 ROELFS
2055 934 11 14 ,

1087 945 113 26 Wedw.
1217 943 26 35 J.
1259 941 47 26 M-
1323 941 157 28 BULTEN
1487 945 26 27 A
1525 964 7 13 ,
1552 945 30 26 in
1603 947 56 25 den
1677 947 161 26 ouderdom
1857 953 54 20 van
1932 948 32 25 80
1978 948 85 33 jaren

1084 984 35 19 en
1147 978 14 25 6
1188 977 139 25 maanden
1346 993 8 13 ,
1391 976 151 30 nalatende
1570 986 94 20 zeven
1690 980 150 26 Kinderen
1860 1000 8 13 ,
1903 983 93 26 welke
2022 984 43 26 dit

1083 1009 156 32 fmertelyk
1264 1010 111 26 verlies
1390 1009 159 31 beweenen
1564 1032 11 13 ,
1600 1013 74 28 doch
1702 1013 30 26 in
1750 1015 50 26 het
1819 1015 76 34 hoge
1915 1016 79 27 Gods
2013 1018 35 26 be-

1082 1045 76 25 fluur
1176 1042 152 28 wenfchen
1348 1049 28 20 te
1395 1043 137 28 berusten
1552 1054 35 18 en
1607 1048 66 25 zich
1689 1049 165 26 verzekert
1871 1048 117 28 hc*uden
2008 1058 57 20 vaa

1082 1080 37 25 de
1137 1078 184 33 deelneming
1341 1078 112 26 hunner
1470 1078 149 28 Vrienden
1639 1088 35 21 en
1694 1081 168 28 Bekenden.

1199 1111 103 26 Pekel-
1305 1111 32 26 A
1521 1114 47 27 W.
1626 1116 24 32 J,
1702 1116 21 30 fi
1755 1116 25 25 U
1808 1116 125 27 LTE
1959 1117 27 26 N
2013 1117 28 28 A
2054 1136 14 15 »

1082 1147 56 25 den
1156 1153 30 19 11
1206 1147 169 27 November
1394 1143 77 34 1813.
1576 1150 84 25 mede
1691 1149 46 25 uit
1772 1156 80 20 naam
1884 1156 58 20 van
1975 1159 87 26 myne

1578 1182 148 28 Broeders
1747 1189 39 20 en
1813 1182 131 28 Zusters.

1113 1238 50 34 ***
1187 1240 105 27 Heden
1318 1246 123 27 morgen
1468 1240 164 34 ontvingen
1654 1248 47 25 wy
1721 1244 34 24 de
1773 1244 143 33 droevige
1936 1246 124 34 tydkig,

1080 1273 50 27 dat
1155 1280 72 20 onze
1254 1280 69 20 zeer
1350 1273 126 33 geliefde
1505 1274 131 26 Broeder
1655 1294 8 12 ,
1689 1277 37 26 de
1753 1279 56 25 wel
1835 1281 167 25 eerwaarde
2022 1287 38 20 en

1081 1315 67 19 zeer
1175 1309 137 31 geleerde
1332 1306 81 27 Heer
1428 1307 72 34 JAN
1524 1309 235 37 BRANTGQM
1779 1311 148 34 CRANS,
1956 1313 87 26 Candi-

1082 1342 72 22 daat
1178 1341 28 21 in
1233 1343 34 21 de
1297 1342 115 30 Heilige
1431 1343 254 30 Godgeleerdheid
1702 1351 34 19 en
1756 1345 162 26 Conrector
1936 1355 60 18 aan
2014 1351 45 22 het

1082 1370 128 22 Zwotech
1231 1371 197 28 Gymnafium,
1443 1378 51 17 aan
1517 1381 73 17 eene
1610 1377 184 27 BorstzJekte
1814 1384 53 20 van
1887 1381 105 26 eeniee
2011 1384 32 22 da-

1082 1404 76 26 gen,
1186 1404 38 25 09
1250 1404 56 19 den
1333 1404 30 19 12
1390 1401 169 25 November
1590 1403 65 32 1.813
1682 1410 30 20 te
1739 1410 79 22 Zwfll
1840 1413 159 28 „verleden
2020 1417 22 25 is

1083 1433 54 26 den
1157 1431 155 30 ouderdom
1333 1437 56 21 van
1408 1431 149 37 38.jaren,
1577 1442 9 21 1
1609 1439 99 27 maand
1728 1444 35 22 en
1786 1448 32 25 15
1835 1442 91 32 dagen
1946 1449 112 25 bereikt

1082 1468 163 27 hebbende.

1115 1505 66 26 Hoe
1206 1511 70 20 zeer
1293 1505 72 26 deze
1384 1505 56 33 flag
1457 1512 51 19 ons
1528 1507 87 33 treft,
1645 1507 112 34 leenigt
1773 1513 136 26 evenwel
1928 1514 48 27 het
1995 1521 65 21 vast

1081 1545 207 25 vertrouwen,
1317 1540 46 24 dat
1382 1546 57 24 zyn
1459 1545 90 20 eerw.
1567 1541 38 32 by
1625 1541 56 26 den
1700 1546 188 31 gezegenden
1906 1547 150 28 Verlosfar

1080 1579 73 24 eene
1179 1573 190 31 ongeltoorde
1395 1571 145 33 zaligheid
1566 1573 123 33 geniet,,
1711 1581 72 21 onze
1804 1577 105 35 fmart,
1933 1587 35 20 en
1991 1584 67 26 doet

1081 1613 51 19 ons
1150 1606 50 26 des
1219 1606 120 25 Heeren
1359 1605 74 26 doen
1454 1606 142 33 billyken.

1111 1639 61 26 Van
1204 1638 43 26 dit
1265 1637 150 34 fterfgeval
1433 1645 50 21 aan
1504 1648 74 18 onze
1596 1639 150 30 vrienden,
1760 1651 35 19 en
1813 1645 155 30 bekenden
1987 1651 52 26 ken-

1078 1672 45 26 nis
1143 1671 152 35 gevende,
1320 1671 113 27 houden
1454 1681 46 24 wy
1520 1682 71 25 ons,
1611 1678 110 24 zonder
1741 1678 123 27 brieven
1884 1688 54 20 van
1957 1690 79 20 rouw-

1080 1708 120 32 beklag,
1221 1710 54 20 van
1297 1707 152 26 derzelver
1469 1708 183 34 deelneming
1674 1713 165 26 verzekert.

1193 1740 167 33 Groningen
1504 1741 39 24 H.
1586 1742 22 26 C
1636 1743 26 25 R
1689 1744 26 25 A
1743 1744 22 25 N
1795 1747 32 31 S,
1848 1748 209 31 Slaismeester.

1080 1775 54 27 den
1156 1780 30 25 13
1205 1773 171 30 November
1395 1772 44 26 181
1447 1778 26 25 j..
1505 1773 74 28 L.E,
1591 1775 149 34 CRANS,
1760 1781 300 32 geb.KAMPHUIS.

1111 1834 50 31 ***
1199 1832 104 27 Heden
1331 1830 142 28 overleed
1504 1838 35 21 na
1565 1841 71 20 eene
1663 1834 106 35 hevige
1795 1838 99 30 ziekte
1922 1850 54 19 van
1996 1845 63 26 drie

1080 1869 91 32 dagen
1196 1873 38 26 op
1254 1867 285 26 hetonverwacatst
1565 1876 83 31 myne
1667 1872 211 31 tedergeliefde
1899 1876 105 28 Zuster
2023 1880 32 26 de

1078 1900 206 33 welgeborene
1311 1900 112 25 Vrouw
1448 1897 194 35 JOHANNA
1667 1904 141 30 MARIA
1828 1906 149 33 JACOBA
1996 1919 60 20 van

1078 1933 227 28 IDDEKINGE
1333 1931 141 26 Weduwe
1504 1935 32 25 C.
1560 1937 43 27 H.
1630 1938 217 27 MOORREES
1873 1941 28 26 ii,
1931 1945 56 26 den
2008 1954 34 20 ou-

1081 1970 119 25 derdom
1226 1974 56 19 van
1306 1969 74 22 ruim
1410 1968 31 25 27
1466 1965 80 33 jaren
1559 1988 8 9 ,
1587 1971 154 26 nalatende
1760 1978 53 20 een
1833 1975 89 34 een'g
1941 1978 118 31 Weekje

1081 2009 53 20 van
1163 2008 17 26 3
1202 2001 102 33 jaren,
1330 1997 47 25 dat
1404 2004 53 25 zyn
1485 2003 109 25 verlies
1612 2011 57 26 nog
1689 2004 61 26 niet
1770 2007 113 34 bezeft;
1910 2010 41 27 dit
1969 2013 91 31 dien©

1081 2043 73 20 voor
1173 2034 216 30 kennisgeving
1404 2037 50 20 aan
1473 2036 150 27 Vrienden
1644 2044 34 19 en
1698 2041 250 28 naastbeftaanden

1200 2068 168 28 Groningen
1505 2069 38 28 A.
1567 2070 24 33 J.
1619 2079 17 19 v
1649 2080 17 17 a
1681 2080 19 18 n
1728 2073 48 27 1D
1791 2076 25 25 D
1830 2076 20 25 E
1863 2076 80 27 KIN
1957 2079 70 27 GE.

1081 2104 59 27 den.
1157 2108 31 27 14
1206 2102 170 26 Noverooer
1396 2098 14 28 i
1410 2098 31 28 8i
1447 2108 28 26 3t

1110 2165 54 28 ***
1196 2163 97 31 Myne
1313 2154 124 39 geliefde
1453 2161 112 35 jongfte
1581 2164 133 30 Dochter
1734 2166 136 33 ANNA,
1891 2169 104 30 wierdt
2011 2179 48 26 my

1080 2199 93 25 heden
1192 2199 73 24 door
1284 2194 52 24 den
1359 2196 73 25 dood
1442 2202 138 30 ontrukt,
1599 2199 28 25 in
1649 2200 53 24 den
1721 2200 157 34 jeugdigen
1899 2206 161 27 ouderdom

1078 2241 54 19 van
1150 2239 30 18 21
1198 2232 86 35 jaren,
1300 2232 33 18 en
1354 2231 90 26 zeven
1466 2232 112 26 weken.
1611 2232 61 26 Een
1694 2235 213 34 kwaadaartige
1918 2238 137 34 Belroos,

1080 2265 125 34 gepaard
1225 2267 57 21 rr.et
1299 2259 103 33 hevige
1421 2265 105 26 Keorts
1539 2284 7 12 ,
1565 2272 77 19 waar
1662 2272 53 20 van
1735 2274 35 24 zy
1789 2271 161 31 aargedaan
1971 2281 73 21 wie.r-

1078 2302 37 26 cie
1128 2320 6 11 ,
1162 2296 107 34 terwyl
1294 2298 35 25 zy
1350 2298 52 22 van
1422 2306 45 27 my
1486 2297 124 35 afwezig
1630 2307 77 25 was,
1734 2308 33 18 en
1787 2302 65 26 zich
1871 2304 117 27 bevord
2010 2313 50 21 ten

1078 2334 98 27 Huize
1195 2337 54 19 van
1270 2328 66 25 haar
1356 2330 193 35 aangthuwde
1566 2334 129 27 Broeder
1715 2342 33 18 en
1769 2336 106 27 Zuster
1902 2343 28 20 te
1957 2341 103 26 Klein-

1082 2368 163 25 Garnwert
1253 2382 7 9 ,
1287 2365 107 25 maakte
1421 2367 93 25 helaas
1543 2375 52 18 een
1622 2368 86 25 einde
1734 2376 52 19 aan
1815 2374 66 25 haar
1910 2379 73 20 voor
2009 2381 50 26 my

1077 2408 57 20 zoo
1154 2400 132 26 dierbaar
1305 2401 34 18 en
1359 2401 66 24 veel
1443 2400 167 28 beduidend
1630 2401 97 28 leve.n.

1110 2435 96 27 Bitter
1233 2439 34 21 ei'
1284 2427 92 33 -innig
1406 2434 139 26 bedroefd
1573 2441 73 19 over
1674 2435 50 26 het
1749 2437 112 26 verlies
1887 2445 86 21 eenes
2000 2448 61 20 zoo,

1081 2469 164 33 waardigen
1273 2463 151 37 dochters,
1452 2470 138 24 bereure
1617 2469 28 25 ik
1665 2469 131 33 harteiyk
1818 2478 61 19 met
1893 2480 84 24 m-yne
1996 2483 63 27 nog

1078 2504 69 25 vj-r
1162 2500 120 32 overige
1303 2498 138 28 kinderen
1462 2503 70 24 haar-
1550 2504 91 28 dood,
1663 2509 40 19 en-
1720 2505 124 25 beo.ie.ie
1865 2513 44 25 my
1931 2515 52 18 van
2006 2511 35 25 de-

1077 2544 71 24 zen,
1178 2541 35 20 bv
1241 2531 229 37 gebruikelyken
1499 2544 85 24 weg,
1611 2543 46 20 om
1683 2538 81 25 zulks
1786 2544 43 19 ter
1848 2539 132 28 kennisfe
2000 2550 61 20 van

1076 2571 60 27 alle.
1160 2575 85 27 n-yne
1271 2567 139 28 vrienden
1440 2576 33 18 en
1501 2571 154 27 bekenden
1684 2576 27 21 te
1737 2571 148 37 brergen,
1905 2580 60 24 rtjet.
1988 2583 56 21 ver-

1077 2604 77 26 zoek
1173 2610 51 19 aan
1245 2602 139 31 dezelve,
1404 2610 45 18 om
1467 2610 46 27 my
1534 2610 31 20 te
1585 2604 98 26 willen
1704 2606 178 28 v.trkhoßen
1903 2614 53 20 van
1976 2610 66 28 brie-

1080 2643 53 20 ven
1154 2644 52 18 van
1227 2635 201 34 rouwbeklag.

1172 2670 84 26 Noor
1258 2670 92 25 ahorn
1539 2670 150 35 ETTJE
1741 2673 319 39 SCHURINIÏA»

1068 2706 65 25 ■den
1154 2712 31 22 14
1204 2705 175 26 November-
1395 2705 74 33 1813.
1581 2706 143 37 Weduwe
1743 2714 60 20 vas»
1825 2708 50 28 M..
1889 2708 174 34 B3î«i_i.A».

1162 32 2 56 2

171 2767 47 27 X.
250 2767 209 35 6w»mi-,zh:.„,
462 2796 13 14 l
502 2785 9 11 ,
572 2778 24 19 e,
640 2769 35 30 vy
715 2784 2 13 :
730 2787 11 6 ..
859 2789 2 2 ,
870 2792 6 12 :
926 2781 13 8 >
939 2774 5 20 :
948 2794 7 5 ,
1003 2773 37 35 ||
1201 2793 20 8 w
1246 2770 154 44 £MA,
1433 2776 38 32 hl
1494 2776 40 31 de
1560 2773 90 34 Gttù-
1680 2780 288 33 -.(XcriKge-Uaaa,
