2575 3999
215 113 117 32 Patrice
343 125 9 27 ;
371 107 80 34 enfin
464 133 7 14 ,
491 107 20 33 il
529 109 78 32 mêlé
621 111 15 28 à
654 118 48 21 ces
718 109 103 31 hautes
833 107 151 43 questions
998 106 210 43 théologiques
1222 130 7 15 ,
1253 107 14 30 à
1285 118 48 20 ces

216 157 106 28 hautes
334 152 201 43 spéculations
544 152 247 40 philosophiques
804 174 7 14 ,
833 154 51 26 des
895 151 157 41 questions
1065 151 163 28 littéraires
1240 169 7 19 ,
1267 150 65 41 plti-

432 194 255 40 grammaticales,
717 193 239 40 étymologiques
969 210 7 18 >
1005 200 58 21 etc.

259 237 25 30 Il
301 237 74 30 n'est
387 248 51 30 pas
452 244 58 20 une
524 237 37 26 de
579 246 47 19 ces
640 236 154 39 questions
810 235 191 35 accessoires,
1018 240 31 24 et
1062 233 57 30 liés
1135 231 197 37 accessoires,

217 283 52 38 qui
295 279 104 31 n'olïre
426 287 58 20 une
510 278 126 30 moisson
653 276 58 28 très
725 275 170 28 abondante
913 276 37 27 de
966 276 209 39 proposition»
1188 274 126 28 extrême-

216 327 85 25 ment
313 317 185 43 singulières,
519 319 57 30 très
588 327 125 32 propres
730 319 15 27 à
762 317 120 30 donner
895 317 27 31 le
934 318 117 38 change
1069 326 35 18 au
1120 317 139 39 critique,
1273 322 30 21 et
1318 314 14 28 à

216 363 30 31 le
262 361 163 31 détourner
441 361 51 27 des
508 361 152 38 questions
676 358 181 41 principales
870 378 7 18 ,
900 369 77 31 pour
992 358 164 28 demander
1173 367 96 19 raison
1285 358 48 28 des

216 404 144 41 opinions
377 402 250 31 extraordinaires
640 400 52 40 qui
706 405 71 24 sont
791 400 74 27 ainsi
881 400 111 28 semées
1009 409 51 19 sur
1076 409 30 18 sa
1121 405 84 21 route
1217 407 117 19 comme

216 456 78 30 pour
308 444 124 40 l'égarer
449 455 7 19 :
472 444 69 28 c'est
554 443 27 30 le
596 442 85 41 piège
699 442 38 28 où
754 443 27 35 je
800 443 60 26 suis
879 441 64 39 déjà
963 439 99 31 tombé
1075 441 13 28 à
1103 441 9 28 1
1127 441 137 28 occasion
1281 441 51 27 des

217 487 81 30 idées
312 485 283 43 pythagoriciennes
613 485 35 26 de
665 483 133 35 l'auteur,
816 493 50 19 sur
874 482 41 30 les
930 483 152 35 nombres,
1095 488 30 24 et
1133 482 185 39 particulière-

216 535 86 22 ment
325 537 50 20 sur
396 526 26 31 le
448 526 125 31 nombre
595 527 85 27 trois.
706 522 59 30 J'ai
784 524 72 28 failli
883 535 18 28 y
921 527 116 26 tomber
1064 533 110 19 encore
1194 533 34 18 en
1244 524 90 27 lisant

216 567 170 32 l'entretien
399 589 7 17 ,
424 578 39 19 ou
478 568 25 28 la
521 568 96 39 parlie
634 567 37 28 de
686 565 168 30 l'entretien
888 575 69 20 avec
973 566 39 30 les
1030 565 123 38 longues
1169 573 84 21 nates
1271 565 60 37 ,où

215 609 131 31 l'auteur
361 609 52 30 fait
429 609 52 28 des
497 611 227 27 raisonneinens
744 617 78 19 assez
843 607 136 38 étranges
1005 617 51 19 sur
1077 608 40 27 les
1140 606 193 40 étymologies

216 653 217 28 extrêmement
448 648 174 39 hasardées;
640 648 89 37 mais,
746 648 69 28 bien
833 650 112 34 averti,
965 650 26 35 je
1006 658 45 19 me
1071 648 76 27 tiens
1162 657 38 19 en
1220 648 110 38 garde;

215 694 28 37 je
260 693 39 30 lui
312 704 80 30 passe
406 715 6 14 ,
443 699 30 21 et
485 703 44 19 ses
543 692 240 34 raisonneinens,
798 696 31 22 et
842 700 45 18 ses
899 690 195 39 étymologies
1110 711 6 14 ,
1133 690 96 28 même
1246 687 71 41 l'é.y-

215 733 132 39 mologie
360 735 38 28 de
402 733 119 39 femme
548 739 150 22 avenante
713 752 7 15 ,
756 731 73 28 dont
846 730 20 30 il
888 733 97 38 paroil
1006 733 25 26 si
1055 736 126 24 content
1195 752 8 14 ,
1234 739 27 20 et
1279 741 52 18 sur

215 775 130 41 laquelle
360 776 21 30 il
396 776 132 30 s'extasie
544 783 116 20 comme
673 772 38 28 de
729 772 26 28 la
772 772 90 28 chose
881 772 26 28 la
926 772 64 39 plus
1005 780 202 32 surprenante
1222 771 73 40 qu'il
1311 783 17 28 y

216 819 40 27 ait
269 828 38 19 au
322 819 129 35 monde,
467 823 31 22 et
508 816 117 39 j'arrive
639 811 80 33 enfin
736 815 15 28 à
767 813 98 38 l'objet
878 813 148 41 principal
1038 817 39 25 du
1095 814 74 28 iivre
1186 813 35 30 de
1238 814 43 28 ni.
1293 814 38 30 de

215 857 141 39 Maistre,
376 866 31 22 et
420 869 56 18 aux
496 856 183 41 principales
698 857 158 38 questions
869 856 71 38 qu'il
952 866 19 31 y
987 866 14 18 a
1023 855 130 30 traitées.

256 900 54 30 Ces
327 902 151 40 questions
496 896 178 43 principales
697 896 89 40 qu'on
809 896 117 28 démêle
947 899 14 26 à
984 904 110 21 travers
1116 906 59 19 une
1195 895 81 30 foule
1292 896 38 28 de

214 943 152 38 questions
387 941 184 35 iucidentes,
600 940 73 28 dont
696 938 144 40 quelques
859 948 90 26 unes,
979 938 20 30 il
1019 937 61 30 faut
1102 937 9 28 1
1123 932 206 43 avouefy'Snt

214 981 71 31 bien
308 984 74 28 aussi
411 984 65 28 leur
498 983 202 38 iinporta-nce,
733 987 69 20 sont
817 989 38 19 au
874 977 125 31 nombre
1022 979 37 28 de
1077 981 91 34 trois,
1205 979 125 28 nombre

213 1024 94 30 favori
321 1023 35 30 de
371 1023 41 30 M.
430 1025 34 27 de
482 1022 131 30 Maistre.
631 1020 41 30 La
686 1028 84 22 vertu
784 1026 44 24 est
841 1022 131 37 toujours
987 1020 228 39 récompensée,
1234 1020 96 28 même

210 1065 78 30 dans
302 1075 34 19 ce
353 1064 128 37 monde,
507 1063 94 30 même
621 1072 50 24 su.r
686 1069 78 22 cette
783 1070 93 28 terre,
901 1063 39 27 où
960 1062 143 40 l'opinion
1123 1071 65 20 coin
1194 1072 46 18 mci
1247 1067 35 24 né
1300 1062 27 31 la

214 1108 76 28 croit
321 1106 224 35 malheureuse,
578 1106 39 27 où
645 1114 41 20 un
713 1104 122 40 préjugé
862 1103 118 38 général
1012 1108 22 24 la
1065 1106 122 37 regarde
1212 1114 117 18 comme

210 1157 130 32 presque
353 1150 137 35 toujours
503 1144 132 32 sacrifiée
647 1156 35 18 au
699 1147 94 27 crime
809 1146 130 28 heureux
956 1150 30 24 et
997 1155 35 19 au
1045 1147 63 26 vice
1123 1144 202 45 triomphant,

210 1196 31 21 et
256 1199 35 19 en
309 1189 96 40 prend
420 1189 136 28 occasion
573 1188 149 28 d'accuser
736 1209 6 13 ,
759 1187 188 39 quelquefois
965 1186 96 31 même
1077 1188 34 27 de
1129 1186 66 31 nier
1211 1188 25 27 la
1253 1185 54 31 Pro-

210 1231 138 30 vidence.
366 1230 157 31 L'homme
536 1235 139 22 vertueux
687 1227 112 30 souffre
813 1239 67 19 sans
894 1230 92 27 doute
1000 1235 30 20 et
1044 1228 131 40 éprouve
1192 1238 57 18 une
1265 1228 51 27 infi-

213 1273 63 27 nité
301 1270 213 40 d'afflictions;
542 1270 72 30 mais
640 1280 33 19 ce
706 1272 72 27 n'est
809 1271 87 38 point
926 1280 117 19 comme
1071 1276 161 31 vertueux,
1258 1270 70 28 c'est

211 1323 118 19 comme
346 1313 139 39 homme;
511 1319 46 27 et,
585 1322 37 19 en
640 1318 78 21 celle
739 1312 133 39 qualité,
898 1311 20 28 il
939 1323 14 17 a
972 1322 40 18 un
1030 1310 110 30 double
1161 1313 66 26 titre
1248 1320 78 31 pour

211 1352 142 40 souffrir,
372 1361 31 24 et
416 1365 37 20 en
470 1354 151 40 expiation
638 1352 35 28 de
690 1363 43 19 ses
746 1364 123 28 propres
887 1352 107 39 fautes;
1016 1363 50 18 car
1081 1354 21 28 il
1116 1354 77 28 n'est
1207 1363 50 28 pas
1273 1352 40 27 tel-

210 1395 113 30 lement
344 1402 141 22 vertueux
507 1394 72 40 qu'il
600 1393 67 31 n'en
687 1402 162 22 commette
865 1395 155 39 beaucoup
1036 1415 8 17 ,
1069 1401 28 22 et
1114 1406 37 18 en
1170 1395 154 39 expiation

210 1435 89 32 d'une
326 1437 79 30 faute
425 1437 124 39 antique
574 1442 30 22 et
630 1436 155 40 primitive
809 1437 52 38 qui
885 1446 14 18 a
919 1446 159 31 corrompu
1104 1444 85 20 notre
1208 1442 116 22 nature.

210 1476 157 32 L'homme
386 1485 43 24 est
444 1489 35 18 en
496 1476 69 31 effet
583 1488 39 18 un
640 1476 64 30 être
719 1475 126 41 dégradé
863 1489 7 18 :
889 1479 66 28 c'est
973 1478 38 30 ici
1025 1476 26 30 la
1068 1478 129 28 seconde
1212 1485 94 32 propo-

208 1520 90 28 sition
314 1521 169 39 principale
500 1520 37 28 de
552 1519 126 30 l'auteur
693 1518 52 30 des
758 1522 115 26 Soirées
882 1531 8 26 ;
908 1519 71 30 c'est
994 1521 26 26 le
1037 1520 107 28 second
1159 1520 115 28 ihneau
1289 1521 37 26 de

210 1567 80 22 cette
305 1561 109 31 chaîne
431 1560 74 41 qu'il
519 1561 105 28 enlace
638 1581 7 14 ,
672 1569 27 19 et
713 1567 129 21 souvent
859 1561 183 28 embarrasse
1058 1561 37 27 de
1114 1566 65 22 tant
1195 1560 129 30 d'autres

206 1600 164 41 chaînons;
386 1602 83 31 enfin
483 1626 7 13 ,
509 1610 27 22 et
554 1602 80 28 voilà
652 1600 27 30 la
698 1600 149 31 troisième
860 1603 185 40 proposition
1059 1625 6 13 ,
1082 1612 37 19 ou
1133 1602 28 28 le
1175 1602 150 31 troisième

208 1652 117 20 anneau
344 1652 8 20 :
367 1643 70 31 c'est
451 1655 53 31 par
521 1644 26 28 la
562 1643 98 40 prière
674 1652 58 31 que
751 1641 138 32 l'homme
905 1643 131 39 dégradé
1054 1654 142 19 recouvre
1214 1650 64 22 tout
1292 1654 33 19 ce

207 1684 73 41 qu'il
295 1696 17 19 a
327 1685 115 40 perdu;
461 1685 72 30 c'est
549 1694 52 31 par
618 1684 26 28 la
660 1684 99 41 prière
777 1693 27 20 et
821 1696 52 28 par
888 1685 40 28 les
943 1684 146 31 sacrifices
1103 1709 6 13 ,
1134 1685 26 28 la
1175 1685 67 40 plus
1260 1687 64 28 vive

206 1733 32 22 et
253 1727 26 28 la
295 1726 65 39 plus
374 1736 74 31 pure
463 1728 37 28 de
514 1731 96 24 toutes
625 1724 41 30 les
679 1727 128 39 prières,
823 1727 26 28 la
862 1727 64 40 plus
935 1724 118 31 efficace
1067 1734 30 22 et
1106 1728 26 28 la
1149 1730 64 35 plus
1225 1728 83 30 solen-

208 1767 83 31 nelle
307 1769 35 28 de
360 1775 91 21 loules
464 1768 41 28 les
522 1768 184 40 expiations,
725 1767 74 39 qu'il
816 1770 195 39 reconquiert
1025 1775 30 21 et
1071 1779 52 20 son
1137 1769 184 37 innocence,

209 1817 30 22 et
254 1819 28 20 sa
299 1817 84 22 vertu
397 1831 6 15 ,
422 1817 30 21 et
467 1820 44 20 ses
524 1809 93 28 droits
633 1808 151 40 primitifs.

246 1863 46 32 M.
309 1864 38 31 de
357 1864 123 31 Maistre
495 1865 138 39 envisage
648 1874 47 19 ces
713 1864 105 31 hautes
833 1871 30 22 et
878 1866 137 39 antiques
1031 1867 151 38 questions
1194 1876 66 19 sous
1273 1867 52 28 des

206 1912 142 34 rapports
360 1913 128 21 souvent
503 1906 58 28 très
579 1906 84 28 neufs
680 1913 30 21 et
728 1907 57 28 très
807 1906 162 39 ingénieux
983 1919 9 26 ;
1022 1907 20 28 il
1058 1915 117 22 montre
1187 1907 72 28 dans
1276 1918 48 19 ces

204 1948 201 40 importantes
418 1946 182 31 discussions
614 1958 58 19 une
686 1948 111 38 grande
814 1948 152 31 fécondité
976 1948 113 31 d'idées
1104 1951 98 28 tantôt
1220 1950 100 30 nobles

204 1996 32 22 et
247 1988 129 39 élevées,
390 1990 97 28 tantôt
497 1988 184 41 spirituelles
697 1995 30 24 et
742 1991 182 39 piquantes;
939 1991 19 28 il
974 2000 18 30 y
1010 1990 110 40 répand
1134 1997 119 22 surtout
1263 2001 61 19 une

203 2031 115 38 grande
331 2031 178 28 abondance
524 2030 38 28 de
575 2031 163 30 senlimens
758 2031 118 32 tendres
891 2037 30 22 et
933 2031 144 37 religieux
1091 2034 50 38 qui
1159 2033 163 40 pénètrent

203 2072 44 32 les
262 2072 97 38 dînes,
378 2072 43 30 les
438 2070 164 39 touchent,
621 2072 39 30 les
674 2072 181 39 émeuvent,
869 2079 27 22 et
912 2074 178 27 entraînent
1102 2076 203 37 peut-étreeii-

204 2122 71 20 core
295 2112 67 40 plus
386 2113 40 30 les
454 2113 105 40 esprits
580 2122 58 31 que
660 2113 43 30 les
729 2115 226 27 raisonneinens
976 2115 35 26 de
1028 2114 144 37 l'auteur,
1191 2117 132 39 quoique

203 2153 150 41 quelques
371 2163 52 20 uns
441 2156 96 27 soient
554 2156 56 27 très
621 2154 109 30 solides
745 2161 31 21 et
789 2156 41 28 les
849 2161 98 22 autres
961 2154 59 30 très
1035 2156 150 40 spécieux.
1208 2156 77 30 Maïs
1299 2158 20 28 il

203 2205 20 31 y
248 2206 15 18 a
285 2194 74 30 dans
374 2200 61 24 tout
451 2194 64 30 cela
530 2196 131 39 quelque
673 2194 91 31 chose
782 2194 126 31 d'exalté
922 2197 76 28 dont
1013 2196 20 28 il
1049 2204 41 22 est
1107 2199 112 39 permis
1234 2199 35 27 de
1291 2209 30 19 se

202 2235 93 31 défier
308 2258 8 14 ,
345 2236 128 40 quelque
490 2235 89 31 chose
594 2237 151 38 d'exage'ré
764 2238 50 39 qui
834 2246 30 20 se
881 2237 51 30 fait
950 2248 171 32 remarquer
1135 2239 97 28 même
1247 2239 73 30 dans

201 2276 45 32 les
262 2277 150 31 meilleurs
424 2277 133 30 endroits
569 2284 28 22 et
611 2278 43 30 les
669 2280 65 39 plus
745 2280 91 30 belles
849 2289 98 30 pages,
961 2280 97 28 inêine
1075 2281 72 30 dans
1160 2281 26 28 la
1202 2282 118 28 célébré

201 2328 78 61 Eage
300 2319 40 28 du
364 2320 151 30 bourreau
536 2321 51 37 qui
609 2330 15 18 a
647 2319 52 31 fait
719 2327 64 24 tant
798 2321 38 30 de
857 2320 78 31 bruit
951 2328 30 22 et
998 2322 131 28 ineritoit
1146 2320 69 31 d'en
1234 2323 85 28 faire,

229 2360 117 30 'auteur
366 2360 45 30 dit
429 2360 154 30 lui-même
601 2361 129 40 quelque
751 2369 66 33 part
830 2372 57 31 que
901 2363 222 39 Lexagération
1136 2370 45 21 est
1195 2363 27 28 le
1235 2375 64 18 men-

201 2412 97 28 songe
311 2402 53 30 des
376 2402 145 30 honnêtes
530 2412 79 30 gens
627 2424 7 15 ,
667 2409 31 22 et
719 2404 19 30 il
761 2409 44 25 est
823 2406 216 28 certainement
1057 2414 39 19 un
1113 2406 57 28 fort
1183 2404 136 32 honnête

200 2441 137 31 homme.
353 2443 22 30 U
393 2453 37 19 ne
445 2443 150 31 dissimule
609 2445 87 39 point
711 2456 52 19 son
778 2444 155 43 penchant
947 2456 76 31 pour
1038 2446 281 41 i'illuminisuiequi

200 2491 46 22 est
259 2484 28 30 le
299 2484 67 41 plus
379 2484 72 31 haut
465 2486 87 40 point
566 2485 37 30 de
617 2486 213 39 l'exagération
842 2493 27 22 et
883 2487 38 28 de
935 2487 195 30 l'exaltation.

242 2539 44 28 Le
295 2539 162 41 plusgrave
465 2541 51 30 des
533 2541 231 32 interlocuteurs
777 2544 73 28 dans
862 2555 46 19 ces
921 2543 184 37 Entreliens,
1123 2544 26 30 le
1162 2545 154 38 sénateur,

200 2580 66 39 fait,
278 2593 37 19 en
325 2582 81 37 effet,
424 2593 58 19 une
494 2593 161 31 pompeuse
666 2585 137 39 apologie
823 2587 34 27 de
869 2585 215 31 l'illuminisme
1100 2585 87 40 porté
1204 2597 35 19 au
1253 2585 65 41 plus

197 2621 76 30 haut
288 2624 90 38 degré
392 2634 56 30 que
462 2624 60 28 l'on
537 2626 97 39 puisse
648 2626 162 38 imaginer,
827 2627 84 30 telles
925 2639 57 28 que
997 2627 41 31 les
1055 2636 71 20 vues
1139 2627 37 28 de
1189 2628 123 30 l'avenir

197 2663 46 30 les
253 2665 190 31 révélations.
456 2665 41 30 Le
513 2674 109 28 comte,
640 2669 50 38 qui
706 2676 44 20 est
767 2667 44 30 M.
828 2669 37 27 de
882 2669 120 28 MaisLre
1018 2669 168 37 lui-même,
1201 2670 118 27 combat

197 2705 59 31 àla
273 2705 93 31 vérité
379 2706 27 30 le
420 2707 136 28 sénateur
569 2730 7 13 ,
605 2711 74 27 mais
705 2709 196 39 foibleinent,
924 2719 30 21 et
979 2721 38 19 en
1044 2709 119 30 homme
1182 2713 50 37 qui
1251 2718 72 22 veut

197 2746 66 30 être
279 2748 106 28 vaincu
398 2758 53 31 par
467 2748 182 40 l'apologiste
666 2751 37 28 de
719 2759 78 22 cette
820 2752 120 40 étrange
967 2753 141 28 doctrine
1123 2774 6 14 ,
1153 2753 17 27 à
1189 2753 130 39 laquelle

198 2786 149 33 d'ailleurs
361 2787 22 31 il
399 2790 67 37 fait,
487 2790 98 30 même
601 2802 39 19 en
657 2792 26 28 la
699 2794 206 37 combattant,
921 2793 165 39 d'étranges
1107 2794 189 28 concessions
1311 2806 8 26 ;

197 2828 163 34 lui-même
378 2831 20 30 il
412 2832 71 28 loue
498 2833 40 27 les
553 2833 146 30 écrivains
713 2833 41 31 les
771 2835 63 40 plus
842 2835 115 31 décriés
972 2846 52 30 par
1036 2846 48 18 ces
1098 2842 222 32 extravagantes

197 2870 161 38 chimères,
371 2878 30 22 et
412 2874 87 38 puise
510 2872 52 30 des
573 2884 157 28 argumens
741 2877 74 28 dans
828 2877 27 28 le
869 2877 165 37 galimatias
1045 2878 35 28 de
1090 2876 228 38 Saint-Martin,

195 2919 37 22 «t
242 2911 41 31 les
298 2911 130 32 rêveries
442 2914 39 30 de
582 2914 111 43 Guyon
722 2917 73 40 qu'il
817 2919 184 30 affectionne
1019 2919 300 40 particulièrement;

197 2959 33 25 «t
244 2954 31 37 je
288 2955 59 28 suis
358 2956 145 39 persuadé
519 2957 90 39 qu'un
621 2957 48 30 des
680 2957 67 40 plus
764 2961 131 37 puissans
911 2960 99 30 motifs
1024 2961 35 28 de
1071 2970 30 19 sa
1116 2960 203 40 prédilection

198 3004 77 32 pour
289 2994 149 40 Fénélon,
455 2996 52 30 fait
523 3007 76 31 pour
611 2999 63 30 être
689 3001 78 30 aimé
777 3002 17 27 à
810 3009 65 21 tant
888 3002 126 28 d'autres
1026 3002 83 28 titres
1120 3008 30 21 et
1159 3002 65 40 plus
1231 3002 93 40 justes

197 3043 33 22 «t
247 3035 66 41 plus
327 3038 154 38 glorieux,
504 3046 44 22 est
560 3039 28 28 le
602 3041 152 40 penchant
770 3044 51 38 qui
842 3043 162 31 l'entraîna
1024 3043 14 28 à
1059 3044 53 30 des
1136 3043 80 30 idées
1243 3053 58 30 mys-

200 3077 100 40 tiques
317 3080 259 38 qui-troublèrent
600 3091 44 20 ses
665 3083 67 40 plus
758 3084 90 31 belles
872 3085 120 28 années.
1007 3083 38 31 El
1063 3085 124 30 n'esl-c#
1199 3094 51 31 pas
1266 3094 58 19 une

201 3119 92 30 chose
308 3120 91 39 digne
415 3120 37 28 de
464 3132 158 28 remarque
638 3130 28 21 eL
683 3133 58 19 une
767 3126 51 28 des
836 3136 125 31 preuves
991 3132 67 34 trop
1082 3126 183 40 multipliées
1286 3126 38 28 de

201 3159 267 41 linconsëquence
484 3164 51 28 des
549 3163 137 31 hommes
697 3172 28 22 et
739 3167 51 30 des
800 3168 106 40 esprits
919 3168 96 28 même
1032 3168 39 28 les
1084 3169 64 39 plus
1156 3167 168 39 distingués

203 3211 59 31 que
275 3201 40 31 M.
333 3203 27 28 le
372 3210 99 22 comte
484 3204 37 28 de
531 3204 123 31 Maistre
666 3228 7 14 ,
691 3208 51 39 qui
751 3219 17 18 a
782 3209 141 40 composé
934 3209 72 28 trois
1022 3219 66 28 gros
1103 3208 132 30 volumes
1248 3219 77 31 pour

202 3253 133 31 prouver
360 3244 215 31 l'infaillibilité
595 3247 41 28 du
661 3247 96 41 Pape,
761 3248 41 41 Jet
822 3250 207 38 gourmander
1049 3250 116 39 l'Eglise
1179 3249 146 39 gallicane

204 3285 53 39 qui
278 3295 37 19 ne
334 3288 159 28 reconnoît
507 3288 84 39 point
607 3294 78 24 celte
702 3289 214 38 infaillibilité,
933 3298 118 24 montre
1072 3299 61 22 tant
1149 3291 133 31 d'attrait
1294 3298 31 24 et

206 3327 38 28 de
255 3326 72 39 goût
339 3337 77 32 pour
428 3328 51 30 des
490 3328 90 31 livres
592 3330 184 32 condamnés
787 3343 53 31 par
853 3333 27 28 le
898 3331 79 43 Pape
986 3332 13 30 ?

249 3381 98 35 Quant
360 3393 38 18 au
415 3381 74 31 fond
504 3383 37 31 de
556 3384 26 30 la
601 3385 137 30 doctrine
759 3387 35 28 de
817 3387 43 30 M.
882 3387 39 30 de
947 3387 141 37 Maistre,
1116 3397 51 19 sur
1192 3387 28 28 la
1247 3398 59 30 pre-

208 3424 96 28 mière
324 3424 51 30 des
400 3425 71 28 trois
495 3425 123 39 grandes
633 3433 31 21 et
679 3428 178 43 principales
873 3430 155 38 questions
1043 3429 73 39 qu'il
1133 3430 84 28 traite
1232 3424 5 46 ,
1254 3431 28 35 je
1297 3429 27 30 le

208 3465 78 28 crois
298 3471 69 34 trop
380 3465 161 31 tranchant
556 3472 31 24 et
601 3474 67 34 trop
681 3468 103 31 absolu
800 3480 50 19 sur
863 3470 109 30 l'ordre
990 3471 37 28 de
1054 3472 27 27 la
1111 3469 188 32 Providence
1315 3493 7 15 ,

211 3506 51 39 qui
282 3513 106 22 restera
405 3509 135 35 toujours
553 3519 35 19 en
607 3509 112 38 grande
733 3511 98 40 partie
853 3511 79 30 voilé
951 3522 52 18 aux
1015 3521 78 31 yeux
1109 3511 51 30 des
1175 3511 145 30 hommes.

211 3543 77 33 C'est
304 3557 67 19 sans
387 3548 91 31 doute
497 3559 39 19 un
549 3550 124 39 préjugé
690 3553 159 38 populaire
865 3554 35 28 de
914 3555 98 28 croire
1026 3563 38 19 au
1089 3552 137 32 bonheur
1239 3563 70 19 cons-

214 3594 61 22 tant
301 3589 41 28 du
363 3588 157 41 méchant,
542 3601 37 19 au
605 3592 133 31 malheur
758 3594 38 28 de
822 3593 144 31 l'homme
989 3602 159 33 vertueux;
1166 3601 30 21 et
1215 3594 43 30 M.
1286 3596 38 27 de

213 3628 126 31 Maistre
352 3632 119 30 combat
485 3633 93 30 tantôt
593 3634 244 40 éloquemment,
854 3635 93 28 tantôt
965 3635 223 40 plaisamment,
1213 3643 28 22 et
1260 3644 47 24 tou-

211 3672 84 35 jours
321 3671 265 33 victorieusement
608 3685 33 18 ce
665 3676 122 39 préjugé
811 3677 72 30 dans
905 3687 33 19 ce
957 3676 72 40 qu'il
1045 3689 13 17 a
1077 3676 154 31 d'absurde
1245 3685 30 21 et
1287 3678 37 30 de

215 3718 70 34 trop
296 3712 133 39 général.
448 3713 73 31 Mais
536 3716 83 30 est-il
631 3717 60 28 vrai
709 3719 96 34 aussi,
819 3728 118 19 comme
948 3719 20 27 il
979 3717 136 30 l'aifirine
1128 3729 69 19 avec
1208 3726 65 21 tant
1289 3720 37 27 de

217 3752 149 38 hauteur,
385 3765 60 30 que
461 3762 83 24 toute
559 3757 105 35 justice
685 3757 216 41 s'accomplisse
924 3770 51 19 sur
999 3767 77 21 celte
1103 3767 77 22 terre
1194 3783 7 14 ,
1220 3767 30 22 et
1266 3771 59 28 que

216 3795 100 30 même
332 3796 52 28 dès
397 3803 78 24 cette
490 3798 46 27 vie
556 3797 141 32 l'homme
719 3801 58 30 soit
802 3802 132 37 toujours
951 3802 87 28 traité
1061 3802 120 30 suivant
1193 3811 52 20 son
1264 3802 43 30 mé-

219 3836 86 28 rite?
322 3835 45 31 Ne
386 3837 169 31 détruit-on
575 3850 70 30 pas,
667 3850 39 20 en
730 3842 184 30 embrassant
927 3853 33 18 ce
974 3843 126 39 système
1113 3865 7 15 ,
1142 3853 40 19 un
1195 3844 50 28 des
1257 3844 69 40 plus

217 3878 137 40 puiuans
367 3889 159 31 argumeus
539 3891 38 22 en
589 3881 104 32 faveur
706 3882 71 32 d'un
793 3885 90 30 ordre
895 3885 116 32 e'iernei
1025 3887 72 38 qui,
1117 3885 158 32 suacédaut
1291 3895 37 20 au

1407 109 141 31 désordre
1563 105 38 34 de
1616 116 77 24 celte
1706 110 46 27 vie
1767 109 128 39 fugitive
1910 113 31 24 et
1956 106 129 38 bornée,
2101 117 38 19 en
2156 107 138 41 réparera
2309 109 40 31 tes
2361 111 154 39 injustice»
2556 136 9 5 -

1407 152 167 40 passagères
1587 163 52 28 par
1654 162 57 19 une
1726 150 182 30 immortelle
1922 150 104 38 justice
2039 148 14 28 ?

1448 193 41 30 M.
1507 195 37 27 de
1559 194 120 28 IVlaistre
1698 194 105 35 rejette
1819 198 46 22 cet
1879 196 176 34 argument,
2070 190 73 28 niais
2158 189 44 30 les
2218 189 133 33 hommes
2375 195 142 40 religieux
2556 198 11 13 r

1407 234 30 28 le
1456 235 201 28 retiendront.
1682 234 158 28 D'ailleurs
1856 235 27 26 le
1897 233 149 40 spectacle
2059 233 39 27 du
2113 233 63 28 vice
2192 237 66 34 trop
2270 242 125 22 souvent
2411 240 105 28 triom-
2558 255 11 14 «.

1408 274 113 40 pliant,
1548 281 30 24 et
1606 275 34 28 de
1665 275 27 28 la
1722 281 83 22 vertu
1831 281 67 33 trop
1915 280 125 22 souvent
2056 274 174 39 persécutée
2246 281 27 20 et
2290 276 206 33 malheureuse
2509 299 7 20 ,

1409 317 104 40 frappe
1530 326 65 31 trop
1610 322 64 22 tous
1687 317 41 30 les
1743 326 78 31 yeux
1837 339 6 13 ,
1857 326 78 31 pour
1946 314 72 39 qu'il
2033 317 57 27 soit
2101 313 128 40 po'ssible
2244 325 56 28 que
2313 317 41 31 les
2366 328 156 31 arguinens

1407 358 40 28 les
1465 359 66 39 plus
1546 358 104 30 subtils
1662 357 89 41 qu'on
1765 366 106 31 pourra
1887 365 129 20 entasser
2033 365 73 20 nous
2121 354 104 30 fassent
2239 358 64 27 voir
2316 359 30 30 le
2360 365 161 28 contraire,

1407 398 137 31 Voltaire
1570 410 14 18 a
1603 399 71 28 écrit
1694 409 58 18 une
1772 398 129 28 Histoire
1922 398 139 39 générale
2078 398 38 26 du
2139 397 130 39 Monde,
2288 398 39 28 où
2343 402 19 30 il
2379 411 30 20 se
2421 404 72 40 plaît
2509 407 13 27 à

1407 442 156 38 présenter
1581 446 47 24 cet
1645 439 113 30 éternel
1772 446 30 21 et
1813 439 136 30 désolant
1963 439 125 30 labieau.
2101 437 25 30 Il
2139 446 15 20 a
2166 448 35 19 eu
2217 449 38 18 en
2267 441 64 28 cela
2347 443 74 30 deux
2434 452 72 24 torts
2516 458 6 18 :

1407 482 27 27 le
1450 483 142 39 premier,
1610 482 111 27 d'avoir
1737 481 120 38 exagéré
1876 481 14 27 à
1906 480 102 41 plaisir
2024 487 76 22 cette
2118 481 84 28 triste
2217 482 96 27 vérité
2326 495 9 27 ;
2353 483 26 30 le
2393 489 109 27 second
2515 509 7 17 ,

1408 522 35 28 de
1460 523 105 28 l'avoir
1579 522 124 39 exagéré
1719 522 73 30 dans
1809 522 37 27 de
1863 524 159 26 mauvaises
2042 522 164 27 intentions
2220 533 8 27 ;
2245 523 71 28 mais
2329 546 6 14 ,
2357 526 197 41 renferine\f

1407 565 73 28 dans
1505 567 39 27 de
1557 566 91 37 justes
1663 565 109 28 bornes
1785 586 7 14 ,
1820 568 31 22 et
1869 568 149 24 soutenue
2033 565 74 26 dans
2130 562 128 31 d'autres
2276 565 152 43 desseins,
2493 570 28 32 la
2528 572 18 5 ~

1407 606 78 27 crois
1501 613 66 21 tout
1583 606 14 27 à
1610 606 26 28 la
1652 605 54 28 fois
1722 607 79 26 vraie
1818 626 6 13 ,
1844 605 110 28 morale
1971 613 28 20 et
2013 605 167 37 religieuse.

1448 645 131 41 Puisque
1599 646 47 39 j'ai
1674 647 119 27 nommé
1809 645 151 38 Voltaire,
1982 652 30 22 et
2027 656 58 30 que
2098 646 26 37 je
2137 647 58 27 suis
2209 645 98 40 obligé
2321 647 38 31 de
2374 659 148 32 renvoyé*

1407 687 13 28 à
1440 698 38 19 un
1492 689 111 30 second
1624 685 102 32 article
1740 687 40 30 les
1796 694 98 21 autres
1911 686 181 40 principales
2106 689 152 37 questions
2271 690 34 27 de
2317 698 46 21 cet
2378 700 142 31 ouvrage,

1407 731 26 34 je
1449 730 154 40 profiterai
1624 729 37 28 du
1676 739 57 30 peu
1752 729 133 40 d'espace
1909 731 50 38 qui
1983 739 46 18 me
2053 735 76 22 reste
2152 737 76 31 pour
2251 730 63 28 dire
2337 743 38 18 un
2399 742 60 20 mat
2480 737 40 27 du

1407 771 151 38 jugement
1572 770 86 39 qu'en
1676 776 86 33 porte
1778 770 40 28 M.
1834 770 35 27 de
1886 770 138 39 Maislrç;
2043 770 20 28 il
2081 776 43 21 est
2137 770 216 32 extrêmement
2369 776 106 28 acerbe
2490 784 32 21 et

1406 814 150 38 empreint
1570 814 18 25 d
1602 822 58 18 une
1672 811 98 28 colère
1787 813 51 39 qui
1863 810 151 31 décrédile
2039 819 133 30 toujours
2193 822 37 18 un
2250 815 164 35 jugement.
2433 816 26 30 11
2473 827 48 21 ma

1406 854 111 28 semble
1533 853 71 39 qu'il
1625 859 43 22 est
1696 859 105 22 autant
1825 852 90 30 d'une
1939 854 99 27 bonne
2067 853 148 40 politique
2235 865 58 28 que
2319 855 154 32 conforme
2484 869 38 18 au

1407 896 73 37 goût
1495 902 30 21 et
1540 895 56 28 àla
1613 894 106 38 justice
1733 915 6 15 ,
1760 894 38 28 de
1813 895 146 27 convenir
1974 894 35 28 de
2021 900 63 22 tout
2096 894 131 39 l'esprit,
2242 895 37 28 de
2294 902 65 24 tout
2373 896 28 30 le
2530 894 43 39 5

1406 937 37 27 de
1455 940 64 25 tout
1530 934 176 39 l'agrément
1723 935 89 39 qu'on
1828 941 99 22 trouve
1941 937 72 28 dans
2029 935 43 28 les
2087 937 76 27 bons
2180 946 139 30 ouvrages
2333 939 37 28 de
2378 938 144 34 Voltaire.
2539 947 33 22 r~

1404 976 35 30 Je
1456 978 113 27 déteste
1587 977 145 39 quelque»
1755 986 60 21 tins
1833 976 37 30 de
1896 985 46 20 ces
1964 977 132 28 mauvais
2124 985 162 32 ouvrages;
2313 978 48 39 j'ai
2386 981 76 39 pitié
2486 984 38 27 de

1404 1019 145 38 quelques
1576 1024 97 21 autres
1683 1028 11 26 ;
1721 1017 47 38 j'ai
1791 1018 161 40 beaucoup
1968 1018 103 28 étudié
2085 1028 53 18 son
2157 1019 148 30 caractère
2317 1044 7 13 ,
2352 1028 31 22 et
2398 1023 73 30 dans
2492 1035 31 20 sa
2564 1023 8 7 ~

1404 1069 107 39 propre
1528 1059 265 38 correspondance
1811 1064 28 22 et
1857 1057 74 31 dans
1950 1065 96 22 toutes
2062 1059 40 28 les
2120 1058 136 31 histoires
2271 1063 89 37 qu'au
2380 1074 37 18 eu
2432 1076 15 18 a
2463 1076 39 30 pu-

1404 1098 109 38 bliées,
1532 1106 188 22 notamment
1733 1101 72 27 dans
1820 1100 76 28 celle
1912 1110 58 30 qne
1988 1102 83 26 vient
2086 1102 38 26 de
2138 1109 106 21 mettre
2261 1111 37 19 au
2314 1103 66 39 jour
2398 1104 43 30 M.
2460 1107 43 30 Ma-

1403 1150 87 26 zure,
1512 1141 308 40 inspecteur-général
1846 1142 35 26 de
1906 1141 9 27 1
1932 1141 169 30 Université
2115 1141 63 40 (i),
2199 1149 28 21 et
2245 1153 151 21 rarement
2420 1148 28 37 je
2473 1148 50 28 l'ai
2555 1150 14 19 *

1404 1181 452 38 trouvéestimable.Toutefois,
1863 1183 27 37 je
1904 1194 37 17 ne
1952 1183 138 28 voudrois
2104 1194 52 28 pas
2170 1185 98 39 parler
2278 1186 38 28 du
2329 1188 89 30 rictus
2428 1189 76 39 épou-

1402 1222 138 30 vantable
1557 1225 35 27 de
1604 1222 149 37 Voltaire,
1774 1233 117 19 comme
1905 1226 24 26 si
1946 1226 26 35 je
1990 1226 107 38 parlois
2115 1226 17 26 d
2148 1234 57 19 une
2229 1226 67 28 béte
2309 1226 117 40 féroce;
2440 1239 28 27 je
2483 1240 37 19 ne

1403 1265 141 28 voudrois
1552 1274 52 31 pas
1613 1265 145 40 l'appeler
1767 1265 26 28 le
1801 1265 123 28 dernier
1932 1266 51 28 des
1991 1267 132 27 hommes
2131 1269 91 38 après
2229 1278 78 19 ceux
2313 1280 52 28 yui
2370 1271 150 40 l'aiment,

1403 1307 30 26 ni
1462 1306 64 28 dire
1554 1305 73 40 qu'il
1661 1306 155 39 m'inspire
1844 1317 58 19 une
1929 1317 79 19 sor.e
2035 1309 37 27 de
2095 1318 74 28 rage
2183 1330 6 15 ,
2206 1310 128 39 dussc-je
2352 1311 124 31 adoucir
2493 1315 28 30 le

1402 1354 63 22 mot
1492 1357 53 30 par
1572 1346 157 41 l'épilhète
1759 1349 34 27 de
1817 1350 118 33 sainte,
1964 1357 91 32 parce
2073 1349 73 40 qn'il
2172 1350 48 39 n'y
2244 1361 14 18 a
2274 1354 87 35 point
2375 1354 38 27 de
2427 1356 97 28 sainte
2557 1372 9 4 -

1402 1396 79 31 rage.
1501 1389 54 28 Ces
1578 1389 146 28 violentes
1748 1388 143 31 formules
1907 1397 67 21 sont
1996 1400 38 19 un
2050 1401 56 30 peu
2127 1396 66 34 trop
2215 1390 162 32 familières
2391 1395 15 27 à
2424 1395 44 30 M.
2485 1397 38 28 de

1400 1428 123 31 Maistre
1534 1442 9 26 ;
1572 1429 20 30 il
1609 1430 65 35 dit,
1694 1440 37 19 en
1744 1430 91 30 citant
1848 1441 38 19 un
1905 1441 119 30 passage
2037 1435 35 25 de
2088 1430 159 32 Condillac
2264 1444 7 18 :
2294 1447 13 14 «
2321 1436 77 27 C'est
2415 1448 41 18 un
2469 1439 53 30 des
2557 1442 7 20 <

1398 1473 86 30 traits
1498 1472 46 28 les
1557 1473 71 38 plus
1641 1473 111 27 odieux
1763 1473 37 27 de
1812 1479 45 21 cet
1873 1474 110 27 odieux
1994 1475 148 27 écrivain.
2157 1487 13 14 »
2189 1474 161 31 Condillac
2363 1487 37 18 un
2413 1479 110 30 odieux

1400 1512 130 30 écrivain
1541 1513 7 27 !
1573 1511 44 30 Ne
1629 1514 137 27 seroii-ce
1781 1524 52 30 pas
1848 1524 78 19 assez
1941 1514 37 28 de
1990 1515 64 28 dire
2067 1514 74 39 qu'il
2154 1521 44 22 est
2215 1526 39 18 un
2268 1519 136 27 mauvais
2421 1518 98 41 philo-
2557 1535 9 21 r

1400 1552 117 40 sophe?
1546 1553 43 30 M.
1615 1554 37 27 de
1676 1553 123 31 Maistre
1824 1561 120 33 attaque
1965 1565 73 20 avec
2056 1556 28 30 la
2108 1556 96 30 même
2219 1557 137 31 violence
2376 1559 98 31 Bacon
2490 1569 32 22 es

1400 1593 119 40 Locke;
1550 1597 74 27 mais
1639 1596 28 37 je
1683 1598 63 26 vois
1762 1617 6 15 ,
1793 1605 67 19 sans
1876 1597 152 40 beaucoup
2046 1598 34 27 de
2098 1605 94 32 regret
2209 1620 7 15 ,
2245 1599 72 39 qu'il
2331 1610 38 19 ne
2380 1611 48 20 me
2441 1611 77 24 reste

1400 1636 65 40 plus
1482 1637 136 39 d'espace
1629 1646 78 30 pour
1723 1637 41 30 les
1782 1637 156 30 défendre.
2331 1642 38 31 A.

1435 1728 41 35 (i)
1494 1728 46 26 Dn
1553 1727 57 28 vol.
1741 1729 60 27 Prix
1817 1722 5 46 :
1838 1729 15 27 5
1870 1729 50 33 IV.,
1935 1736 27 20 et
1976 1729 17 27 6
2007 1729 35 28 fr.
2056 1730 35 27 5o
2107 1741 24 17 c.
2146 1741 48 26 par
2213 1731 26 26 la
2255 1739 85 30 poste.
2537 1722 5 46 !
2561 1726 12 39 ?

1434 1766 26 26 A
1475 1763 73 26 Paris
1561 1782 8 14 ,
1593 1765 65 27 chez
1672 1768 37 24 A.
1727 1767 117 35 Eyinsry
1860 1787 6 11 ,
1894 1775 50 18 rue
1959 1767 154 34 Mazarine,
2131 1775 32 19 n°
2177 1768 34 27 5o
2224 1778 7 22 ;

1435 1801 76 26 Chez
1522 1800 27 27 le
1560 1801 154 33 JNorraaut,
1733 1809 48 19 rue
1795 1802 34 27 de
1843 1801 80 28 Seine
1935 1822 9 13 ,
1968 1808 26 20 eL
2010 1802 67 27 ckez
2101 1805 32 26 N.
2151 1804 126 37 Pichard,
2298 1806 64 37 quai
2376 1805 35 30 de
2426 1807 90 28 Conti,
2564 1826 8 15 t

1641 1879 180 28 LOTERIE
1843 1879 159 30 ROYALE
2026 1880 53 28 DE
2101 1879 172 34 FRANCE.

2565 1920 7 14 A

1681 1938 38 5 T.
1827 1936 31 7 J..
1877 1935 8 8 I
2011 1937 19 6 J
2140 1935 5 8 ■
2174 1939 15 4 ■1
2196 1938 9 5 /
2224 1942 7 1 .

1681 1942 115 33 Tirage
1820 1942 39 22 de
1874 1942 86 24 LYON
1976 1958 7 15 ,
2007 1942 43 24 du
2074 1945 38 30 29
2124 1942 120 35 juillet.

1694 2001 37 20 12
1820 1990 25 45 I
1870 1990 25 45 3
1943 1991 37 30 58
2067 1993 37 38 89
2190 1996 50 39 57.

1642 2081 94 19 COURS
1752 2081 39 20 DE
1811 2083 33 17 LA
1863 2083 122 19 BOURSE.
2065 2078 48 26 Du
2130 2074 34 30 3i
2178 2075 115 34 juillet.

1398 2124 79 40 Cinq
1493 2135 30 30 p.
1541 2132 71 21 cent
1629 2135 84 20 cons.
1724 2127 31 30 J.
1775 2128 40 28 du
1830 2135 35 19 22
1877 2139 79 20 mars
1977 2128 197 31 1821.—851
2189 2140 58 30 90c
2259 2131 59 39 95c
2331 2131 57 31 86f
2396 2132 58 31 85f
2465 2133 57 39 95e

1441 2177 57 28 90c
1512 2166 57 30 85f
1577 2167 58 30 85c
1646 2178 57 28 90c
1716 2169 57 30 85c
1791 2171 57 27 80c

1397 2206 35 30 R.
1450 2210 38 27 de
1502 2209 54 39 liq.
1571 2218 38 19 au
1620 2220 30 30 p.
1667 2211 32 26 J.
1715 2211 41 27 du
1770 2219 37 18 32
1822 2220 90 19 mars.
1935 2211 89 32 1821.
2039 2212 57 40 97F
2107 2211 57 39 40c
2177 2212 58 38 45c
2249 2212 58 37 4oc
2319 2213 59 38 45c
2389 2215 56 31 soc
2460 2216 59 37 45e

1397 2249 151 30 Annuités
1565 2250 17 27 à
1594 2250 19 35 4
1624 2262 30 28 p.
1671 2252 52 38 0/0
1737 2262 70 20 avec
1824 2254 109 39 prime.
1954 2252 67 30 to3f
2034 2264 57 27 goc
2109 2254 72 37 io/,f
2197 2255 138 40 toSfgbc
2354 2256 84 37 io4f.

1397 2291 66 28 Act.
1476 2293 38 28 de
1530 2291 26 28 la
1569 2291 33 27 B.
1616 2296 38 25 de
1663 2291 34 30 F.
1714 2294 31 28 J.
1756 2294 40 28 du
1815 2303 7 19 i
1832 2301 24 11 cr
1867 2296 66 35 juil.
1955 2296 89 27 1821.
2063 2296 92 28 15a5f

1396 2333 69 30 Obi.
1480 2334 38 28 de
1532 2333 28 30 la
1576 2334 73 30 ville
1663 2335 37 28 de
1717 2335 94 30 Paris.
1833 2335 31 28 J.
1889 2336 40 28 du
1950 2347 8 17 i
1967 2342 22 13 er
2001 2336 79 40 juiil.
2106 2337 89 31 1821.
2269 2339 96 37 t245f

1431 2913 162 35 Répertoire
1606 2915 21 24 à
1639 2915 109 33 l'usage
1760 2916 47 25 des
1819 2915 175 33 Négocions,
2011 2923 35 19 ou
2063 2915 96 27 Traité
2173 2916 48 27 des
2235 2916 169 37 principales
2417 2917 83 37 opéra-

1395 2948 71 27 tions
1479 2949 35 26 de
1530 2949 24 26 la
1569 2949 112 37 Banque
1691 2948 5 41 -
1714 2961 51 26 par
1776 2953 37 25 A.
1830 2953 107 25 Miuon.
1957 2952 152 27 Deuxième
2122 2953 124 34 ,édiljon,
2261 2961 84 20 revue
2357 2974 7 14 ,
2388 2955 129 34 corrigée

1394 2991 25 22 et
1429 2986 172 35 augmentée.
1619 2987 67 26 Prix
1706 2998 6 14 :
1726 2995 15 19 2
1754 2986 33 28 fr.
1801 2994 44 26 ,et
1859 2998 15 18 2
1889 2987 34 27 fr.
1938 2987 34 27 26
1989 2996 25 18 c.
2028 2996 52 26 par
2092 2987 25 27 la
2132 2995 84 28 poste.
2246 2986 5 38 '

1430 3022 26 25 A
1470 3021 90 34 Paris,
1576 3024 66 25 chez
1656 3021 141 33 l'Auteur,
1817 3033 50 17 rue
1881 3025 85 27 Pavée
1980 3024 353 37 Saint-André-des-Arts,
2347 3032 33 21 n*
2395 3027 48 34 iBj

1729 3110 235 31 SPECTACLES
1984 3113 51 26 DU
2057 3123 9 17 I
2072 3120 25 12 €R
2109 3116 79 26 août,

1821 3169 125 20 THEATRE
1967 3170 144 30 FRANÇAIS.

1431 3197 44 26 La
1489 3197 77 26 Mère
1577 3197 86 26 rivale
1676 3217 6 13 ,
1701 3200 30 22 la
1753 3200 198 26 Mèlrornariic.

1646 3234 129 26 THÉÂTRE
1793 3242 91 19 ROYAL
1903 3243 38 18 DE
1959 3234 118 28 L'OPÉRA
2081 3243 151 26 -COMIQUE.

1431 3268 38 27 Le
1483 3269 97 27 Traité
1591 3272 69 30 nul,
1685 3270 115 26 Emma.

1742 3314 106 19 SECOND
1867 3315 128 19 THEATRE
2017 3317 144 28 FRANÇAIS.

1430 3344 115 34 Tartufe
1556 3363 7 12 ,
1591 3345 24 24 le
1628 3344 51 26 Jeu
1693 3345 33 24 de
1737 3344 131 26 VAmour
1881 3350 25 20 et
1920 3347 37 24 du
1972 3345 126 26 Hasard.

1762 3379 128 26 THÉÂTRE
1907 3389 37 19 DU
1964 3390 184 19 VAUDEVILLE.

1426 3416 117 32 Ninon,
1563 3415 118 27 Molière
1693 3420 25 20 et
1733 3417 130 35 Tartufe,
1878 3418 30 25 la
1922 3418 80 25 Nina
2014 3422 33 21 de
2062 3420 28 22 la
2104 3420 59 24 Hue
2177 3417 149 33 Vivienne,
2346 3418 44 27 M.
2404 3419 105 30 Biaise-,

1781 3461 128 19 GYMNASE
1928 3462 193 25 DRAMATIQUE.

1429 3488 39 26 LA
1488 3491 26 21 I'*
1517 3495 11 12 E
1540 3487 33 27 DE
1586 3489 30 26 la
1633 3488 85 27 Vente
1733 3494 79 30 après
1826 3490 87 26 Décès
1924 3511 6 9 t
1946 3493 46 24 Un
2004 3494 50 24 Jeu
2068 3495 32 22 de
2114 3493 120 31 Bourse,
2254 3494 22 25 le
2290 3493 137 26 Parrain,

1773 3526 129 28 THÉÂTRE
1919 3535 50 19 DES
1988 3534 139 20 VARIETES.

1429 3561 37 26 Le
1478 3560 85 26 Paris
1580 3563 33 22 de
1631 3561 81 26 Sures
1714 3572 47 21 ne,
1779 3565 24 24 le
1818 3565 81 24 Valet
1912 3567 34 22 de
1959 3566 96 25 Penne
2068 3585 6 11 ,
2091 3565 129 33 VElude,
2236 3567 38 25 les
2285 3567 136 34 Goujons.

1766 3599 129 27 THÉÂTRE
1913 3608 37 18 DE
1969 3608 34 18 LA
2022 3601 112 26 GAIETÉ.

1429 3633 37 25 Le
1483 3633 85 26 Mont
1587 3633 129 34 Sauvage
1729 3654 7 14 ,
1756 3638 37 22 les
1808 3637 97 28 /loses.

1821 3679 256 27 AMBIGU-COMIQUE.

1428 3705 128 27 Frédéric
1570 3706 56 25 duc
1642 3710 33 21 de
1689 3707 102 26 Nevers
1835 3710 162 35 Rodolphe*

1664 3750 126 19 THEATRE
1808 3752 35 18 DE
1863 3754 32 18 LA
1913 3755 87 19 PORTE
2019 3756 211 20 SAINT-MARTIN.

1426 3780 38 26 Le
1478 3778 136 26 Solitaire
1625 3797 6 14 ,
1655 3781 39 24 les
1707 3780 131 28 Ermites.

1770 3824 150 20 PANORAMA
1939 3828 191 25 DRAMATIQUE.

1427 3856 44 25 DI.
1491 3854 158 26 Boulevard
1664 3872 7 12 ,
1698 3854 28 24 la
1742 3854 79 26 Prise
1838 3857 33 22 de
1892 3856 86 34 Corps
1993 3876 6 12 ,
2015 3859 56 34 Sjd
2072 3859 78 26 ortie*

1389 3892 154 27 PANORAMA
1563 3895 19 19 D
1591 3887 135 30 ATHÈNES
1737 3908 7 17 ,
1767 3893 83 26 Boul,
1870 3893 47 26 des
1932 3895 159 32 Capucines.
2108 3895 22 27 Il
2145 3901 40 24 est
2198 3893 94 33 visible
2303 3901 60 24 tous
2374 3896 41 30 les
2427 3899 85 35 jouas.

1344 48 28 47 4

1826 2391 268 34 ANNONCES.

1808 2443 133 34 Musique
1956 2446 32 24 de
2003 2444 105 26 Piano.

1433 2492 52 26 Ma
1492 2492 65 35 foi,
1569 2493 58 25 cela
1633 2492 155 33 m'ennuie,
1802 2491 118 37 bollero,
1932 2504 8 17 i
1954 2493 18 27 f.
1984 2492 66 30 soc.
2059 2496 27 27 Il
2093 2500 39 21 est
2138 2496 27 26 si
2172 2498 78 24 doux
2259 2498 130 33 d'aimer,
2399 2503 25 21 et
2434 2496 83 28 d'être

1394 2529 77 26 aimé
1482 2548 6 14 ,
1513 2537 129 19 romance
1656 2529 14 26 à
1691 2529 73 26 deux
1785 2529 64 27 voix
1861 2549 7 15 ,
1891 2541 9 15 i
1928 2529 35 28 fr.
1985 2529 34 28 5o
2037 2542 24 17 c.
2078 2533 51 25 Les
2143 2535 45 24 Ah
2197 2533 8 25 !
2219 2535 38 25 ah
2271 2535 7 25 !
2293 2533 202 28 chansonnette
2506 2555 9 14 ,

1401 2575 8 17 i
1423 2563 33 27 fr.
1472 2564 34 27 5o
1521 2575 24 17 c.
1561 2565 38 25 La
1615 2564 126 37 musique
1755 2565 34 26 de
1802 2575 43 19 ces
1861 2565 66 27 trois
1943 2575 148 19 morceaux
2107 2575 40 19 est
2158 2568 35 27 de
2207 2569 38 26 M.
2259 2570 35 26 A.
2310 2569 35 27 de
2360 2569 154 38 Beauplan.

1397 2602 35 25 Le
1448 2601 128 26 Paladin
1587 2620 6 13 ,
1606 2601 106 35 paroles
1724 2603 32 25 de
1767 2602 38 26 M.
1821 2602 32 25 L.
1870 2602 111 27 Gutirin
1994 2622 7 15 ,
2017 2603 126 37 musique
2159 2606 34 27 de
2206 2607 39 26 M.
2258 2606 183 34 Lesch'allier,
2458 2615 9 18 1
2480 2606 35 28 fr.

1397 2636 34 30 5o
1455 2646 25 19 c.
1504 2639 93 25 Prière
1613 2648 13 17 a
1646 2639 72 25 deux
1740 2637 63 27 voix
1817 2657 6 14 ,
1846 2647 70 26 pour
1932 2639 27 27 S.
1978 2640 34 26 A.
2030 2640 40 27 R.
2085 2641 26 25 91
2113 2646 20 13 m
2135 2647 11 12 «
2165 2640 25 27 la
2205 2641 136 28 duchesse
2363 2643 35 26 de
2412 2642 102 37 Berry,

1393 2673 110 38 paroles
1515 2670 66 30 d'A.
1593 2673 81 27 Jadin
1685 2692 6 14 ,
1707 2673 86 37 garde
1807 2675 37 25 du
1859 2683 79 28 corps
1954 2675 33 27 de
2002 2676 149 28 MONSIEUR
2161 2698 6 13 ,
2181 2678 126 37 musique
2321 2680 34 25 de
2369 2681 33 24 L.
2414 2679 81 26 Jadiu
2506 2698 9 17 ,

1398 2721 9 17 i
1424 2709 34 27 fr.
1474 2709 34 27 5o
1520 2719 22 19 c.
1560 2712 35 25 Le
1611 2712 132 26 Solitaire
1756 2732 7 12 ,
1776 2709 111 37 paroles
1900 2712 35 26 de
1949 2712 38 26 91.
2004 2709 206 41 d'ArliucoUrt,
2230 2715 124 35 musique
2367 2715 33 26 de
2415 2717 25 26 M
2444 2722 32 12 ,u,!
2490 2714 26 28 la

1395 2746 167 28 vicomtesse
1580 2745 210 33 d'Arlincourt,
1817 2757 8 15 i
1845 2747 34 26 il'.
1894 2747 34 27 5o
1945 2757 24 18 c.
1989 2750 100 26 Colette
2106 2756 24 21 et
2146 2750 90 27 Lutin
2248 2770 6 7 .
2268 2757 135 21 nocturne
2414 2752 13 25 à
2441 2751 66 28 deux-

1397 2791 79 25 voix,
1493 2783 107 35 paroles
1615 2783 33 26 de
1663 2785 38 24 M.
1717 2783 79 27 G***
1809 2803 6 13 ,
1833 2783 128 38 musique
1978 2784 34 26 de
2026 2786 38 25 91.
2081 2785 131 27 Edouard
2225 2805 7 15 ,
2252 2796 12 18 r
2280 2786 37 27 fr.
2331 2786 45 27 50.

1431 2819 22 26 G
1457 2818 51 27 liez
1521 2819 152 33 Gaveaux,
1695 2829 51 18 rue
1765 2820 132 35 Feydeau
1911 2841 7 14 ,
1932 2826 31 20 u»
1972 2819 35 35 24
2017 2841 8 15 >
2050 2826 26 21 et
2176 2823 80 28 Jauet
2271 2829 27 21 et
2313 2822 109 30 Gutelle
2434 2843 6 15 ,
2460 2833 52 19 rue

1395 2855 222 33 Saiut-Houoré,
1636 2862 41 20 n°.
1698 2855 60 28 ius.
