2596 3993
174 41 210 37 ■ERCREDÏ

2156 22 17 14 jà
2229 17 1 20 '

2189 41 18 40 t

2156 83 17 18 fcv'
2200 93 11 14 ~
2231 83 1 25 ..

2156 104 77 17 ïvVWw

503 209 560 124 AQURNAL
1156 203 227 93 DES
1485 183 446 110 DÉBATS

484 333 632 96 Iâjft.OIITIQÏÏES
1153 359 87 50 ET
1279 345 522 66 LITTÉRAIRES,

1013 589 18 12 -

498 635 266 32 ALLEMAGNE.

354 694 117 28 Vienne
495 693 12 40 (
523 693 144 30 Autriche
684 694 13 39 )
710 715 7 15 ,
737 702 33 19 21
791 692 110 37 juillet.

84 745 4 37 ■
100 745 216 28 L'Observateur
327 749 159 25 autrichien
500 746 89 35 publie
604 746 38 28 les
657 746 107 28 articles
780 746 129 27 suivans:

104 794 13 13 «
138 784 50 26 Les
203 782 94 28 lettres
321 783 32 27 de
376 783 244 38 Constaufmople,
644 785 37 26 du
745 783 76 35 juin,
837 781 164 27 confirment
1016 780 24 26 la
1055 777 126 30 nouvelle

66 817 33 27 de
112 819 104 28 l'échec
229 820 124 34 éprouvé
367 828 51 26 par
432 819 22 26 la
471 820 116 27 division
601 820 37 27 de
652 819 25 27 la
693 820 74 26 flotte
785 826 98 28 turque
896 817 158 27 stationnée
1069 815 116 28 dan&les

64 865 117 26 parages
194 855 33 26 de
242 853 146 38 Mitylène.
404 855 60 28 Elle
483 857 66 26 étoit
569 857 145 33 composée
737 856 33 26 de
795 854 230 28 deux-vaisseaux
1041 852 34 27 de
1091 853 71 35 ligne
1175 870 7 15 ,

65 891 67 27 trois
144 891 133 38 frégates,
293 891 66 27 trois
377 891 92 28 bricks
490 899 25 21 et
537 892 138 37 plusieurs
694 891 136 28 bâtimens
847 891 69 27 d'uri
931 891 85 26 ordre
1039 889 143 27 inférieur.

64 926 45 28 Un
122 927 124 28 vaisseau
261 926 34 27 de
308 927 86 35 ligne,
411 928 45 35 qui
474 930 74 26 avoit
560 928 53 37 jeté
627 927 103 28 l'ancre
752 928 102 26 devant
867 925 25 28 le
907 935 52 26 cap
980 922 124 31 Colonna
1116 944 7 13 ,
1143 922 41 28 fut

64 965 113 34 attaqué
193 981 8 15 ,
220 961 24 27 le
268 965 14 25 8
302 963 80 37 juin,
398 973 50 27 par
462 964 138 35 plusieurs
614 964 132 27 bâtimens
759 972 78 27 grecs
855 963 135 35 insurgés.
1015 961 37 27 Le
1072 961 112 27 combat

64 999 69 26 dura
145 1004 78 22 toute
233 998 25 28 la
273 999 120 34 journée
403 1009 7 18 :
425 1003 72 25 enfin
510 1000 37 27 les
557 1000 90 27 Grecs
659 999 150 28 réussirent
817 1000 13 26 à
847 998 39 28 lui
898 997 124 30 attacher
1032 1006 35 17 un
1082 996 100 35 brûlot,

63 1041 30 21 et
106 1033 105 28 bientôt
223 1036 81 37 après
322 1035 25 27 le
360 1036 113 27 Colosse
487 1042 73 22 sauta
575 1046 34 17 en
626 1036 69 28 l'air.
712 1036 37 26 Le
761 1035 196 28 commandant
970 1033 34 26 de
1019 1033 22 26 la
1062 1033 120 27 division

63 1070 113 37 rappela
188 1070 73 28 alors
275 1070 39 28 les
327 1078 94 20 autres
436 1072 148 34 bâtimens,
602 1080 43 26 et,
660 1071 143 37 poursuivi
820 1082 50 26 par
882 1071 39 27 les
937 1070 122 35 insurgés
1070 1069 5 39 ,
1094 1069 17 26 il
1128 1069 54 37 prit

61 1115 58 19 une
132 1106 130 28 nouvelle
275 1107 131 35 position,
424 1117 63 18 sous
501 1108 24 28 la
540 1109 155 35 protection
711 1109 47 26 des
771 1107 130 28 batteries
919 1107 47 27 des
992 1106 189 27 Dardanelles.

61 1143 46 27 On
128 1142 141 28 Iravailloit
288 1152 69 19 avec
369 1143 109 27 activité
490 1146 13 25 à
516 1144 125 26 l'arsenal
656 1144 34 26 de
705 1143 229 35 Coristaniinople
957 1152 73 28 pour
1043 1141 139 28 renforcer

60 1178 28 28 la
104 1178 76 27 flotte
191 1183 142 22 ottomane
346 1180 33 27 de
393 1180 137 37 plusieurs
546 1180 141 30 vaisseaux
699 1189 56 27 que
770 1180 53 27 Ton
837 1181 99 35 équipe
953 1191 13 15 a
981 1180 21 25 la
1018 1173 72 32 hâte.

102 1226 12 14 »
137 1217 51 25 Les
202 1214 145 28 nouvelles
365 1225 54 27 que
436 1217 53 26 l'on
504 1217 84 38 reçoit
601 1217 48 26 des
664 1217 145 38 provinces
824 1227 33 15 ne
872 1222 63 20 sont
950 1225 47 26 pas
1022 1214 63 35 plus
1109 1214 59 27 favo-

60 1248 102 30 rables.
177 1251 44 27 De
233 1250 141 30 nouvelles
386 1251 157 38 explosions
570 1252 35 27 de
627 1252 103 37 l'esprit
751 1252 229 35 d'insurrection,
997 1251 83 27 d'uno
1097 1256 60 31 part
1173 1270 7 14 ,

61 1292 27 22 et
100 1286 51 28 des
164 1286 98 28 scènes
282 1286 155 37 sanglantes
459 1289 35 26 de
517 1298 155 26 vengeance
696 1290 33 27 de
749 1289 94 27 l'autre
855 1309 6 13 ,
875 1294 63 20 sont
954 1285 227 30 constainment'à

61 1320 103 30 l'ordre
177 1322 39 27 du
229 1324 74 35 jour.
320 1324 37 26 La
370 1323 63 30 ville
445 1333 119 27 grecque
586 1325 15 26 d
605 1325 133 35 'Aiwaty,
764 1325 85 27 située
865 1325 13 25 à
892 1333 54 26 peu
965 1324 33 27 de
1012 1323 122 27 distance
1148 1322 33 26 de

63 1358 119 37 Smyrne
194 1380 7 12 ,
219 1367 14 18 a
248 1359 40 26 été
308 1359 201 27 dernièrement
529 1359 26 30 le
574 1359 105 30 théâtre
704 1362 80 26 d'une
809 1359 118 28 réaction
957 1357 115 30 terrible
1094 1359 35 26 de
1149 1367 33 19 ce

61 1402 97 30 genre.
188 1389 51 33 Les
262 1394 56 30 hab
328 1401 74 31 tans,
422 1396 130 28 enhardis
567 1406 50 27 par
621 1397 184 41 J'apparition
831 1398 33 25 de
888 1396 136 37 quelques
1042 1396 139 27 vaisseaux

63 1430 50 27 des
128 1429 89 30 Grecs
230 1431 126 37 insurgés
372 1433 99 26 devant
485 1433 24 26 la
523 1434 77 33 côte,
620 1434 107 27 avoient
745 1434 100 26 arboré
861 1431 38 27 les
915 1433 139 38 drapeaux
1070 1431 34 27 de
1117 1430 52 27 l'in-

63 1466 152 28 surrection
226 1488 7 13 ,
247 1472 28 22 et
288 1469 136 26 massacré
439 1465 69 32 isoo
523 1470 87 26 Turcs
625 1470 46 35 qtii
686 1479 28 18 se
732 1470 156 26 trouvoieot
908 1469 66 27 dans
990 1478 30 19 ce
1032 1472 120 24 moment
1166 1467 14 26 à

63 1502 120 35 Aiwaly.
198 1504 45 26 Un
257 1504 85 35 pacha
358 1505 47 26 des
419 1505 129 28 environs
562 1512 45 20 eut
621 1507 13 26 à
651 1507 80 35 peine
749 1506 191 27 connoissance
960 1506 34 26 de
1012 1513 30 19 ce
1061 1509 119 30 Carnage

63 1538 67 37 qu'il
144 1539 92 28 tomba
249 1548 50 18 sur
311 1539 26 28 la
351 1539 69 30 ville
432 1551 69 18 avec
515 1551 28 18 sa
557 1547 97 31 troupe
667 1561 7 13 ,
690 1543 31 26 fit
735 1543 94 27 sabrer
847 1547 59 21 tous
920 1541 40 27 les
974 1543 136 32 hommes,
1121 1548 39 19 em-

61 1583 94 19 mener
167 1574 38 27 les
216 1576 113 27 femmes
345 1583 26 21 et
383 1576 40 28 les
437 1577 98 27 enfans
546 1589 34 17 eu
595 1577 157 38 esclavage,
768 1583 28 22 et
809 1587 73 18 raser
895 1577 25 27 la
933 1576 73 31 ville.

99 1622 12 13 »
133 1610 21 28 Il
168 1620 20 26 y
203 1620 13 17 a
230 1620 34 18 eu
279 1612 74 27 aussi
367 1613 14 27 à
397 1613 118 31 Smvrne
529 1613 46 27 des
589 1615 97 27 scènes
699 1613 85 27 el'des
797 1623 181 18 mouvemens
1002 1612 176 38 populaires,

63 1646 50 37 qui
125 1652 52 21 ont
188 1646 93 28 donné
294 1646 56 28 lieu
361 1658 54 18 aux
431 1650 60 35 plus
507 1649 74 28 vives
594 1650 185 37 inquiétudes.
797 1652 52 26 Les
861 1650 158 35 janissaires
1032 1655 24 21 et
1068 1648 24 27 la
1100 1649 79 27 basse

63 1683 89 27 classe
164 1683 37 27 du
215 1682 116 37 peuple,
346 1685 46 37 qui
413 1694 30 18 se
459 1685 69 35 joint
552 1685 214 28 ordinairement
780 1685 13 27 à
808 1696 54 18 eux
874 1706 6 13 ,
894 1685 91 27 irrités
998 1685 46 26 des
1058 1693 120 19 mesures

33 1720 1 41 I
64 1720 33 25 de
110 1720 162 35 précaution
285 1721 90 35 prises
386 1731 48 30 par
450 1721 38 28 les
501 1722 133 27 autorités
648 1731 71 27 pour
732 1723 21 26 la
770 1723 89 27 sûreté
872 1722 142 37 publique,
1031 1727 50 21 ont
1091 1721 71 27 mani-

61 1754 69 28 festé
145 1757 13 25 à
174 1755 141 41 plusieurs
328 1757 117 37 reprises
471 1757 59 28 leur
553 1759 249 27 mécontentement
826 1760 14 26 à
860 1765 44 21 cet
920 1757 91 38 égard.
1025 1757 39 26 Le
1080 1757 100 37 départ

61 1791 69 27 d'un
142 1801 120 19 vaisseau
273 1802 54 26 que
335 1792 27 28 le
374 1793 216 40 peuplecroyoit
601 1794 100 38 chargé
716 1795 33 27 de
758 1794 189 28 munitions-et
960 1795 33 27 de
1005 1793 92 30 vivres
1108 1804 57 31 poul-

60 1825 39 31 ies
112 1828 144 35 insurgés,
272 1838 14 18 a
301 1828 50 27 mis
365 1827 24 30 le
404 1830 109 28 comble
526 1833 14 25 à
556 1840 28 17 sa
601 1830 105 28 fureur.
719 1830 25 28 Il
758 1841 14 17 a
790 1831 131 28 demandé
939 1841 54 26 que
1016 1828 54 27 l'on
1090 1830 90 27 visitât

60 1861 26 28 le
99 1863 124 31 vaisseau
234 1874 7 25 ;
257 1864 25 27 la
295 1864 80 28 visite
387 1876 28 18 se
431 1866 46 32 fit,
494 1873 28 21 et
536 1866 53 28 l'on
607 1877 34 18 ne
659 1873 96 21 trouva
778 1869 14 26 à
810 1867 70 27 bord
900 1869 27 26 ni
952 1876 92 19 aucun
1058 1867 58 34 raja
1134 1866 30 26 ré-

60 1899 77 37 fugié
149 1919 7 14 ,
178 1902 30 26 ni
224 1900 38 27 les
285 1902 148 28 munitions
445 1912 54 26 que
516 1902 57 28 Ton
587 1902 155 31 cherchoit.
765 1904 51 27 Les
831 1904 126 32 mutins-;
972 1903 87 27 irrités
1074 1903 31 26 de
1119 1902 60 28 voir

60 1933 60 30 leur
133 1941 100 24 attente
254 1936 87 37 déçue
354 1958 6 13 ,
380 1938 202 37 déchargèrent
607 1939 73 27 alors
699 1939 63 27 leur
788 1939 91 28 colère
896 1949 50 18 sur
959 1941 40 26 les
1013 1938 162 35 magistrats.

60 1972 38 27 Le
111 1971 118 37 mollah,
246 1972 79 35 Tajan
344 1974 116 35 Baschi,
476 1981 27 21 et
523 1974 137 38 plusieurs
683 1975 170 27 musulmans
874 1975 34 27 de
930 1984 129 27 marque,
1085 1972 93 30 furent

60 2007 125 30 victimes
215 2010 33 26 de
269 2008 64 28 leur
353 2019 65 27 rage
430 2020 8 26 ;
463 2011 116 27 d'autres
595 2021 32 18 ne
641 2017 104 31 purent
758 2021 28 18 se
810 2021 103 18 sauver
925 2021 54 28 que
993 2021 50 25 par
1058 2010 25 26 la
1100 2008 76 31 fuite.

60 2042 77 30 Tous
151 2044 39 27 les
204 2044 110 27 consuls
328 2052 26 21 et
370 2046 37 28 les
419 2048 148 35 négocians
582 2048 144 37 étrangers
738 2057 30 18 se
780 2048 142 27 rendirent
935 2057 48 19 sur
996 2048 39 26 les
1045 2046 133 28 bâtimens

34 2088 6 15 i
60 2081 34 26 de
111 2081 183 35 guerreetles
306 2082 145 27 vaisseaux
464 2083 164 27 marchands
640 2082 535 37 quiétoientàTancredevaniSmyrnc*.

60 2115 106 37 Depuis
182 2115 72 35 lors,
269 2117 26 26 le
311 2119 100 35 peuple
437 2124 60 21 turc
520 2124 43 21 est
582 2120 78 26 entré
684 2128 34 18 en
738 2119 188 37 négociation,
940 2125 27 22 et
985 2130 14 17 a
1015 2128 104 27 promis
1144 2119 34 27 de

59 2158 90 22 rester
162 2152 154 37 tranquille.
330 2153 45 27 Un
390 2156 85 34 grand
489 2156 117 26 nombre
619 2154 156 27 d'habitans
789 2161 47 20 ont
852 2156 59 35 péri
926 2156 67 27 dans
1004 2164 31 19 ce
1048 2156 128 27 tumulte.

97 2199 12 13 »
132 2190 52 25 Les
197 2189 126 27 environs
337 2189 33 28 de
384 2190 228 37 Constantinople
634 2191 176 27 fourmillent
826 2192 33 27 de
875 2196 112 32 troupes
1006 2191 144 37 asiatiques
1166 2202 8 26 ;

58 2223 24 30 il
100 2224 63 27 doit
177 2235 18 26 y
210 2233 35 19 en
261 2226 104 26 arriver
378 2235 99 20 encore
490 2236 37 18 un
541 2228 63 35 plus
614 2228 85 37 grand
712 2228 120 27 nombre.

94 2272 14 13 »
131 2262 40 25 Le
183 2261 141 28 chevalier
337 2263 83 34 Zeay
432 2264 150 26 Bermudes
594 2283 7 14 ,
614 2263 124 28 ministre
751 2263 174 37 d'Espagne,
940 2269 39 24 est
987 2263 89 28 arrivé
1087 2263 25 28 le
1128 2267 47 32 18,

60 2301 30 24 et
103 2296 19 27 il
136 2306 13 15 a
165 2297 46 27 été
223 2297 196 35 complimenté
432 2319 6 11 ,
459 2298 74 27 selon
549 2298 117 38 l'usage,
685 2309 48 28 par
749 2298 25 28 le
787 2301 136 35 drogman
939 2301 34 26 de
986 2300 24 26 la
1029 2301 91 26 Porte.

97 2343 13 14 »
132 2331 44 28 On
196 2343 34 17 ne
244 2333 83 28 sache
350 2344 46 26 pas
407 2334 66 37 qu'il
493 2344 17 26 y
521 2335 37 27 ait
572 2344 138 26 personne
726 2339 110 34 attaqué
861 2337 34 26 de
918 2335 22 27 la
971 2342 74 30 peste
1058 2357 7 12 ,
1093 2336 54 27 soit
1162 2336 13 25 à

57 2368 138 37 Smyrne,
210 2369 52 27 soit
275 2370 13 26 à
304 2370 240 37 Constantinople.
560 2372 69 26 Mais
641 2380 35 18 en
691 2373 106 35 Egypte
815 2382 31 18 ce
860 2372 70 27 fléau
951 2372 47 27 fait
1019 2372 32 27 de
1075 2373 100 35 grands

58 2413 113 28 ravages
187 2425 7 13 ,
209 2412 26 21 et
249 2405 19 27 il
282 2405 60 30 s'est
357 2408 89 26 même
458 2408 120 35 propagé
594 2418 12 15 a
621 2408 71 26 bord
706 2409 45 26 des
768 2409 132 26 bâtimens
919 2409 167 34 européeus.

96 2452 12 14 »
128 2443 116 34 D'après
259 2443 50 26 des
321 2443 142 27 nouvelles
477 2444 178 35 postérieures
670 2444 34 26 de
716 2444 243 37 Constantinople,
974 2454 33 17 en
1018 2444 64 27 date
1096 2444 34 27 du
1144 2453 30 24 2,

53 2473 26 31 la
98 2477 53 28 tête
165 2477 40 27 du
216 2478 139 28 ci-devant
376 2480 175 35 grand-visir
572 2479 21 27 B
604 2479 259 37 mderly-Ali-Pacha
880 2490 15 26 y
914 2487 39 20 est
967 2480 113 27 arrivée
1104 2481 71 26 dans

53 2513 41 27 les
106 2513 125 27 derniers
244 2524 76 25 jours
334 2515 37 27 du
384 2516 156 34 Ramadan,
555 2520 26 21 et
595 2515 52 28 elle
658 2525 14 17 a
685 2516 44 27 été
743 2516 145 30 attachées
898 2516 22 26 la
935 2523 81 31 porte
1031 2516 146 28 intérieure

56 2549 43 28 du
112 2549 99 30 Sérail.
230 2545 39 32 Le
282 2550 106 28 tableau
403 2551 73 35 joint
489 2552 14 26 à
515 2557 72 22 cette
602 2554 53 26 tête
667 2572 6 13 ,
687 2552 116 35 désigne
816 2552 26 28 le
855 2554 65 26 visir
933 2561 106 19 comme
1056 2554 91 26 traître
1162 2554 13 26 à

53 2585 27 27 la
103 2585 86 37 patrie
200 2591 28 21 et
239 2587 13 26 à
272 2585 26 27 la
312 2585 125 39 religion.
454 2587 188 28 Galib-Pacha
654 2607 7 14 ,
676 2588 145 30 ci-devant
834 2588 171 30 reis-effendi
1019 2594 26 21 et
1057 2589 118 27 ministre

53 2620 240 39 plénipotentiaire
311 2631 35 18 au
360 2624 112 35 congrès
497 2626 37 26 de
553 2624 148 27 Bucharesl
715 2644 6 14 ,
739 2635 13 17 a
768 2626 41 26 été
823 2626 130 26 destitué.
984 2624 47 27 On
1057 2624 118 28 l'accuse

53 2657 107 28 d'avoir
175 2657 138 28 influencé
330 2669 51 26 par
393 2669 41 17 ses
449 2659 115 28 conseils
579 2680 6 12 ,
604 2659 24 27 la
643 2661 129 26 conduite
790 2662 34 26 du
837 2661 182 35 grand-visir.

93 2705 13 14 »
130 2693 21 28 11
168 2700 43 22 est
222 2694 67 28 sorti
305 2694 25 28 le
344 2695 33 28 3o
390 2696 56 34 juin
458 2696 72 26 deux
547 2695 142 27 vaisseaux
704 2696 32 26 de
752 2696 71 37 ligne
836 2704 27 21 et
878 2706 53 18 une
944 2696 102 38 frégate
1061 2706 72 27 pour
1147 2706 28 18 se

53 2731 110 37 joindre
175 2731 14 26 à
203 2731 131 28 l'escadre
348 2732 45 27 des
406 2731 187 28 Dardanelles.
612 2732 151 34 Cara-Ali,
785 2735 73 35 quia
876 2734 44 26 été
933 2733 109 35 jusqu'à
1064 2735 111 33 présent

53 2766 98 28 amiral
167 2769 37 26 du
216 2773 83 31 port,
322 2777 15 18 a
360 2777 66 28 reçu
451 2767 26 28 le
503 2769 239 28 commandement
756 2779 33 18 en
803 2769 66 30 chef
879 2770 32 28 de
925 2776 87 22 toutes
1026 2778 44 19 ces
1085 2770 89 27 forces

53 2802 163 30 maritimes.

92 2851 13 13 »
126 2839 45 27 On
188 2848 92 19 assure
293 2849 53 27 que
360 2841 63 27 Mah
432 2841 137 37 miet-Aly
583 2859 7 8 .
608 2841 85 37 pacha
710 2841 146 39 d'Egypte,
868 2842 46 38 qui
927 2854 14 15 a
954 2842 50 27 mis
1016 2842 14 27 à
1043 2841 22 27 la
1081 2842 78 38 dispo-

53 2875 83 28 sition
159 2875 39 27 du
224 2876 250 37 Grand-Seigneur
497 2885 34 18 un
546 2885 81 27 corps
641 2878 34 27 de
697 2888 97 24 io,ooo
809 2880 100 26 soldats
934 2880 65 26 bien
1017 2881 89 25 armés
1121 2898 7 13 ,
1159 2888 14 17 a

52 2913 106 38 envoyé
172 2911 72 27 aussi
266 2911 138 38 plusieurs
418 2913 143 27 vaisseaux
575 2914 32 26 de
621 2922 100 27 guerre
736 2921 97 22 contre
846 2922 70 21 ceux
931 2915 47 28 des
992 2914 139 38 insurgés,
1148 2920 26 22 et

53 2947 66 38 qu'il
135 2957 33 17 en
183 2957 13 15 a
210 2948 56 35 pris
280 2954 27 21 et
319 2949 110 27 anéanti
449 2959 37 18 un
498 2949 117 27 nombre
628 2950 201 28 considérable.

45 2987 8 11 1
92 2995 14 14 »
128 2983 44 27 En
184 2985 92 27 Morée
288 3004 7 14 ,
311 2983 37 27 les
359 2986 89 26 Turcs
461 2994 27 18 se
501 2991 59 22 sont
572 2986 154 27 renfermés
741 2987 66 27 dans
820 2987 40 28 les
876 2986 90 37 places
979 2986 81 28 fortes
1071 2992 52 28 ,et
1131 2986 41 28 les

50 3020 130 37 insurgés
195 3026 99 22 restent
305 3020 90 28 maîtr.
405 3031 11 17 s
432 3021 39 26 du
484 3021 57 35 plat
562 3031 74 27 pays.
660 3022 83 27 L'état
767 3022 48 28 des
829 3022 96 28 choses
938 3030 40 21 est
997 3022 175 27 absolument

51 3056 28 30 le
94 3058 89 26 même
197 3061 76 22 entre
288 3056 156 28 Chorschid
459 3064 25 20 et
497 3057 200 28 Ismaïl-Pacha
711 3064 26 24 et
749 3059 57 37 Aly
821 3058 204 38 Depedelendy.

87 3104 14 13 »
124 3092 138 34 Ibrahim,
269 3092 86 37 pagha
366 3094 33 26 de
412 3093 136 34 Brussa,a
567 3094 86 26 formé
671 3104 37 18 un
719 3105 80 27 camp
813 3096 63 38 près
889 3096 33 26 de
938 3094 172 38 Bujukdère.
1123 3094 48 28 On

52 3129 74 28 croit
143 3129 67 38 qu'il
224 3133 43 22 est
285 3129 100 38 chargé
403 3130 181 27 secrètement
595 3130 146 37 d'occuper
757 3131 38 28 les
809 3132 133 27 châteaux
960 3133 38 26 du
1012 3131 154 38 Bosphore,

48 3171 30 24 «t
86 3165 63 27 d'en
158 3165 120 35 éloigner
288 3164 40 28 les
338 3165 129 33 Jamaks,
482 3172 98 30 troupe
587 3167 47 35 qui
646 3172 39 21 est
698 3168 120 34 toujours
833 3169 126 35 disposée
969 3168 13 25 à
997 3167 22 26 la
1032 3167 110 28 révolte.
1154 3178 13 14 »

86 3201 46 30 On
146 3211 14 17 a
174 3210 64 28 reçu
249 3202 39 28 les
301 3202 143 27 nouvelles
456 3202 138 27 suivantes
606 3204 35 26 de
654 3203 25 26 la
693 3203 137 28 Moldavie
843 3210 26 21 et
882 3204 32 26 de
927 3203 25 27 la
965 3203 129 30 Valachie
1106 3216 6 14 :

90 3250 15 13 «
125 3239 77 26 Dans
215 3239 22 26 la
250 3239 91 26 soirée
354 3237 39 27 du
407 3239 17 33 4
438 3239 135 34 juillet,le
588 3239 155 38 kiajas-bey
758 3239 369 28 d'Hadschi-Âhmer-Pacha
1142 3239 27 27 fit

48 3281 51 21 Jon
113 3275 97 26 entrée
221 3275 14 26 à
249 3274 169 30 Bucharesl,
437 3276 14 24 à
467 3274 24 26 la
506 3275 53 26 tête
574 3275 33 26 de
621 3276 17 27 6
651 3278 14 22 h
680 3283 70 30 çooo
765 3275 136 28 hommes.
917 3276 39 27 Ce
971 3275 197 28 commandant

48 3317 31 20 se
93 3309 92 28 donne
203 3311 129 26 vraiment
351 3309 46 27 des
412 3309 93 38 peines
517 3321 72 26 pour
604 3311 65 27 faire
685 3311 130 30 observer
834 3312 14 26 à
862 3320 41 18 ses
921 3318 110 30 troupes
1050 3311 26 26 la
1090 3311 63 27 meil-

50 3345 79 28 leure
141 3346 162 37 discipline;
315 3345 19 28 il
345 3347 83 35 punit
441 3347 32 26 de
484 3353 70 21 inort
566 3352 57 22 tout
634 3354 139 27 meurtre,
781 3354 60 21 tout
853 3347 164 37 pillage.Les
1026 3347 142 28 nouvelles

48 3392 57 27 que
118 3381 53 27 Ton
185 3384 89 35 reçoit
288 3384 37 25 du
340 3381 53 37 plat
409 3392 86 28 pays,
519 3384 14 25 à
547 3381 116 38 quelque
679 3384 133 32 distance,
831 3394 34 17 ne
881 3390 64 21 sont
960 3381 185 31 malheureuse-

47 3424 78 22 ment
138 3428 48 27 pas
200 3419 72 27 aussi
286 3418 154 28 favorables
455 3428 64 19 sous
536 3429 31 18 ce
581 3426 131 30 rapport;
736 3419 46 27 des
797 3420 100 27 bandes
912 3430 61 17 sans
986 3419 72 27 frein
1075 3426 25 20 et
1120 3420 46 27 des

47 3454 183 30 maraudeurs
243 3455 39 38 s'y
299 3461 161 31 permettent
474 3454 37 28 les
523 3455 63 38 plus
600 3456 103 35 gvands
718 3457 91 27 excès.

84 3501 14 15 »
119 3493 118 35 Argisch
254 3501 15 17 a
283 3493 45 26 été
340 3493 120 34 occupée
476 3501 48 26 par
537 3491 39 27 les
589 3498 115 30 troupes
719 3493 33 26 de
771 3490 318 34 Deli-Baschi-Michali,
1109 3493 48 35 qui

47 3533 40 22 est
102 3536 64 19 sous
184 3527 39 28 les
236 3527 97 28 ordres
358 3528 32 26 de
403 3527 211 30 Cavinar-Sawa
627 3548 6 14 ,
657 3534 26 21 et
709 3537 51 27 par
774 3537 52 18 une
846 3528 119 27 colonne
983 3533 110 32 turque.
1116 3530 51 25 Les

51 3565 128 35 insurgés
203 3565 106 26 avoient
330 3565 105 26 évacué
451 3563 24 27 le
494 3570 122 20 couvent
633 3570 84 21 avant
732 3565 60 26 leur
811 3565 118 26 arrivée.
960 3565 77 26 Sawa
1051 3570 41 20 est
1110 3565 40 26 lui-

47 3601 90 27 même
151 3599 103 37 chargé
269 3602 32 24 de
315 3601 164 34 poursuivre
495 3609 66 19 avec
573 3609 50 17 son
640 3609 94 27 corps,
763 3602 130 33 composé
913 3601 84 35 partie
1010 3599 35 28 de
1058 3600 104 33 Turcs,

46 3635 89 38 partie
148 3635 171 34 d'Albanais,
347 3637 38 27 les
402 3635 76 28 chefs
494 3635 152 38 d'insurgés
664 3635 120 38 jordaky
800 3643 27 20 et
841 3635 144 34 Farmaki,
1011 3635 65 37 qui,
1100 3646 65 18 avec

45 3672 131 35 qm-lques
183 3672 139 28 centaines
334 3672 34 28 de
377 3672 145 33 cavaliers,
536 3680 150 27 paraissent
698 3673 76 27 avoir
787 3672 27 28 le
828 3673 87 34 projet
930 3673 34 27 de
977 3681 28 18 se
1019 3672 97 27 retirer
1129 3681 33 19 en

45 3707 152 33 Moldavie,
224 3707 25 28 le
262 3707 66 37 long
341 3707 46 28 des
402 3715 158 30 montagne®
573 3707 38 31 les
621 3707 65 38 plus
699 3711 150 32 escarpées.

84 3757 12 13 «
119 3746 24 26 A
164 3751 63 21 tous
246 3745 39 27 les
301 3744 126 28 différens
441 3755 83 17 maux
536 3745 136 35 auxquels
685 3745 25 27 la
725 3744 137 28 Moldavie
875 3749 38 22 est
927 3754 33 19 en
974 3744 77 38 proie
1064 3744 98 35 depuis

45 3780 28 28 le
85 3782 67 26 mois
167 3781 35 28 de
216 3781 118 33 février,
350 3781 18 27 il
381 3781 64 27 s'est
457 3781 70 38 joint
537 3780 25 30 le
575 3781 15 28 5
606 3782 34 26 de
654 3791 32 18 ce
700 3780 71 28 mois
787 3790 37 18 un
837 3781 69 27 fléau
919 3780 116 28 affreux.

84 3829 13 14 »
119 3819 115 34 D'après
256 3819 47 27 des
322 3817 91 27 lettres
433 3817 35 27 de
484 3817 163 33 Bncbarcst,
664 3817 21 27 il
706 3817 39 37 s'y
763 3823 39 21 est
821 3817 74 27 élevé
911 3826 60 19 vers
986 3815 66 28 neuf
1062 3816 100 28 heures

47 3853 37 30 du
99 3853 57 28 soir
167 3863 38 18 un
220 3863 123 27 ouragan
356 3854 46 28 des
412 3853 59 38 plus
487 3853 126 28 terribles
625 3874 6 12 ,
647 3854 185 37 accompagné
843 3854 81 26 d'une
937 3853 76 37 grêle
1025 3852 116 30 affreuse
1153 3873 7 14 ,

47 3891 71 27 dont
130 3889 39 31 les
183 3891 110 37 grêlons
306 3891 102 31 étoient
429 3891 34 27 de
481 3891 25 27 la
521 3899 128 28 grosseur
663 3891 79 27 d'une
767 3891 77 27 noix.
869 3889 120 28 Pendant
1004 3898 54 20 une
1071 3888 89 30 demi-

1227 568 1 45 j
1254 569 86 28 heure
1352 570 93 37 qu'il-a
1459 572 86 35 dure,
1560 574 39 26 les
1613 573 128 30 bâtimens
1753 581 27 21 et
1791 572 39 31 les
1844 574 98 39 églises
1957 575 39 30 les
2010 570 61 43 plus
2086 579 115 34 exposés
2213 568 48 37 àla
2280 576 97 28 fureur

1254 606 38 27 du
1307 613 80 27 vent,
1415 613 48 21 ont
1476 609 43 26 été
1533 620 34 15 nu
1590 609 161 30 dc'couverts
1763 622 35 17 ou
1815 614 156 32 renversés,
1993 619 27 21 et
2034 620 50 20 ont
2101 624 33 17 au
2151 614 86 27 inoins
2251 624 32 17 eu
2297 613 77 27 leurs

1253 643 118 30 fenêtres
1383 644 111 28 brisées.
1511 645 107 27 L'école
1637 646 35 28 de
1690 647 84 28 chant
1788 669 6 14 ,
1821 648 200 28 nouvellement
2043 651 155 27 construite
2222 651 102 27 devant
2347 651 27 26 la

1253 685 78 31 porte
1344 679 32 27 de
1391 679 22 28 la
1429 681 152 37 métropole
1594 702 6 7 .
1631 692 13 17 a
1659 685 44 25 été
1717 692 71 27 pour
1806 685 69 27 ainsi
1891 685 58 27 dire
1965 685 93 27 lancée
2076 686 67 26 dans
2165 685 24 27 la
2210 678 85 38 vallée
2311 707 6 12 ,
2347 685 30 27 et

1253 715 138 38 plusieurs
1410 722 86 22 tentes
1515 724 112 30 turques
1643 719 45 37 qui
1704 720 104 27 éloient
1831 720 123 37 plantées
1970 723 70 27 dans
2061 723 22 26 lu
2109 731 70 19 cour
2200 719 39 31 du
2254 725 122 25 couvent

1252 751 34 26 de
1299 758 41 20 cet
1354 752 129 35 endroit,
1496 761 46 21 ont
1557 756 41 25 été
1612 755 145 28 arrachées
1770 767 51 26 par
1834 757 24 27 le
1872 764 63 20 vent
1950 780 6 13 ,
1976 764 26 21 et
2015 750 106 35 roulées
2138 764 94 21 contre
2248 757 39 28 lès
2297 764 78 25 mura

1251 796 65 20 avec
1343 785 125 35 violence
1474 804 8 18 j
1508 790 69 26 ainsi
1591 800 54 27 que
1668 790 37 34 lps
1724 802 156 26 personnes
1898 795 44 34 qui
1963 795 40 35 s'y
2029 796 164 26 trouvoient.
2220 796 43 26 Un
2284 794 87 37 grand

1253 822 118 30 nombre
1384 823 167 30 d'individus
1572 833 47 20 oui
1638 828 46 27 été
1710 829 135 27 ensevelis
1863 839 64 18 sous
1945 829 39 30 les
2007 830 92 28 ruines
2121 831 47 26 des
2196 831 126 27 maisons.
2339 833 38 25 Le

1251 860 145 40 dommage
1409 867 41 20 est
1463 860 189 35 incalculable,

1287 907 13 13 »
1324 894 45 30 Ow
1391 898 37 30 r's
1443 898 52 27 mis
1509 907 32 17 en
1557 899 125 34 quartier
1695 901 12 25 à
1722 900 79 38 .Tassy
1815 909 54 28 que
1893 900 72 28 deux
1984 904 13 25 à
2023 905 66 25 trois
2102 907 78 22 cents
2203 904 89 27 Turcs
2304 912 71 27 pour

1250 932 139 27 maintenu
1410 933 21 27 'a
1446 934 93 26 sûreté
1554 934 143 38 publique.
1713 937 51 26 Les
1776 944 91 20 autres
1880 944 111 31 troupes
2004 946 63 19 sont
2082 940 125 34 campées
2223 939 63 27 hors
2297 940 34 26 de
2346 940 28 26 la

1250 966 79 28 ville.
1345 970 38 26 IjB
1396 971 191 27 commandant
1603 980 33 18 en
1654 972 64 26 chef
1728 979 56 20 met
1794 979 63 20 tons
1871 983 40 17 ses
1924 974 77 26 soins
2016 985 12 17 a
2042 974 138 37 réprimer
2196 980 96 22 autant
2306 970 69 41 qu'il

1250 1002 40 30 lui
1303 1010 41 21 est
1359 1004 117 37 possible
1491 1005 39 28 les
1540 1007 79 25 excès
1633 1007 46 27 des
1695 1004 196 33 dëtacheinens
1905 1009 90 28 isolés.

1286 1041 73 26 Note
1368 1044 38 24 du
1414 1043 162 27 Rédacteur.
1580 1057 35 6 —
1628 1043 19 27 Il
1663 1049 40 21 est
1715 1037 133 44 singulier
1863 1055 64 26 que,
1939 1046 69 27 dans
2017 1056 28 18 ce
2056 1045 64 38 long
2134 1046 104 32 article,
2250 1049 107 26 l'Obser-

1250 1083 97 20 vateur
1358 1077 157 27 autrichien
1527 1089 34 15 ne
1574 1078 93 27 donne
1681 1089 90 19 aucun
1785 1081 230 28 éclaircissement
2026 1083 79 26 surlc
2119 1090 56 19 sort
2189 1083 185 28 d'Alexandre

1250 1111 142 38 Ypsilanti.
1410 1114 90 27 Même
1515 1115 103 27 silence
1631 1116 65 26 dans
1711 1115 25 27 la
1754 1119 111 26 Gazelle
1878 1119 32 26 de
1926 1120 106 27 fienne
2053 1124 27 21 et
2094 1120 69 26 dans
2180 1124 90 21 toutes
2284 1120 85 27 celles

1250 1148 34 27 de
1299 1148 7 26 I
1317 1148 162 38 Allemagne
1499 1150 190 28 méridionale.
1710 1153 39 26 Ce
1770 1153 105 28 silence
1896 1156 89 33 paroît
2000 1155 122 27 d'autant
2141 1155 64 37 plus
2222 1155 109 28 difficile
2356 1156 13 26 à

1248 1183 116 38 expliqu
1382 1194 18 19 a
1409 1185 67 38 qu'il
1487 1192 41 21 est
1541 1187 111 27 évident
1669 1198 52 26 que
1735 1188 38 27 les
1788 1191 241 28 communications
2048 1196 84 24 entra.
2144 1192 105 28 Vienne
2268 1198 25 21 et
2311 1193 39 26 Bu-

1247 1218 110 31 charcst
1371 1232 35 18 ne
1417 1227 60 22 sont
1489 1232 48 27 pas
1550 1222 213 39 interrompues.
1780 1226 27 27 Si
1821 1226 128 35 leprince
1967 1228 133 35 Ypsilanti
2115 1227 87 27 s'étoit
2213 1227 91 27 rendu
2314 1235 56 20 aux

1247 1257 196 35 Autrichiens,
1460 1267 35 18 on
1513 1259 109 37 conçoit
1636 1270 54 26 que
1703 1260 26 27 le
1740 1270 224 27 gouvernement
1972 1265 124 34 pourroit
2113 1265 56 26 être

1247 1292 70 27 mais
1332 1292 18 27 il
1365 1293 69 30 n'est
1447 1292 86 39 guère
1547 1297 131 35 croyable
1691 1306 53 25 que
1757 1307 31 17 ce
1802 1298 110 37 général
1926 1299 39 26 ait
1982 1310 34 26 pu
2031 1300 116 37 prendre
2161 1310 34 15 un
2213 1300 71 37 parti
2297 1309 54 18 sem-

1247 1329 100 28 blable.
1368 1329 20 28 II
1403 1339 27 18 se
1446 1337 66 30 peut
1526 1331 67 35 qu'il
1612 1331 33 30 ait
1662 1335 100 25 trouvé
1776 1344 99 26 moyen
1890 1335 34 28 de
1938 1337 131 34 pénétrer
2081 1345 33 18 en
2128 1337 96 26 Servie
2239 1345 64 18 avec
2317 1345 54 19 une

1247 1364 84 37 petite
1351 1372 97 31 troupe
1460 1387 7 13 ,
1485 1368 14 25 h
1514 1367 80 28 l'effet
1616 1369 32 25 de
1659 1378 104 26 gagner
1778 1370 25 27 le
1818 1371 200 37 Montc-Negro
2029 1364 5 44 ,
2057 1374 65 26 dont
2138 1371 38 28 les
2189 1371 125 28 habilans
2326 1374 46 26 in~

1247 1402 158 35 dépendans
1419 1409 25 21 et
1461 1403 54 28 très
1533 1403 66 28 amis
1613 1403 38 28 du
1663 1414 66 18 nom
1743 1416 78 18 russe
1834 1427 6 13 ,
1854 1406 39 28 lui
1911 1408 188 28 donuèroient
2113 1408 145 30 volontiers
2272 1409 78 27 asile»

1613 1456 183 39 Augsbourg
1808 1480 7 14 ,
1880 1460 116 38 juilleti

1281 1505 116 35 D'après
1417 1507 46 26 des
1476 1507 93 28 lettres
1584 1507 47 28 des
1645 1508 148 30 frontières
1812 1512 34 26 de
1860 1511 25 27 la
1900 1511 135 30 Moldavie
2048 1533 6 13 ,
2076 1513 18 26 il
2111 1513 87 35 paroît
2213 1522 69 26 que,
2302 1513 67 27 dans

1246 1540 39 27 les
1293 1541 119 27 combats
1423 1541 81 30 livrés
1515 1553 46 27 par
1573 1545 107 27 l'armée
1693 1556 118 27 grecque
1821 1556 54 18 aux
1884 1548 89 27 Turcs
1984 1540 5 45 ,
2009 1547 40 30 les
2063 1551 148 32 Arnautes,
2226 1548 139 37 Valaques

1246 1584 25 21 et
1286 1576 170 31 Moldavieus
1470 1586 46 20 ont
1533 1579 54 38 pris
1606 1580 22 26 la
1646 1580 64 28 fuite
1723 1584 14 25 h
1755 1583 24 27 la
1800 1583 135 37 première
1949 1585 142 37 approche
2104 1585 48 27 des
2173 1585 169 28 Musulmans
2353 1594 12 28 q

1245 1612 67 28 mais
1323 1613 39 28 les
1377 1616 168 28 Hélairisles
1557 1625 28 18 se
1597 1624 61 20 sont
1672 1618 91 28 battus
1778 1628 69 19 avec
1860 1619 141 30 bravoure
2011 1620 103 39 jusqu'à
2130 1631 30 17 ce
2172 1622 80 37 qu'ils
2261 1622 109 28 fussent

1247 1650 106 27 réduits
1368 1650 15 27 à
1400 1661 51 17 nue
1466 1652 117 37 poignée
1597 1652 164 30 d'hommes.

1283 1687 50 25 Les
1345 1685 61 37 juifs
1417 1696 27 19 se
1461 1695 61 20 sout
1534 1689 131 27 conduits
1676 1696 32 21 en
1723 1690 138 28 Moldavie
1877 1702 66 19 avec
1962 1693 24 26 la
2002 1693 87 27 même
2102 1696 130 32 cruauté,
2249 1690 78 32 lâche
2339 1698 31 24 et

1245 1722 120 37 perfide,
1381 1722 83 35 qu'ils
1476 1730 50 21 ont
1541 1727 123 26 montrée
1680 1727 67 26 dans
1762 1727 22 26 le
1798 1734 69 21 reste
1881 1729 33 26 de
1931 1729 22 26 la
1968 1729 137 37 Turquie.
2121 1730 24 26 A
2159 1729 136 38 Herfzég,
2310 1729 41 28 vil-

1246 1761 60 33 lage
1319 1755 100 40 peuplé
1433 1759 32 28 do
1476 1759 66 35 juifs
1556 1781 6 12 j
1586 1761 72 26 deux
1672 1763 170 27 Hètairisles
1853 1785 7 14 ,
1876 1765 79 27 isolés
1970 1772 26 20 et
2008 1766 152 31 cherchant
2173 1768 57 26 àse
2244 1776 98 18 sauver
2361 1786 8 14 ,

1245 1794 90 27 furent
1346 1794 51 27 liés
1411 1805 48 28 par
1474 1795 38 28 les
1527 1795 131 30 habitans
1671 1807 71 26 pour
1756 1800 57 27 être
1825 1801 104 27 ensuite
1943 1800 78 28 livrés
2037 1812 52 17 aux
2100 1802 89 27 Turcs
2204 1807 8 28 j
2226 1802 67 27 mais
2310 1809 56 21 nue

1246 1837 99 30 troupe
1358 1832 33 27 de
1404 1833 201 34 quatre-vingts
1615 1840 92 21 autres
1721 1835 168 28 Hélairisles
1899 1847 33 17 en
1949 1844 86 30 ayant
2054 1847 66 32 reçu
2135 1840 72 32 avis,
2225 1839 142 27 fendirent

1245 1876 47 17 sur
1306 1877 26 17 te
1345 1866 111 38 village,
1469 1874 24 20 et
1507 1869 165 28 délivrèrent
1685 1870 73 28 leurs
1773 1872 156 27 camarades
1943 1874 79 37 après
2036 1874 80 26 avoir
2132 1876 47 26 tué
2196 1876 168 35 vingt-deux

1244 1902 67 37 juifs
1330 1909 25 21 et
1378 1904 91 34 juives
1506 1915 44 18 car
1570 1905 39 26 les
1625 1906 91 27 dames
1730 1907 125 27 israélites
1880 1909 58 28 s'en
1963 1910 100 27 éloient
2083 1911 71 26 aussi
2171 1911 103 27 mêlées
2295 1912 24 34 ),
2340 1917 27 21 et

1244 1939 79 35 après
1337 1939 79 27 avoir
1428 1942 99 26 exercé
1539 1941 64 27 bieu
1619 1942 119 28 d'autres
1754 1954 177 27 vengeances.

1281 1976 52 26 Les
1349 1976 90 27 Turcs
1456 1983 46 20 ont
1525 1977 92 35 publié
1632 1980 13 25 à
1668 1980 81 38 Jassy
1766 1990 37 17 un
1820 1982 60 26 avis
1893 1990 50 27 par
1963 1982 87 35 lequel
2068 1982 28 27 ils
2112 1982 122 28 invitent
2249 1985 64 25 tous
2324 1984 40 26 tes

1245 2011 74 26 amis
1329 2014 33 24 de
1371 2014 28 25 ta
1413 2013 217 28 Sublime-Porte
1645 2035 6 13 ,
1665 2016 52 25 soit
1735 2016 99 30 Francs
1847 2037 6 13 ,
1873 2019 50 26 soit
1939 2017 137 28 Moldaves
2089 2040 6 7 .
2112 2019 133 37 boyards,
2264 2029 97 31 popes,

1244 2048 167 35 négocions,,
1436 2054 53 22 etc.
1527 2052 13 24 à
1559 2055 144 22 retourner
1726 2052 66 27 dans
1808 2060 71 21 cette
1891 2054 128 37 capitale.
2036 2055 137 35 Miispeu
2190 2055 174 27 d'individtia

1245 2083 32 26 de
1292 2083 171 33 distinction,
1485 2092 109 21 surtout
1616 2095 54 26 peu
1688 2088 32 25 de
1734 2087 120 38 boyards
1866 2111 7 11 ,
1898 2100 28 15 se
1939 2091 61 25 lient
2017 2093 59 25 àce
2089 2093 157 34 bouyourdi.
2255 2092 11 35 (
2282 2092 83 27 ordre

1245 2120 15 25 d
1272 2119 92 27 amitié
1378 2119 9 35 )
1401 2130 7 25 ;
1434 2130 48 18 car
1495 2120 174 38 l'expression
1684 2125 76 25 amis
1775 2127 33 22 de
1828 2127 28 22 la
1878 2127 83 25 Porte
1975 2133 38 20 est
2033 2127 156 35 équivoque
2200 2133 26 21 et
2242 2127 77 27 laisse
2336 2127 24 26 la

1241 2153 100 28 faculté
1354 2157 35 26 de
1400 2156 81 37 punir
1495 2166 71 19 ceux
1578 2159 45 34 qui
1639 2169 33 17 ne
1685 2160 119 26 secoient
1819 2170 47 26 pas
1880 2164 92 25 censés
1985 2165 76 24 amis
2072 2173 8 25 ;
2095 2172 31 18 or
2139 2172 37 18 on
2191 2163 50 27 sait
2256 2172 53 26 que
2321 2163 40 28 les

1241 2189 90 38 juifs,
1358 2192 87 33 aidés,
1462 2192 106 37 dit-on,
1586 2193 65 28 d'un
1665 2202 80 30 agent
1769 2197 158 27 consulaire
1951 2199 143 35 étranger,
2120 2205 47 20 ont
2191 2198 93 27 fourni
2309 2209 54 17 aux

1243 2228 90 27 Turcs
1357 2237 53 18 une
1430 2228 59 28 liste
1505 2229 32 27 de
1564 2236 61 21 tous
1645 2241 72 17 ceux
1734 2231 45 35 qui
1795 2242 27 17 se
1843 2239 61 20 sont
1916 2237 120 26 montrés
2050 2235 137 37 partisans
2198 2236 48 27 des
2261 2235 100 28 Grecs.

1241 2263 80 27 Trois
1335 2263 122 38 boyards
1472 2270 48 22 ont
1532 2265 61 37 déjà
1607 2276 34 18 eu
1656 2267 25 27 la
1695 2269 56 26 tète
1767 2269 139 27 tranchée.

1646 2326 327 33 PAYS-BAS-UNIS.

1619 2381 176 40 Bruxelles,
1817 2382 38 31 28
1863 2385 116 37 juillet.

1279 2433 37 26 La
1332 2433 76 27 GuUr
1422 2434 161 37 supérieure
1597 2434 33 27 de
1644 2437 97 35 juslice
1753 2459 7 11 ,
1781 2438 132 27 cliainbre
1930 2439 48 26 des
1991 2437 93 38 appels
2108 2437 227 39 correctionnels,
2350 2446 15 22 U

1244 2469 122 37 acquitté
1382 2470 76 34 hier,
1472 2472 14 26 à
1500 2472 70 26 neuf
1579 2472 99 26 heures
1691 2478 26 21 et
1731 2473 92 28 demie
1835 2474 38 27 du
1887 2474 73 34 soir,
1976 2474 30 28 M
2010 2477 32 18 lle
2056 2476 24 26 le
2091 2476 142 28 Normand
2249 2478 37 26 du
2301 2477 69 30 chef

1244 2504 215 39 d'escroquerie,
1475 2507 67 27 mais
1556 2506 51 27 elle
1620 2504 32 32 l'a
1668 2511 172 26 condamnée
1851 2511 13 26 à
1883 2504 13 46 i
1909 2504 12 46 5
1933 2504 37 46 fr.
1994 2511 143 28 d'amende
2153 2523 109 18 comme
2278 2520 85 30 ayant

1243 2548 171 22 contrevenu
1428 2544 15 25 à
1456 2538 112 33 l'article
1586 2544 53 37 4?9
1663 2544 37 27 du
1717 2545 77 28 Code
1808 2546 81 37 pénal
1911 2557 32 18 en
1959 2549 113 27 matière
2087 2549 33 27 île
2134 2549 89 35 police
2239 2551 106 27 munici-

1244 2576 77 38 pale,
1336 2588 54 18 aux
1410 2578 65 27 frais
1496 2581 48 26 des
1567 2581 74 26 deux
1663 2582 149 33 instances,
1834 2589 25 20 et
1880 2591 14 18 a
1918 2583 124 28 ordonné
2062 2595 27 15 sa
2114 2585 66 26 mise
2197 2596 33 17 en
2249 2585 113 30 liberté.

1244 2615 124 26 Aussitôt
1381 2615 24 26 le
1419 2617 142 34 prononcé
1574 2615 39 27 du
1628 2615 155 41 jugement,
1801 2617 46 28 des
1860 2620 70 33 cris,
1946 2622 45 26 des
2004 2620 253 37 applaudisscmens
2269 2629 25 20 et
2314 2624 52 27 des

1241 2648 85 28 éclats
1339 2650 35 27 de
1387 2650 54 28 rire
1454 2660 27 19 se
1498 2657 64 22 sont
1577 2653 48 27 fait
1638 2653 136 28 entendre
1787 2654 33 27 de
1832 2660 87 22 toutes
1939 2655 39 27 les
2006 2657 103 35 parties
2131 2657 33 27 de
2187 2657 25 27 la
2232 2657 76 30 salle.
2326 2661 38 26 La

1241 2685 113 28 célèbre
1365 2687 102 38 sibylle
1482 2687 39 28 fut
1534 2688 106 28 ensuite
1652 2691 163 27 reconduite
1831 2701 33 18 en
1878 2694 98 33 prison
1988 2712 6 14 ,
2010 2693 64 27 d'où
2091 2693 51 27 elle
2156 2700 39 20 est
2209 2695 79 26 sortie
2304 2705 57 19 une

1241 2721 87 28 heure
1345 2725 91 34 après-
1452 2725 122 27 Pendant
1587 2726 39 26 les
1639 2726 71 26 deux
1723 2726 73 37 jours
1811 2726 67 38 qrt'ï'
1889 2727 70 27 duré
1976 2739 31 17 ce
2021 2728 132 35 singulier
2174 2728 98 38 procès
2284 2751 7 14 ,
2309 2741 54 18 une

1243 2758 145 28 multitude
1397 2759 33 27 de
1443 2770 150 27 personnes
1613 2763 71 27 dont
1698 2764 24 25 la
1737 2763 136 28 curiosité
1887 2765 64 26 étoit
1965 2765 143 27 vivement
2121 2765 115 38 piquée,
2251 2777 27 18 se
2297 2774 66 21 sont

1241 2794 117 27 succédé
1371 2797 14 26 à
1401 2796 154 28 l'audience
1569 2806 71 26 pour
1652 2798 137 28 examiner
1804 2798 25 27 la
1843 2805 171 22 contenance
2029 2800 81 28 d'une
2125 2802 103 28 femme
2249 2812 52 26 que
2317 2812 43 19 ses

1241 2831 122 27 démêlés
1376 2843 67 17 avec
1456 2832 24 27 la
1493 2833 97 35 justice
1602 2841 51 20 ont
1665 2835 106 27 rendue
1783 2836 61 35 plus
1859 2836 119 30 fameuse
1991 2846 100 18 encore
2106 2848 54 26 qne
2172 2848 41 18 ses
2226 2849 137 27 ouvrage#

1241 2874 27 22 et
1281 2877 48 19 sou
1341 2869 83 34 génie
1437 2870 45 34 qui
1504 2870 22 26 la
1541 2869 46 27 fait
1602 2870 53 28 lire
1669 2871 65 26 dans
1747 2871 129 28 l'avenir.
2113 2875 11 34 (
2138 2876 143 26 L'Oracle.
2297 2877 13 35 )

1585 2928 415 33 GRANDE-BRETAGNE.

1629 2987 136 28 Londres
1776 3007 7 15 ,
1802 2987 39 28 28
1852 2982 117 44 juillet.

1276 3039 96 27 Fonds
1388 3040 116 34 publics.
1524 3039 130 27 —Trois
1667 3048 71 28 pour
1752 3046 63 21 cent
1824 3040 169 37 consolidés,
2010 3040 33 37 75
2059 3039 63 39 7/8/
2140 3039 4 39 -
2226 3054 13 6 -

1274 3077 38 26 Le
1326 3076 52 28 Roi
1393 3083 58 30 part
1463 3076 175 27 décidément
1650 3076 26 27 le
1690 3076 30 28 3t
1739 3077 33 26 de
1782 3086 33 18 ce
1830 3078 67 26 mois
1909 3098 6 12 ,
1939 3086 71 28 pour
2023 3078 189 38 s'embarquer
2226 3078 24 27 le
2267 3078 90 31 même

1237 3111 64 37 jour
1312 3112 14 25 à
1339 3111 193 28 Porismouth.
1547 3111 20 27 Il
1581 3122 100 26 pourra
1694 3111 5 41 ,
1714 3112 21 26 si
1750 3112 25 30 le
1789 3118 65 21 vent
1867 3112 22 27 le
1905 3113 128 33 favorise,
2049 3115 104 28 arriver
2167 3117 15 25 à
2196 3116 162 37 Holyhead,

1239 3148 27 27 le
1278 3149 115 26 samedi.
1406 3149 58 27 Sou
1475 3149 92 35 séjour
1578 3150 14 24 à
1606 3148 104 28 Dublin
1724 3157 59 19 sera
1801 3150 33 26 de
1847 3150 65 26 trois
1923 3150 146 27 semaines.

1273 3184 39 26 Le
1326 3183 91 27 Times
1430 3194 125 18 nnnouce
1567 3193 53 28 que
1632 3184 21 26 la
1669 3184 96 32 Reine,
1781 3184 54 27 lors
1848 3185 32 26 de
1893 3196 51 17 son
1957 3196 103 26 voyage
2072 3196 34 18 en
2120 3188 112 34 Ecosse,
2249 3197 34 18 ne
2294 3197 48 28 pas-

1237 3229 61 19 sera
1319 3228 46 26 pas
1387 3229 51 27 par
1456 3219 38 28 les
1517 3220 120 28 districts
1662 3221 241 27 manufacturiers.
1926 3222 37 26 Le
1981 3224 109 25 Courier
2108 3224 109 26 conclut
2236 3223 33 27 de
2284 3230 71 22 cette

1237 3266 129 18 annonce
1378 3266 54 27 que
1444 3254 24 27 la
1482 3255 86 27 Reine
1583 3266 18 27 y
1618 3266 117 25 passera.
1750 3256 61 28 Elle
1827 3263 63 31 peut
1900 3256 26 30 le
1939 3257 64 30 faire
2015 3268 64 19 sans
2092 3259 102 38 danger
2200 3269 8 26 ;
2226 3260 129 38 l'époqu»

1237 3293 37 27 de
1287 3293 24 26 la
1326 3291 135 30 fermenta
1468 3292 56 28 tiou
1538 3299 46 21 est,
1591 3294 102 33 passée.

1799 3411 13 18 a
1827 3402 84 30 L'état
1922 3402 89 30 actuel
2024 3404 35 27 de
2074 3404 24 27 la
2115 3404 137 38 Turquie,
2269 3404 43 28 dit
2328 3404 24 28 le

1234 3446 13 14 «
1271 3437 129 33 Courier,
1424 3445 37 18 ne
1478 3436 100 28 semble
1596 3437 96 28 laisser
1706 3446 92 19 aueun
1814 3441 87 35 espoir
1917 3441 33 25 de
1970 3441 60 27 voir
2044 3441 103 30 l'ordre
2167 3442 96 28 rétabli
2289 3450 64 19 sans

1234 3483 13 14 »
1269 3472 117 37 quelque
1404 3483 110 18 secours
1530 3475 38 25 du
1585 3474 112 28 dehors.
1717 3476 37 26 La
1769 3476 126 35 question
1912 3483 38 20 est
1965 3477 72 26 donc
2061 3489 7 14 :
2094 3478 59 25 Par
2167 3481 51 32 qui
2232 3484 26 21 et
2280 3483 73 22 dans

1237 3521 12 12 «
1270 3511 102 32 quelles
1385 3510 104 26 limites
1504 3520 31 17 ce
1547 3519 109 18 secours
1671 3513 117 25 sera-t-il
1808 3510 148 43 prêté?...
1980 3523 12 14 m
2016 3515 35 25 Le
2073 3514 115 27 Courier
2206 3524 34 17 ne
2257 3515 94 27 donne

1233 3554 47 27 pas
1293 3544 25 26 la
1332 3547 113 34 réponse
1459 3548 12 25 à
1487 3552 72 22 celte
1573 3546 142 35 question;
1733 3548 69 26 mais
1814 3548 20 26 il
1850 3548 69 27 n'est
1932 3559 46 26 pas
1994 3548 111 28 difficile
2120 3549 32 27 de
2167 3549 25 27 la
2209 3553 122 26 deviner.

1267 3588 47 27 Au
1337 3589 129 37 surplus,
1491 3589 40 27 les
1544 3591 138 35 journaux
1694 3591 103 35 anglais
1812 3592 77 28 n'ont
1902 3593 116 27 d'autres
2035 3594 145 26 nouvelles
2202 3594 33 27 de
2255 3595 94 30 Grèce

1232 3634 56 27 que
1300 3625 80 27 celles
1394 3626 45 26 des
1455 3620 109 33 feuilles
1577 3626 38 26 du
1631 3627 155 27 continent.

1267 3672 37 26 Le
1319 3672 136 26 Nanti/us
1467 3680 13 18 a
1496 3672 129 37 rapporté
1639 3672 131 37 quelques
1786 3673 94 28 lettres
1892 3674 47 28 des
1952 3674 105 28 marins
2070 3677 164 37 embarqués
2245 3678 13 26 à
2269 3678 74 28 bord

1232 3707 44 26 des
1291 3707 137 27 vaisseaux
1443 3707 31 26 de
1487 3707 175 37 l'expédition
1674 3718 34 18 au
1723 3710 73 37 pôle.
1815 3711 79 26 Deux
1907 3711 34 27 de
1956 3722 43 17 ces
2011 3711 91 28 lettres
2118 3713 126 27 viennent
2258 3715 86 28 d'être

1231 3744 123 35 publiées
1369 3752 48 30 par
1431 3744 38 26 les
1483 3744 146 34 journaux.

1266 3780 87 27 L'une
1371 3787 38 21 est
1422 3780 33 26 de
1465 3781 37 26 M.
1518 3781 131 34 Edward,
1665 3781 161 38 chirurgien
1840 3782 34 27 de
1889 3783 25 26 la
1928 3784 91 26 Furie.
2037 3783 58 27 Elle
2109 3790 38 22 est
2160 3785 83 27 datée
2257 3785 38 28 du
2308 3787 37 28 3o

1228 3815 58 35 juin
1297 3837 6 12 ,
1318 3816 100 27 côteN.
1430 3816 33 27 E.
1479 3816 188 37 d'Amérique.
1684 3820 25 25 A
1721 3826 69 20 cette
1802 3820 107 34 époque
1922 3841 7 12 ,
1945 3827 59 20 tous
2014 3821 44 26 les
2068 3821 115 27 officiers
2193 3824 34 25 de
2237 3822 90 38 l'expé-

1228 3853 87 27 dition
1331 3854 177 35 paroissoient
1526 3853 117 37 remplis
1658 3854 128 35 d'espoir.
1809 3856 91 34 Après
1913 3856 81 26 avoir
2009 3857 94 27 trouvé
2115 3856 26 27 le
2153 3868 111 31 passage
2285 3863 58 24 tant

1228 3888 87 30 désiré
1329 3889 46 37 qui
1388 3888 57 31 doit
1459 3888 43 30 les
1514 3889 129 31 conduire
1658 3889 105 31 dau*|e
1778 3894 86 33 grand
1881 3892 94 30 Océan
1989 3893 139 38 pacifique
2141 3914 9 14 ,
2180 3894 35 28 ils
2237 3904 28 19 se
2281 3905 63 28 pru»

125 312 46 28 On
328 321 50 20 rue

103 347 106 28 Prêtres
222 348 137 30 Saint-Ge
376 347 5 31 '

149 385 178 37 (Auxerrois,

2033 176 4 71 ■
2074 176 330 71 >WémfW

2248 240 129 52 pléf

1951 318 61 27 Prix
2022 326 6 19 -,
2042 330 7 15 i
2057 320 14 25 fi
2081 318 34 26 fr.
2125 325 72 31 pour
2205 307 141 39 ï.wiS«n6i*
2349 334 9 20 f

2007 354 34 28 56
2104 364 71 26 pour
2186 356 38 27 six
2241 356 71 27 mois
2323 367 9 24 $

2009 399 35 24 <72
2059 391 35 26 ir.
2111 399 71 27 pour
2193 391 112 28 l'aimée.
