3237 4654
470 162 2302 353 tageblatt

1372 531 449 108 JOURNAL
1881 528 343 89 D'ESCH

116 590 227 22 LUXEMBURGER
364 589 470 26 GENOSSENSCHAFTSDEUCKEEE1

81 679 341 36 ESCH-ALZETTE,
439 679 386 25 REDINGERSTRASSE
839 684 16 23 4
872 684 32 23 4,
920 684 63 23 TEL.
995 685 98 19 ESCH
1107 683 108 25 2761,
1237 683 303 25 2762,LUXEMBURG
1557 682 73 19 5528
1689 677 433 23 PO8TSCHECK-KONÜO:
2145 676 92 20 10741
2306 672 253 22 LUXEMBURG,
2586 667 71 22 WAS
2683 667 239 22 SERSTRASSE
2943 668 18 21 6,
2981 665 77 19 TEL.
3072 664 67 19 2368

115 774 169 101 Die
321 762 497 115 Entrevue
844 773 695 103 Truman-Mac
1571 770 365 101 Arthur

115 911 132 27 Auftakt
265 917 43 19 zu
330 909 100 27 einer
453 908 293 33 diplomatischen
776 910 292 34 Gegenoffensive
1095 912 66 26 der
1181 911 72 27 USA
1328 908 310 33 Zurechtweisung
1661 908 66 26 des
1747 906 174 27 Generals

115 964 110 27 durch
247 963 66 26 den
335 960 231 27 Präsidenten

138 1024 65 21 Insel
218 1023 83 21 Wake.
317 1022 44 21 Die
377 1021 38 21 bis
430 1027 44 15 zur
488 1021 92 20 letzten
596 1021 97 22 Minute

111 1052 247 27 geheimgehaltenen
391 1050 209 25 Besprechungen
633 1051 60 20 zwi-

109 1082 74 21 schen
211 1081 131 21 Präsident
371 1080 110 21 Truman
512 1079 50 21 und
585 1079 107 21 General

108 1112 56 20 Mac
180 1110 94 21 Arthur
290 1109 44 21 auf
347 1109 44 21 der
406 1109 65 20 Insel
487 1108 76 21 Wake
579 1108 55 21 sind
649 1108 44 21 be-

109 1140 80 21 endet.

137 1169 110 20 Truman
263 1168 44 21 hat
324 1167 39 21 die
381 1167 65 20 Insel
464 1172 39 15 am
522 1166 170 24 Sonntagmit-

107 1198 42 24 tag
177 1197 125 24 (Ortszeit)
331 1196 134 21 verlassen.
501 1195 107 21 General
636 1195 56 21 Mac

105 1226 98 22 Arthur
223 1226 32 20 ist
274 1231 42 15 um
337 1225 25 20 16
382 1225 52 20 Uhr
454 1224 125 24 (Ortszeit)
599 1224 93 21 wieder

108 1256 27 21 in
149 1255 77 21 Tokio
242 1254 386 25 gelandet.

136 1285 44 20 Bei
203 1284 81 20 seiner
313 1282 121 24 Landung
464 1281 44 21 auf
537 1281 56 20 dem
616 1271 76 35 Flug-

106 1313 81 26 platze
220 1312 102 21 Heneda
355 1311 108 21 erklärte
496 1310 107 21 General
636 1310 56 21 Mac

106 1341 104 21 Arthur:

134 1370 57 24 "Ich
213 1369 126 25 empfinde
348 1369 82 21 tiefste
441 1368 169 25 Genugtuung
630 1368 62 21 über

105 1399 66 21 mein
197 1398 103 21 Treffen
333 1397 50 21 und
408 1397 81 20 meine
515 1397 176 25 Unterredung

104 1428 46 21 mit
172 1427 132 21 Präsident
327 1427 110 20 Truman
459 1425 51 21 und
534 1426 86 20 seinen
643 1426 48 20 Be-

104 1457 92 24 ratern,
215 1457 46 21 mit
281 1456 80 21 denen
381 1455 39 20 ich
440 1455 39 20 die
497 1454 132 21 Probleme
648 1455 43 21 des

106 1486 97 20 Fernen
231 1485 89 20 Ostens
347 1484 135 21 behandelt
508 1483 71 25 habe,
606 1484 83 20 insbe-

104 1514 104 21 sondere
235 1513 38 21 die
299 1512 131 21 Probleme
457 1512 105 24 Koreas,
596 1512 94 25 Japans

103 1543 52 22 und
174 1543 44 21 der
237 1542 165 25 Philippinen.

132 1573 64 24 "Der
215 1572 97 20 Besuch
331 1571 42 21 des
392 1570 165 21 Präsidenten
576 1570 34 21 im
629 1571 76 23 Stil-

102 1601 42 21 len
161 1601 83 20 Ozean
262 1600 63 21 wird
342 1600 135 21 zweifellos
496 1600 25 20 in
540 1599 66 21 allen
623 1600 66 20 Län-

103 1630 61 22 dern
183 1630 43 21 des
244 1630 96 20 Fernen
359 1628 90 21 Ostens
468 1628 76 26 große
563 1628 127 24 Begeiste-

88 1655 77 29 rung
183 1659 115 21 auslösen
314 1658 51 21 und
381 1658 36 20 als
434 1657 103 24 Symbol
554 1657 43 21 des
614 1662 75 16 uner-

102 1688 194 22 schütterlichen
337 1687 171 21 Entschlusses
549 1686 141 21 betrachtet

102 1717 108 24 werden,
229 1717 48 21 den
293 1716 105 21 Frieden
416 1712 34 23 im
468 1715 97 21 Pazifik
582 1715 51 21 und
651 1715 38 21 die

101 1746 110 22 Freiheit
230 1745 88 21 Asiens
336 1751 29 15 zu
385 1744 138 21 schützen."

215 1796 60 21 Eine
290 1795 140 24 Erklärung
445 1795 131 20 Trumans.

131 1849 28 21 In
182 1848 69 22 einer
273 1847 44 22 der
337 1848 88 20 Presse
447 1846 64 21 nach
533 1846 82 21 seiner
636 1845 53 21 Un-

100 1877 137 25 terredung
257 1877 45 21 mit
322 1877 56 20 Mac
398 1876 95 20 Arthur
514 1855 191 87 übergebenen

100 1906 141 25 Erklärung
276 1905 75 21 setzte
384 1905 141 21 seinerseits
557 1904 132 21 Präsident

101 1936 110 21 Truman
235 1933 171 25 auseinander,
430 1933 48 21 daß
501 1938 27 15 er
550 1932 39 21 die
613 1932 76 21 13.000

721 963 49 25 km,
788 963 39 21 die
844 964 161 25 Washington
1023 969 49 15 von
1088 963 44 21 der
1148 964 66 20 Insel
1231 963 77 21 Wake

721 992 112 25 trennen,
855 992 176 27 zurückgelegt
1050 993 49 24 hat,
1120 993 57 20 weil
1198 998 27 15 er
1246 993 61 24 "den

725 1021 107 21 General
858 1021 57 20 Mac
941 1020 97 22 Arthur
1063 1021 69 21 nicht
1158 1021 87 25 länger
1270 1021 36 20 als

722 1049 68 25 nötig
833 1055 60 19 war,
936 1055 49 15 von
1028 1049 56 21 dem
1127 1049 180 21 koreanischen

722 1078 234 25 Kriegsschauplatz
972 1078 143 21 fernhalten
1131 1078 105 22 wollte".

750 1108 50 20 Der
825 1107 132 22 Präsident
982 1108 89 24 sprach
1098 1107 66 21 dann
1190 1113 48 15 von
1264 1107 44 21 der

722 1136 197 25 "vollständigen
960 1136 262 25 Uebereinstimmung
1264 1136 44 21 der

721 1165 158 25 Ansichten",
917 1165 38 21 die
988 1165 121 21 während
1139 1165 44 21 der
1214 1170 93 20 ganzen

721 1194 142 21 Konferenz
886 1193 144 26 geherrscht
1054 1193 70 25 habe,
1156 1193 76 21 deren
1263 1194 44 20 Er-

721 1223 114 24 gebnisse
853 1228 27 15 er
896 1223 42 20 für
956 1222 71 24 "sehr
1043 1222 185 25 befriedigend"
1247 1222 59 21 hält.

749 1253 45 20 Die
814 1252 140 24 Erklärung
975 1251 73 25 spielt
1068 1252 33 20 im
1122 1251 128 21 einzelnen
1270 1251 38 24 je-

721 1281 63 21 doch
802 1286 47 15 nur
867 1281 44 21 auf
929 1280 44 21 das
991 1280 197 25 Koreaproblem
1207 1286 31 14 an
1256 1280 50 20 und

721 1309 93 26 betont,
828 1309 48 21 daß
892 1309 66 21 diese
973 1310 78 23 Frage
1066 1308 48 21 den
1129 1308 176 25 Hauptgegen-

721 1339 72 21 stand
810 1338 44 21 der
868 1338 176 24 Unterredung
1060 1337 109 25 gebildet
1185 1337 50 21 hat.

749 1375 68 20 Dazu
853 1374 69 22 heißt
949 1380 25 16 es
1011 1374 64 20 nach
1104 1374 81 20 einem
1214 1373 93 20 kurzen

719 1403 150 21 Ueberblick
892 1403 61 20 über
976 1402 39 21 die
1038 1402 180 21 militärischen
1241 1402 66 24 Ope-

720 1434 99 20 rationen

750 1469 65 24 "Wir
829 1468 82 20 haben
927 1468 64 21 auch
1004 1467 62 21 über
1082 1467 39 20 die
1137 1466 170 20 Maßnahmen

720 1498 139 24 diskutiert,
879 1497 38 20 die
938 1496 121 26 ergriffen
1078 1495 101 21 werden
1198 1495 107 22 müssen,

720 1533 42 15 um
781 1532 26 16 so
827 1526 93 21 schnell
939 1525 47 21 wie
1005 1524 108 25 möglich
1131 1524 105 21 Frieden
1255 1523 51 21 und

719 1556 138 21 Sicherheit
879 1555 25 20 in
927 1554 80 21 dieser
1030 1552 103 25 Gegend
1154 1552 152 21 wiederher-

722 1584 120 21 zustellen
868 1583 88 25 gemäß
983 1582 56 21 dem
1066 1581 70 21 Geist
1169 1581 44 21 der
1245 1580 60 21 Ent-

719 1612 144 25 schließung
889 1612 44 21 der
957 1610 298 24 Generalversammlung
1264 1609 44 21 der

719 1642 133 21 Vereinten
883 1641 131 23 Nationen,
1054 1639 51 21 und
1143 1645 42 15 um
1216 1639 90 20 unsere

721 1670 161 22 Streitkräfte
908 1675 44 15 aus
977 1669 82 20 Korea
1086 1667 220 23 zurückzuziehen,

719 1700 87 20 sobald
823 1700 38 21 die
879 1699 76 21 ihnen
971 1704 49 15 von
1038 1698 48 20 den
1103 1697 135 21 Vereinten
1254 1697 51 19 Na-

718 1729 84 21 tionen
821 1728 166 24 übertragene
1004 1727 105 21 Mission
1127 1726 106 21 beendet
1253 1725 52 21 ist."

747 1759 31 19 Es
794 1757 106 21 handele
916 1756 52 21 sich
982 1756 26 21 in
1024 1755 44 21 der
1082 1755 166 25 Hauptsache,
1264 1760 40 15 er-

718 1787 66 21 klärt
803 1786 132 21 Präsident
954 1785 110 21 Truman
1083 1784 93 24 weiter,
1197 1783 109 26 "darum,

718 1816 48 21 den
784 1816 147 20 Koreanern
949 1814 39 21 bei
1008 1814 68 20 ihrer
1094 1812 210 22 Wiederaufrich-

717 1845 62 24 tung
796 1844 130 21 behilflich
949 1849 28 15 zu
1004 1844 59 20 sein.
1095 1842 55 21 Alle
1183 1841 121 25 mögliche

718 1873 68 21 Hilfe
804 1878 49 16 von
872 1873 77 20 seiten
968 1872 43 21 der
1029 1871 134 21 Vereinten
1181 1871 124 20 Nationen

718 1903 35 20 sei
771 1902 76 21 ihnen
864 1901 102 26 gewiß

747 1932 28 20 In
792 1931 57 21 sehr
865 1930 132 25 allgemein
1014 1929 149 26 gehaltenen
1178 1928 126 22 Wendun-

1336 966 46 21 gen
1409 961 58 25 geht
1496 961 38 21 die
1555 960 141 25 Erklärung
1716 957 74 23 dann
1818 959 44 21 auf
1882 958 38 21 die

1336 991 78 24 Frage
1441 990 67 20 eines
1533 988 248 24 Friedensvertrages
1806 988 46 21 mit
1877 988 44 20 Ja-

1336 1025 48 19 pan
1401 1019 46 24 ein,
1463 1018 61 21 über
1540 1017 39 21 die
1595 1023 33 19 er,
1643 1017 49 21 wie
1706 1022 25 16 es
1747 1016 76 24 heißt,
1839 1016 82 21 Gene-

1336 1048 37 21 ral
1394 1048 56 20 Mac
1471 1047 95 21 Arthur
1587 1052 43 15 um
1651 1046 67 20 seine
1738 1045 120 25 Meinung
1877 1044 44 21 be-

1336 1076 67 24 fragt
1420 1076 71 21 habe.

1365 1104 121 25 "General
1510 1104 56 20 Mac
1590 1104 96 20 Arthur
1709 1104 51 20 und
1783 1103 60 25 ich",
1867 1103 55 25 fügt

1336 1134 44 21 der
1403 1133 132 21 Präsident
1560 1132 81 24 hinzu,
1675 1132 94 24 "haben
1794 1131 39 21 die
1859 1131 63 21 feste

1336 1163 137 24 Hoffnung,
1508 1161 48 21 daß
1585 1162 26 19 in
1632 1161 112 20 Zukunft
1772 1161 40 20 ein
1839 1166 82 17 neues,

1336 1191 143 21 friedliches
1501 1190 50 21 und
1573 1190 138 20 blühendes
1733 1190 82 24 Japan
1838 1189 84 21 aufer-

1336 1220 87 20 stehen
1440 1219 83 21 wird."

1365 1249 65 23 "Wir
1446 1247 55 21 sind
1518 1253 46 15 uns
1580 1247 170 21 vollkommen
1767 1247 44 21 der
1827 1247 126 21 Gefah-

1336 1283 44 15 ren
1401 1276 122 25 bewußt",
1551 1275 69 22 heißt
1648 1281 25 15 es
1694 1275 93 24 weiter,
1810 1275 53 24 "die
1883 1271 70 24 die

1336 1305 112 21 Zukunft
1464 1311 46 15 uns
1527 1304 147 21 vorbehält.

1364 1335 67 20 Aber
1448 1334 46 21 wir
1512 1333 114 25 glauben,
1645 1333 34 21 sie
1697 1333 66 20 dank
1781 1333 44 20 der
1842 1332 81 21 dreier

1335 1363 120 25 Trümpfe
1488 1362 39 21 die
1559 1362 46 21 wir
1638 1362 26 20 in
1696 1361 105 21 Händen
1834 1361 88 24 haben,

1336 1391 164 20 überwinden
1517 1397 29 15 zu
1563 1391 109 21 können:

1366 1421 17 19 1.
1402 1420 49 20 Der
1470 1419 203 21 vorbehaltlosen
1692 1419 113 24 Hingabe
1825 1424 31 15 an
1875 1419 47 21 den

1336 1449 112 20 Frieden.

1363 1478 19 20 2.
1400 1478 50 20 Der
1467 1477 261 24 Uebereinstimmung
1745 1477 46 20 mit
1808 1476 114 25 denjeni-

1335 1511 47 20 gen
1400 1506 160 25 Mitgliedern
1578 1506 44 21 der
1639 1506 135 20 Vereinten
1791 1506 131 23 Nationen,

1336 1535 39 20 die
1393 1535 46 20 wie
1458 1535 46 20 wir
1524 1535 48 21 den
1589 1535 106 20 Frieden
1713 1534 89 21 lieben.

1363 1564 18 20 3.
1402 1564 121 20 Unserem
1543 1563 69 21 Geist
1631 1563 44 20 der
1694 1563 229 21 Entschlossenheit

1335 1592 51 21 und
1407 1598 103 15 unserer
1529 1592 165 21 wachsenden
1716 1592 110 21 Stärke."

1349 1635 143 17 MacArthur
1510 1639 47 13 von
1575 1635 102 17 Truman
1696 1634 211 22 zurechtgewiesen

1368 1673 154 26 Abgesehen
1551 1678 50 15 von
1630 1672 49 22 den
1710 1678 50 15 von
1789 1671 135 22 Präsident

1337 1701 113 22 Truman
1473 1702 79 22 selbst
1575 1701 149 22 erwähnten
1747 1701 125 24 Punkten,
1897 1700 56 22 so

1337 1732 65 22 wird
1424 1732 27 22 in
1472 1732 187 26 eingeweihten
1679 1731 110 22 Kreisen
1819 1730 103 25 erklärt,

1337 1762 65 21 habe
1415 1762 45 21 der
1474 1761 174 26 Hauptzweck
1661 1761 45 22 der
1715 1761 74 21 Reise
1798 1760 125 22 Trumans

1336 1798 46 16 vor
1397 1792 77 21 allem
1489 1791 73 22 darin
1576 1790 148 26 bestanden,
1739 1790 59 21 dem
1812 1789 141 22 General

1336 1821 157 22 MacArthur
1507 1820 295 25 auseinanderzusetzen,
1817 1819 50 22 daß
1882 1819 41 22 die

1336 1850 166 26 Vereinigten
1518 1850 105 21 Staaten
1641 1849 63 25 jetzt
1722 1849 56 22 eine
1795 1849 127 26 diploma-

1336 1880 79 22 tische
1432 1879 133 22 Offensive
1581 1879 27 22 in
1623 1878 104 27 großem
1744 1878 118 22 Maßstab
1879 1883 43 21 ge-

1322 1894 62 42 gen
1397 1910 41 22 die
1452 1910 99 21 Russen
1563 1910 198 21 unternommen
1774 1908 90 25 haben,
1879 1914 44 16 um

1322 1937 44 25 zu
1380 1939 149 26 versuchen,
1546 1939 78 21 ihnen
1639 1938 40 22 die
1693 1938 130 22 Initiative
1838 1938 26 22 in
1877 1936 46 23 der

1336 1969 216 22 internationalen
1568 1968 95 22 Politik
1678 1974 31 15 zu
1725 1967 140 25 entreißen,
1882 1967 71 24 die

1322 1994 49 26 sie
1389 1998 48 22 seit
1453 1998 50 22 fast
1519 1998 64 22 zwei
1599 1998 104 26 Jahren,
1720 1998 22 22 d.
1760 1998 23 21 h.
1800 1997 48 22 seit
1864 1998 58 21 dem

1336 2027 139 27 Mißerfolg
1505 2028 44 21 der
1573 2026 101 22 Pariser
1697 2026 225 22 Außenminister-
1949 2035 5 16 i

1336 2058 154 25 Konferenz,
1510 2054 155 29 innegehabt
1684 2056 90 22 haben.

1365 2087 62 21 Eine
1441 2087 128 26 derartige
1584 2086 134 22 Offensive
1732 2086 127 22 erfordert
1871 2092 50 16 von

1336 2116 83 22 einem
1445 2116 93 26 Lande,
1572 2116 45 22 das
1650 2115 65 22 nach
1740 2115 49 22 den
1816 2113 107 27 eigenen

1335 2146 104 22 Worten
1457 2145 126 22 Trumans
1603 2145 41 22 die
1664 2144 211 22 "Führerschaft"
1897 2144 56 27 in

1336 2175 44 22 der
1403 2175 66 22 Welt
1492 2175 186 22 übernommen
1700 2175 50 26 hat,
1776 2175 56 22 eine
1855 2174 67 22 voll-

1335 2204 116 27 ständige
1487 2204 271 26 Uebereinstimmung
1795 2203 126 22 zwischen

1335 2235 49 21 den
1406 2234 244 22 verantwortlichen
1671 2233 127 22 Männern
1819 2233 134 22 Ameri-

1334 2263 53 25 kas,
1404 2263 81 22 damit
1502 2263 41 22 die
1560 2258 167 30 Vereinigten
1744 2261 106 23 Staaten
1866 2262 87 22 ihre

1333 2291 96 22 Politik
1442 2292 47 22 mit
1503 2292 44 22 der
1562 2292 44 22 der
1623 2292 112 22 anderen
1749 2291 204 25 Großmächte

1334 2322 45 22 der
1408 2321 140 22 Vereinten
1577 2320 127 22 Nationen
1740 2320 27 22 in
1795 2319 127 26 Einklang

1334 2351 109 27 bringen
1464 2351 145 22 können.

1363 2380 38 21 Im
1418 2380 82 22 Laufe
1516 2381 45 21 der
1578 2379 187 26 Unterredung,
1783 2379 139 24 besonders

1335 2410 43 22 des
1396 2411 84 21 ersten
1497 2409 89 26 Teiles,
1604 2410 45 21 der
1666 2410 76 21 unter
1757 2408 55 22 vier
1830 2408 91 26 Augen

1334 2446 46 16 vor
1396 2440 54 22 sich
1465 2439 66 27 ging,
1547 2439 47 22 soll
1609 2438 112 22 Truman
1736 2438 58 22 dem
1811 2437 143 24 General

1334 2468 157 22 MacArthur
1520 2468 122 22 bedeutet
1672 2468 90 25 haben,
1800 2468 49 22 daß
1880 2468 40 22 die

1335 2498 160 22 Grundsätze
1517 2499 44 21 der
1584 2497 221 22 amerikanischen
1826 2496 95 22 Politik
1949 2501 5 19 ]

1334 2528 27 22 in
1378 2528 70 22 ihrer
1468 2527 166 26 Gesamtheit,
1653 2528 52 22 und
1724 2527 71 22 nicht
1812 2533 49 16 nur
1880 2527 40 22 die

1334 2558 45 22 der
1396 2557 154 22 asiatischen
1563 2556 102 26 Politik,
1681 2556 174 22 vorbehaltlos
1870 2562 83 19 von

1333 2588 59 22 dem
1411 2586 331 22 Oberkommandierenden
1761 2588 44 21 der
1826 2585 127 22 ameri-

1334 2617 139 22 kanischen
1493 2616 165 22 Streitkräfte
1678 2616 27 22 in
1723 2616 83 26 Japan
1827 2616 93 25 akzep-

1333 2647 60 22 tiert
1413 2646 104 22 werden
1535 2645 113 22 müßten.
1795 2654 8 10 •

1364 2676 38 22 Im
1421 2676 171 27 allgemeinen
1611 2675 47 22 soll
1675 2675 113 22 Truman
1805 2675 54 22 ihm
1878 2681 75 18 er-

1334 2705 68 22 klärt
1419 2706 90 25 haben,
1526 2705 104 22 dürften
1648 2705 53 22 sich
1717 2704 237 25 Zwischenfälle,

1333 2736 49 22 wie
1395 2736 41 22 die
1449 2735 135 22 berühmte
1596 2734 146 26 Erklärung
1751 2733 169 22 MacArthurs
1948 2733 5 19 1

1334 2766 63 22 über
1422 2766 127 25 Formosa,
1575 2765 70 22 nicht
1669 2764 174 22 wiederholen
1867 2764 53 22 und
1948 2762 5 21 1

1334 2795 27 22 in
1375 2795 50 22 den
1439 2795 92 26 Augen
1546 2794 44 22 der
1605 2794 66 21 Welt
1685 2794 71 22 nicht
1770 2794 41 22 die
1825 2794 95 22 Politik

1334 2825 44 22 der
1397 2824 221 22 amerikanischen
1634 2823 145 27 Regierung
1796 2823 26 22 in
1839 2821 114 27 Frage

1334 2854 98 22 stellen.

1363 2884 71 22 Kurz
1449 2884 51 22 und
1516 2885 49 26 gut,
1581 2882 112 22 Truman
1708 2882 47 22 soll
1769 2882 26 22 in
1809 2882 110 24 Worten,

1333 2915 79 22 deren
1432 2913 162 27 energischer
1613 2912 53 22 Ton
1686 2912 107 22 offiziell
1811 2912 142 22 hervor-

1334 2943 116 27 gehoben
1470 2943 71 25 wird,
1565 2943 58 21 dem
1644 2942 111 22 General
1776 2943 41 22 die
1838 2942 81 25 Dinge

1334 2973 152 22 wiederholt
1518 2972 89 25 haben,
1648 2971 40 22 die
1711 2972 88 22 Foster
1824 2966 129 33 Dulles,

1333 3003 122 26 Johnson,
1470 3002 111 22 General
1594 3001 111 26 Bradley
1717 3002 52 22 und
1783 3001 137 22 Harriman

1334 3032 35 22 im
1384 3032 81 22 Laufe
1480 3032 69 22 ihrer
1565 3031 200 22 verschiedenen
1781 3031 141 22 Missionen

1628 3068 101 24 (Schluß
1750 3068 44 21 auf
1811 3069 66 20 Seite
1896 3069 21 23 8)

134 2030 525 72 Ostdeutscher
698 2027 559 67 Wahlschwank

135 2132 95 23 Berlin.
292 2131 54 22 Seit
363 2132 100 26 gestern
479 2130 62 22 früh
556 2136 44 16 um
615 2129 12 21 7
637 2129 54 22 Uhr
703 2127 5 86 I

104 2163 85 23 haben
211 2162 54 22 sich
286 2161 41 22 die
348 2160 143 22 Bewohner
513 2160 45 22 der
580 2159 110 26 Sowjet-
703 2127 5 86 I

104 2198 70 20 zone,
197 2192 82 22 durch
302 2191 40 22 die
364 2190 129 22 Fanfaren
516 2189 45 22 der
585 2188 106 22 "Freien

104 2221 146 23 Deutschen
274 2219 115 27 Jugend"
416 2219 121 27 geweckt,
572 2218 44 22 auf
641 2215 66 24 den
701 2215 6 99 I'

104 2252 61 25 Weg
181 2257 32 15 zu
230 2250 51 22 den
298 2248 157 22 Wahlurnen
474 2247 121 27 begeben.
613 2228 92 86 Diese

101 2286 88 17 waren
212 2279 38 22 bis
271 2279 27 20 20
322 2277 55 22 Uhr
398 2277 121 26 geöffnet.

132 2308 48 22 Die
202 2307 234 26 Wahlbeteiligung
466 2306 49 22 soll
537 2306 66 22 nach
627 2304 61 22 offi-

101 2338 92 23 ziellen
210 2336 153 23 Statistiken
381 2335 55 22 95%
457 2335 124 25 betragen
596 2335 91 22 haben.

101 2368 81 22 Unter
198 2368 46 22 der
262 2366 123 26 Führung
401 2372 52 16 von
469 2363 220 27 Propagandisten

101 2397 115 22 bildeten
229 2396 41 22 die
282 2396 104 22 Wähler
399 2395 75 26 lange
487 2394 136 22 Kolonnen
636 2393 52 22 und

100 2426 193 25 marschierten,
310 2425 86 22 hinter
413 2424 207 26 Musikkapellen
636 2423 52 22 und

101 2456 143 23 wehenden
259 2455 112 25 Fahnen,
386 2454 82 22 durch
483 2453 40 22 die
538 2452 48 22 mit
595 2451 93 22 Trans-

100 2487 126 27 parenten
246 2484 52 22 und
320 2484 143 22 Girlanden
491 2482 198 27 geschmückten

101 2515 118 26 Straßen,
238 2521 44 15 um
301 2514 70 22 ihrer
389 2512 169 26 Wahlpflicht
576 2512 112 22 nachzu-

100 2546 128 22 kommen.

131 2573 160 27 Diejenigen,
314 2573 41 22 die
378 2573 53 22 sich
452 2572 71 22 nicht
546 2571 81 22 durch
647 2570 41 22 die

100 2605 129 22 Fanfaren
248 2603 106 22 wecken
370 2602 93 25 ließen,
482 2601 108 22 wurden
608 2600 82 22 durch

101 2633 149 22 Aktivisten
263 2633 44 22 der
321 2631 154 22 Nationalen
488 2630 79 22 Front
581 2636 44 16 aus
640 2630 49 22 den

101 2664 99 22 Federn
219 2662 154 27 geschreckt.
392 2661 89 22 Dieser
500 2659 188 26 "Wettkampf"

102 2694 88 22 wurde
215 2692 82 22 durch
321 2689 368 27 Vertrauenskundgebungen

101 2723 46 22 der
169 2722 165 22 Kandidaten
357 2721 45 22 der
425 2719 175 22 Einheitsliste
623 2718 66 22 noch

103 2751 160 23 unterstützt.
285 2750 47 22 Die
353 2749 104 22 Wähler
479 2749 108 22 wurden
607 2748 82 22 durch

101 2782 44 22 das
165 2780 112 27 Beispiel
298 2780 45 22 der
362 2779 149 22 Aktivisten
530 2778 156 26 angefeuert,

102 2810 199 27 verpflichteten
325 2809 54 22 sich
403 2808 149 26 schriftlich,
575 2808 45 22 auf
643 2807 44 22 das

101 2841 81 22 Recht
196 2840 46 22 der
257 2838 218 26 Geheimhaltung
488 2838 69 22 ihrer
572 2834 115 24 Abstim-

102 2875 79 22 mung
202 2876 32 15 zu
254 2868 147 22 verzichten
430 2867 49 22 und
496 2867 82 22 ihren
600 2866 88 22 Wahl-

102 2899 77 22 zettel
197 2898 66 22 ohna
281 2898 139 26 Umschlag
438 2897 154 26 abzugeben.

132 2929 29 22 In
179 2928 90 22 letzter
287 2927 98 22 Stunde
403 2926 108 22 wurden
527 2926 40 22 die
585 2925 103 22 Wähler

103 2959 44 22 der
177 2958 110 22 Ostzone
316 2956 81 22 durch
426 2954 261 23 Sonderbotschaften

103 2989 45 21 der
172 2987 229 22 Gewerkschaften
433 2985 64 22 aller
519 2985 101 22 Länder
645 2985 44 21 des

104 3017 133 22 Ostblocks
266 3015 182 27 aufgefordert,
479 3014 55 21 ihre
563 3014 127 22 Stimmen

104 3048 44 21 der
169 3045 224 23 demokratischen
413 3043 128 27 Republik
562 3042 126 22 Deutsch-

104 3076 73 22 lands
192 3082 31 16 zu
240 3075 87 27 geben.

751 2127 81 27 Sogar
870 2128 45 22 der
945 2127 171 22 Weltmeister
1156 2126 35 22 im
1220 2126 85 26 Lang-

723 2157 181 27 streckenlauf,
944 2158 45 21 der
1024 2156 127 22 Tscheche
1186 2155 120 26 Zatopek,

719 2187 114 22 forderte
851 2186 123 22 während
994 2186 69 22 eines
1082 2185 224 22 Rundfunkinter-

719 2217 79 22 views
821 2222 41 16 am
883 2215 116 22 Berliner
1022 2215 98 22 Sender
1150 2215 49 21 alle
1230 2214 75 22 deut-

718 2244 77 22 schen
820 2245 115 26 Sportler
959 2245 50 24 auf,
1034 2245 54 21 sich
1111 2245 59 21 dem
1193 2243 112 25 Beispiel

717 2274 70 21 ihrer
799 2273 309 22 tschechoslowakischen
1119 2269 126 28 Kollegen
1258 2279 45 15 an-

718 2302 169 23 zuschließen.
919 2302 75 22 Auch
1026 2302 41 22 die
1098 2302 85 22 Kunst
1215 2302 89 22 wurde

717 2333 209 26 herangezogen:
944 2332 27 22 in
990 2331 68 22 allen
1076 2328 165 26 Ortschaften
1259 2331 45 22 der

718 2362 160 26 Sowjetzone
903 2361 85 22 haben
1012 2361 110 22 Kultur-
1146 2361 53 25 und
1223 2360 81 22 Tanz-

717 2391 235 27 veranstaltungen,
968 2391 49 22 wie
1032 2390 44 22 die
1092 2390 130 22 Nationale
1237 2390 72 22 Front

717 2421 176 27 bekanntgibt,
914 2420 109 27 "diesen,
1043 2420 27 22 in
1088 2420 45 22 der
1153 2419 152 22 Geschichte

717 2451 187 22 Deutschlands
938 2450 82 26 einzig
1053 2450 176 22 dastehenden
1253 2448 52 26 Tag

719 2481 44 21 auf
778 2480 115 26 würdige
911 2479 82 22 Weise
1011 2479 156 27 begonnen".

748 2517 88 22 Allein
860 2517 94 26 Berlin,
987 2517 45 21 das
1065 2516 71 22 nicht
1160 2523 33 15 an
1217 2516 87 22 diesen

718 2546 107 22 Wahlen
840 2546 132 26 teilnahm,
988 2546 44 21 bot
1046 2546 49 21 den
1112 2545 193 27 gewöhnlichen

717 2576 111 22 Anblick
844 2576 52 22 dar.
911 2575 55 22 Nur
980 2575 41 22 die
1035 2575 210 22 Kontrollketten
1259 2575 45 22 der

718 2605 173 27 Volkspolizei
912 2605 108 22 wurden
1041 2604 72 27 längs
1136 2605 45 22 der
1204 2604 99 22 Zonen-

719 2641 91 21 grenze
830 2634 137 26 verstärkt,
987 2640 44 16 um
1051 2634 40 22 die
1114 2633 67 22 Zone
1202 2634 102 21 herme-

717 2666 66 22 tisch
801 2664 204 22 abzuschließen.

748 2709 47 22 Die
819 2708 121 22 Arbeiter
971 2708 44 22 des
1040 2707 153 26 Ostsektors,
1225 2707 79 22 deren

717 2738 158 22 Beobachter
893 2738 41 22 bei
951 2738 44 21 der
1011 2738 198 22 Volkskammer
1227 2737 77 22 schon

717 2768 81 22 durch
828 2768 49 22 den
907 2767 223 22 demokratischen
1153 2766 81 22 Block
1264 2772 40 16 er-

717 2799 80 21 nannt
814 2799 114 25 wurden,
945 2797 83 23 haben
1047 2797 53 22 sich
1117 2798 102 25 gestern
1234 2802 70 16 mor-

718 2834 48 21 gen
791 2834 33 15 an
849 2827 55 22 ihre
928 2827 204 25 Arbeitsstellen,
1166 2826 138 22 besonders

717 2865 32 15 an
766 2857 41 22 die
823 2856 158 22 Abrißstelle
998 2856 44 22 des
1059 2855 116 22 Berliner
1192 2855 112 26 Königs-

718 2887 123 22 schlosses
865 2886 121 27 begeben,
1010 2893 44 15 um
1077 2885 58 22 "für
1159 2886 49 22 den
1232 2885 71 22 Frie-

717 2916 63 22 den"
802 2915 82 27 einige
905 2915 196 22 Ueberstunden
1122 2921 31 15 zu
1173 2915 115 22 machen.

747 2953 30 22 In
811 2953 50 22 den
893 2952 191 22 Westsektoren
1117 2951 96 22 bildete
1247 2951 56 22 eine

718 2982 77 27 große
817 2981 182 27 Kundgebung
1026 2981 45 22 der
1099 2981 205 22 westdeutschen

718 3011 228 22 Gewerkschaften
978 3010 36 22 im
1046 3010 141 31 britischen
1212 3010 92 22 Sektor

718 3042 41 21 ein
773 3040 163 27 Gegenstück
949 3046 44 16 zur
1007 3040 152 26 Entfaltung
1171 3040 45 22 der
1229 3039 74 22 kom-

717 3070 186 22 munistischen
921 3070 175 26 Propaganda.

1978 1556 167 23 JOURNEES
2164 1554 250 24 EUROPÉENNES.
2472 1554 128 26 Empfang
2622 1555 34 21 im
2679 1548 90 27 Casino
2796 1551 110 27 (v.l.n.r.)
2950 1551 61 22 MM.
3036 1550 115 26 Calteux,

1983 1587 98 26 Frenay
2103 1587 53 22 und
2176 1586 99 22 Hubert
2296 1584 122 22 Clement.
2830 1582 92 24 (Photo
2940 1581 41 22 Pit
2998 1580 151 24 Schneider)

104 3169 308 111 Das
479 3156 1239 132 Armee-Projekt

190 3312 186 27 LUXEMBURG
397 3315 60 22 UND
476 3315 51 21 DIE
544 3314 62 22 ONU

391 3363 19 22 1.

137 3412 27 21 Es
178 3412 46 26 gibt
237 3412 52 21 kein
304 3363 55 68 Land
374 3363 27 68 in
416 3363 41 68 der
468 3417 83 18 ganzen
567 3410 62 23 Welt,
644 3409 44 24 das,
701 3359 5 83 l

110 3445 41 21 wie
165 3445 74 21 bisher
254 3444 148 25 Luxemburg,
418 3444 36 20 die
469 3443 132 25 allgemeine
618 3441 72 22 Wehr-

110 3478 80 26 pflicht
210 3478 99 25 einführt
331 3477 45 21 und
405 3476 112 21 beibehält
546 3475 38 25 auf
612 3474 78 21 Grund

111 3512 60 21 eines
192 3511 116 25 einfachen
329 3509 149 22 Beschlusses.
500 3508 94 21 Unserer
614 3508 76 24 Regie-

110 3553 56 18 rung
185 3552 44 14 war
248 3552 22 13 es
287 3543 152 23 vorbehalten,
458 3541 116 25 jahrelang
592 3540 38 25 auf
648 3540 43 21 die-

110 3587 46 14 sem
178 3578 66 26 Wege
263 3585 28 13 zu
310 3576 118 26 verfahren
449 3574 45 22 und
515 3574 44 24 erst
572 3574 66 24 jetzt,
657 3581 33 12 wo

109 3613 37 22 die
167 3611 119 27 geltenden
306 3611 184 23 Bestimmungen
512 3607 109 21 erweitert
641 3613 50 14 wer-

109 3648 44 21 den
173 3646 78 24 sollen,
273 3644 87 22 kommt
381 3644 39 21 das
441 3639 180 27 diesbezügliche
641 3639 51 20 Pro-

107 3681 48 26 jekt
173 3688 39 14 vor
230 3680 40 21 der
286 3678 108 22 Kammer
409 3683 40 14 zur
466 3675 142 22 Diskussion.

134 3722 28 22 Es
187 3722 58 20 wäre
268 3719 111 22 natürlich
403 3716 78 27 falsch,
503 3716 72 22 dieses
599 3713 93 26 Projekt

108 3755 107 26 lediglich
239 3762 27 13 zu
291 3754 139 21 diskutieren
454 3750 38 26 auf
517 3748 80 22 Grund
620 3748 72 21 seines

108 3789 139 21 materiellen
273 3787 92 22 Inhalts.
390 3786 29 21 Es
445 3784 55 21 muß
525 3780 167 27 hineingestellt

108 3824 88 21 werden
215 3824 22 20 in
259 3821 44 22 den
324 3820 101 22 Rahmen
445 3819 39 21 der
504 3814 188 24 internationalen

107 3858 101 25 Stellung
234 3863 89 14 unseres
348 3854 87 21 Landes
460 3851 46 22 und
530 3851 74 21 seiner
629 3849 64 19 inter-

107 3891 99 21 national
226 3890 192 21 übernommenen
440 3883 209 28 Verpflichtungen.

132 3925 64 22 Nach
217 3924 51 22 dem
287 3923 93 21 zweiten
402 3920 122 25 Weltkrieg
542 3917 38 22 hat
601 3916 92 21 Luxem-

108 3959 55 27 burg
182 3959 61 20 seine
263 3956 111 25 bisherige
392 3953 137 22 Neutralität
546 3949 146 27 aufgegeben.

107 3993 43 22 Die
168 3991 104 27 Aufgabe
292 3990 39 22 der
359 3987 136 22 Neutralität
514 3993 45 14 war
587 3984 105 25 übrigens

109 4028 35 20 ein
164 4026 102 23 Faktum,
287 4024 41 22 ehe
347 4024 33 20 sie
398 4030 44 13 von
463 4021 40 21 der
523 4019 107 21 Kammer
650 4017 43 26 for-

109 4061 51 21 mell
178 4057 179 28 ausgesprochen
375 4055 84 22 wurde.
480 4054 84 21 Unsere
582 4050 110 22 Neutrali-

110 4096 28 20 tät
157 4094 93 22 beruhte
268 4091 61 22 nicht
347 4090 38 26 auf
405 4090 73 21 einem
496 4086 129 22 nationalen
643 4085 49 21 Ent-

110 4129 80 24 scheid,
210 4127 98 22 sondern
331 4124 37 22 die
391 4122 127 26 damaligen
540 4118 153 23 Großmächte

109 4161 71 22 haben
199 4163 33 20 sie
251 4159 121 22 dekretiert
392 4157 45 22 und
458 4154 143 27 gleichzeitig
618 4159 75 19 garan-

109 4197 57 20 dert.
185 4196 43 21 Die
248 4194 111 22 Garanten
378 4197 85 15 waren:
485 4187 109 27 England,
612 4185 80 22 Frank-

112 4229 64 24 ,ich,
199 4227 148 24 Oesterreich,
370 4222 154 24 Deutschland
557 4220 46 22 und
633 4218 60 22 Ruß-

126 4263 43 22 :id.
188 4263 68 21 Einer
276 4262 39 21 der
336 4260 119 22 Garanten,
474 4253 160 25 Deutschland,
655 4252 38 21 hat

110 4298 59 21 dann
192 4296 52 22 1914
265 4295 60 21 diese
348 4292 136 22 Neutralität
513 4289 99 22 verletzt.
642 4286 51 22 Und

109 4331 56 22 nach
180 4330 51 22 dem
248 4333 71 16 ersten
336 4326 121 25 Weltkrieg
474 4326 27 19 ist
516 4323 76 22 weiter
607 4322 86 22 Oester-

109 4365 61 22 reich
184 4363 32 22 als
231 4362 82 21 Garant
327 4359 180 27 ausgeschieden.
520 4356 115 22 Zwischen
649 4355 44 21 den

111 4400 52 20 ̃jei
185 4395 150 24 Weltkriegen
354 4394 79 26 gelang
454 4400 22 13 es
496 4392 39 21 mit
557 4389 69 22 Mühe
647 4387 46 22 und

111 4433 40 20 mit
174 4431 45 21 Not
245 4436 79 14 unsere
347 4427 133 22 Neutralität
506 4422 136 23 theoretisch
666 4429 27 13 zu

112 4466 99 22 erhalten
236 4461 57 22 auch
318 4461 31 20 als
374 4460 104 26 Mitglied
502 4460 38 20 des
566 4456 127 26 damaligen

112 4497 179 24 Völkerbundes.
312 4495 52 20 1940
386 4494 75 22 wurde
483 4500 79 14 unsere
583 4490 110 22 Neutrali-

112 4534 32 20 tät
157 4539 50 14 zum
221 4531 93 21 zweiten
329 4527 46 21 Mal
387 4527 97 23 verletzt,
499 4525 110 22 abermals
622 4523 71 22 durch

112 4564 160 24 Deutschland.
295 4561 50 22 Und
366 4560 56 22 nach
443 4560 52 22 dem
514 4560 93 21 zweiten
630 4557 64 22 Welt.-

720 3312 64 27 krieg
800 3312 90 22 lehnten
907 3312 38 21 die
962 3311 133 26 vorherigen
1112 3311 119 24 Garanten,
1247 3309 57 22 auch

724 3346 108 22 Rußland
856 3345 229 24 selbstverständlich,
1111 3345 45 21 alle
1182 3344 121 21 Garantien

722 3379 34 21 ab.
775 3379 118 22 Natürlich
913 3379 76 21 hätten
1008 3379 40 21 wir
1069 3379 52 20 1944
1140 3384 44 13 von
1205 3384 40 13 uns
1266 3372 46 25 aus

723 3420 40 13 uns
792 3412 33 21 als
861 3412 87 20 neutral
977 3412 103 21 erklären
1117 3411 98 21 können.
1243 3410 62 21 Aber

723 3451 82 16 erstens
828 3445 60 21 hätte
909 3445 60 21 dann
997 3445 38 21 die
1062 3445 125 25 Besetzung
1215 3451 89 14 unseres

706 3478 103 38 Landes
827 3478 71 21 durch
916 3478 79 26 irgend
1015 3478 37 19 ein
1069 3478 93 20 anderes
1181 3477 62 21 Land
1262 3478 44 20 nie-

724 3511 95 21 manden
839 3511 149 26 verpflichtet,
1009 3518 41 13 uns
1068 3518 28 12 zu
1115 3510 63 25 Hilfe
1180 3517 46 13 zu
1245 3510 61 21 kom-

724 3551 49 13 men
793 3544 46 20 und
855 3545 103 19 zweitens
976 3544 77 21 hätten
1070 3544 40 20 wir
1126 3550 38 13 aus
1183 3543 39 21 der
1240 3543 66 25 Orga-

724 3578 96 20 nisation
839 3578 39 21 der
900 3577 119 21 Vereinten
1039 3576 113 21 Nationen
1172 3575 134 21 herausblei-

725 3610 42 21 ben
783 3611 100 29 müssen^
892 3610 104 22 Faktisch
1011 3617 44 13 war
1069 3610 106 21 während
1190 3610 39 20 des
1244 3609 62 21 Krie-

725 3650 36 17 ges
779 3644 141 26 Luxemburg
938 3645 36 20 ein
993 3644 186 26 kriegführendes
1196 3643 69 25 Land,
1284 3649 22 14 es

725 3683 44 13 war
788 3677 61 21 nicht
868 3677 62 20 mehr
949 3677 93 24 neutral,
1063 3685 22 13 es
1103 3677 60 21 hatte
1182 3677 74 20 Partei
1276 3683 29 14 er-

725 3709 89 26 griffen.
833 3710 45 21 Der
897 3710 103 22 Verzicht
1019 3710 38 25 auf
1075 3710 37 21 die
1130 3710 176 26 Mitgliedschaft

726 3743 117 21 innerhalb
861 3743 39 21 der
917 3743 63 22 ONU
998 3743 60 21 hätte
1074 3743 121 25 zweifellos
1212 3743 37 26 für
1265 3749 40 14 uns

726 3776 129 23 materielle,
877 3776 132 21 moralische
1031 3777 45 20 und
1097 3776 119 26 politische
1236 3776 70 22 Nach-

725 3810 53 21 teile
796 3809 88 27 gehabt,
901 3810 36 20 die
956 3810 60 21 nicht
1035 3817 27 13 zu
1081 3810 168 22 unterschätzen
1267 3817 39 13 wa-

726 3851 45 14 ren.
789 3843 50 22 Und
856 3843 40 20 mit
911 3843 72 21 dieser
999 3843 173 27 Zugehörigkeit
1189 3851 39 12 zur
1243 3843 63 22 ONU

726 3886 44 13 war
788 3876 85 22 damals
891 3876 46 21 und
956 3876 27 20 ist
1002 3876 56 21 auch
1076 3876 66 21 heute
1161 3876 58 21 noch
1236 3876 70 25 jeder-

726 3919 66 13 mann
808 3909 176 24 einverstanden,
1001 3909 56 21 auch
1074 3909 37 21 die
1126 3909 180 21 Kommunisten.

725 3945 37 22 Sie
780 3945 97 24 weigern
896 3942 48 21 sich
961 3942 66 21 heute
1047 3942 127 26 allerdings,
1192 3943 37 21 die
1247 3942 60 21 Kon-

725 3986 127 19 sequenzen
876 3976 80 22 daraus
979 3983 27 13 zu
1029 3975 85 25 ziehen,
1137 3976 38 21 das
1198 3977 27 20 ist
1251 3975 55 22 eben

726 4014 49 21 ihre
792 4011 78 26 Logik.

768 4044 115 26 Uebrigens
897 4044 38 26 ist
949 4042 38 21 die
1001 4041 134 22 Neutralität
1153 4042 60 21 nicht
1228 4041 80 27 gleich-

726 4079 127 22 bedeutend
877 4078 40 21 mit
946 4075 165 26 Entwaffnung.
1132 4075 43 21 Die
1203 4075 104 24 Schweiz,

730 4113 149 27 beispielsw'
937 4111 28 20 ist
990 4110 80 19 immer
1095 4108 88 21 neutral
1208 4116 99 18 gewesen

727 4149 46 21 und
789 4149 27 19 ist
834 4154 22 14 es
872 4144 56 22 auch
945 4142 126 27 geblieben.
1087 4141 46 21 Der
1149 4141 64 22 ONU
1230 4142 77 25 gehört

726 4182 37 22 die
778 4181 98 22 Schweiz
892 4178 60 22 nicht
969 4185 35 16 an,
1019 4177 33 20 sie
1067 4175 60 21 kann
1143 4175 35 21 ihr
1192 4183 38 17 gar
1247 4175 60 21 nicht

726 4215 135 27 angehören.
890 4213 60 21 Aber
987 4210 38 21 die
1053 4208 98 22 Schweiz
1186 4208 37 21 hat
1258 4210 49 19 eine

725 4250 88 24 Armee,
832 4250 49 20 eine
899 4246 50 22 sehr
966 4243 99 25 tüchtige
1081 4242 82 21 Armee
1178 4250 71 17 sogar.
1267 4242 41 21 Un-

725 4291 49 14 sere
789 4279 176 28 Zugehörigkeit
978 4284 39 14 zur
1033 4275 63 22 ONU
1110 4275 141 26 verpflichtet
1267 4283 41 13 uns

725 4326 28 14 zu
774 4318 58 23 dem,
853 4323 43 14 was
917 4315 23 20 in
962 4312 69 21 deren
1051 4309 100 21 Statuten
1171 4308 137 26 vorgesehen

726 4352 34 22 ist.
778 4351 116 22 Bedeuten
914 4347 61 22 diese
995 4342 200 27 Verpflichtungen
1214 4342 38 22 die
1271 4342 37 21 all-

725 4385 102 26 gemeine
840 4378 159 29 Dienstpflicht
1012 4378 12 29 ?
1038 4377 56 22 Muß
1107 4376 149 26 Luxemburg,
1270 4375 39 25 auf

725 4419 79 22 Grund
821 4419 74 21 seiner
911 4409 253 28 ONU-Mitgliedschaft,
1180 4410 37 21 die
1236 4409 72 22 Wehr-

726 4454 81 27 pflicht
829 4449 115 28 einführen
958 4449 13 28 ?
993 4445 51 22 Muß
1063 4445 34 22 et
1115 4444 54 25 jetzt
1192 4443 37 22 die
1249 4443 59 21 Mili-

729 4486 165 23 tär-Dienstzeit
922 4479 95 26 erhöhen
1032 4479 14 26 ?
1076 4478 149 25 Keineswegs.
1258 4476 49 22 Nie-

727 4522 73 25 mand,
818 4520 71 22 außer
908 4523 90 16 unserer
1016 4512 134 27 Regierung,
1167 4510 37 22 hat
1221 4511 23 25 je
1261 4510 47 22 der-

726 4556 81 26 artiges
822 4562 27 13 zu
866 4552 126 25 behaupten
1010 4546 56 23 auch
1081 4553 42 13 nur
1138 4549 90 21 gewagt.
1244 4542 63 22 Auch

1337 3310 31 21 im
1383 3309 188 26 Korea-Konflikt
1586 3317 73 13 waren
1673 3310 39 20 wir
1726 3309 136 27 keineswegs
1876 3317 44 14 ver-

1336 3342 110 27 pflichtet,
1474 3343 135 25 Freiwillige
1634 3343 154 22 anzuwerben.
1820 3343 100 21 Niemals

1337 3376 77 22 wurde
1431 3378 23 19 in
1473 3376 40 22 der
1531 3376 63 22 ONU
1613 3376 36 20 ein
1667 3375 122 27 derartiger
1807 3377 113 21 Beschluß

1338 3409 82 26 gefaßt.
1439 3410 65 21 Wäre
1520 3417 23 13 er
1561 3409 75 26 gefaßt
1653 3409 97 25 worden,
1766 3417 25 13 so
1808 3412 58 20 wäre
1883 3411 38 20 die

1338 3443 63 22 ONU
1422 3443 143 26 aufgeflogen
1586 3442 46 21 und
1659 3443 33 21 sie
1721 3442 106 22 bestände
1855 3443 97 22 heute

1339 3477 126 26 überhaupt
1488 3477 60 21 nicht
1573 3476 69 21 mehr.

1367 3517 45 21 Wir
1430 3517 117 21 bekennen
1563 3524 40 13 uns
1619 3516 56 21 nach
1690 3517 41 20 wie
1747 3524 40 13 vor
1801 3524 39 13 zur
1855 3517 66 25 Orga-

1339 3551 98 20 nisation
1462 3550 39 22 der
1525 3550 121 22 Vereinten
1670 3549 120 22 Nationen.
1816 3550 45 21 Wir
1888 3550 33 21 be-

1338 3583 89 22 kennen
1446 3592 41 12 uns
1506 3592 28 12 zu
1551 3583 44 22 den
1613 3583 129 25 Prinzipien
1761 3583 60 22 ihrer
1840 3583 111 23 Charta

1378 3618 42 20 wie
1434 3617 105 26 übrigens
1552 3618 23 24 ja
1588 3616 107 22 Rußland
1708 3616 57 21 auch
1833 3618 39 20 wir
1888 3617 33 21 be-

1339 3650 88 22 kennen
1451 3659 41 13 uns
1514 3659 28 13 zu
1564 3650 72 22 dieser
1658 3649 137 26 Institution,
1817 3650 51 21 weil
1888 3651 33 20 sie

1339 3684 38 21 die
1402 3685 87 25 einzige
1512 3685 34 24 ist,
1569 3684 38 21 die
1630 3682 146 27 Gelegenheit
1801 3683 68 22 bietet
1893 3691 28 13 zu

1339 3719 61 20 einer
1428 3718 137 25 Begegnung
1591 3716 109 22 zwischen
1727 3716 44 21 den
1793 3717 128 21 Vertretern

1339 3751 55 21 aller
1411 3751 91 24 Völker,
1518 3759 28 13 zu
1564 3751 60 20 einer
1640 3749 53 25 welt
1707 3749 144 25 umfassenden
1867 3750 54 21 Aus-

1338 3785 100 26 sprache.
1457 3785 46 21 Wir
1522 3784 68 22 sehen
1609 3784 22 20 in
1651 3783 39 20 der
1709 3783 63 22 ONU
1792 3785 37 20 ein
1847 3784 74 21 Mittel

1339 3826 38 13 zur
1396 3818 124 26 Erhaltung
1538 3818 38 21 des
1594 3816 118 24 Friedens;
1733 3818 36 19 ein
1789 3817 74 21 Mittel
1882 3813 69 24 zur

1338 3851 135 25 friedlichen
1507 3850 145 25 Schlichtung
1679 3850 156 22 entstandener
1862 3845 89 27 Kon-

1338 3884 72 26 flikte,
1425 3886 36 20 ein
1474 3885 75 21 Mittel
1562 3892 39 13 zur
1612 3883 139 21 kollektiven
1764 3884 97 21 Abwehr
1876 3884 76 31 und

1339 3916 159 28 Bekämpfung
1528 3918 64 25 jeder
1617 3915 226 28 Gewaltanwendung
1874 3917 47 20 zwi-

1339 3951 68 22 schen
1428 3952 44 21 den
1491 3951 120 22 Nationen.
1934 3961 17 23 <

1368 3992 46 22 Wir
1434 3992 113 21 bedauern
1565 3989 113 27 lediglich,
1697 3990 44 22 daß
1760 3999 22 13 es
1800 3992 40 21 der
1859 3986 61 26 ONU
1932 3966 19 38 1,

1341 4025 74 22 bisher
1432 4025 61 22 nicht
1512 4017 147 29 ausr'eichend
1678 4023 110 27 gelungen
1807 4025 34 23 ist,
1860 4007 91 44 diese

1341 4058 48 22 ihre
1402 4059 61 21 Ziele
1479 4067 28 13 zu
1524 4058 121 22 erreichen.
1662 4057 46 21 Wir
1722 4058 51 21 sind
1789 4058 56 22 auch
1860 4058 61 22 nicht

1340 4092 80 21 immer
1435 4092 170 22 einverstanden
1620 4091 39 20 mit
1674 4091 44 21 den
1734 4091 77 26 Voten,
1826 4092 38 21 die
1877 4099 74 13 von

1341 4133 94 14 unseren
1456 4124 276 27 Regierungsdelegierten
1753 4125 23 20 in
1797 4125 40 21 der
1858 4124 90 22 ONU

1340 4159 128 26 abgegeben
1490 4160 97 21 werden.
1618 4157 46 22 Wir
1693 4157 73 22 haben
1795 4158 128 27 überhaupt

1340 4193 44 21 den
1401 4193 121 25 Eindruck,
1540 4193 32 21 als
1588 4191 29 22 ob
1634 4191 60 21 Herr
1713 4191 60 21 Bech
1792 4191 36 21 bei
1844 4193 77 20 seinen

1341 4225 71 22 Voten
1425 4227 47 21 sich
1486 4227 63 21 mehr
1562 4224 97 22 darnach
1673 4224 87 25 richtet,
1772 4226 43 20 wie
1828 4225 93 21 manche

1339 4253 82 28 andere
1437 4262 104 20 stimmen
1557 4259 32 21 als
1604 4257 56 22 nach
1676 4257 40 21 der
1731 4259 93 24 eigenen
1842 4258 79 22 Ueber-

1341 4293 88 27 legung.
1453 4294 50 22 Und
1527 4294 38 21 die
1584 4292 93 22 Stimme
1700 4291 39 21 des
1762 4292 74 21 Herrn
1860 4284 92 39 Bech

1340 4327 60 22 zählt
1415 4329 23 20 in
1456 4329 62 20 einer
1535 4324 132 24 ONU-Urne
1683 4325 71 21 soviel
1770 4326 42 20 wie
1827 4326 38 21 die
1882 4326 70 25 des

1339 4360 75 22 Herrn
1430 4361 78 22 Bevin.
1526 4360 64 22 Weiß
1608 4357 125 27 überhaupt
1750 4358 39 21 das
1808 4358 59 22 Volk
1885 4352 66 35 bei

1341 4401 47 17 uns,
1402 4395 42 20 wie
1458 4395 59 21 Herr
1532 4393 60 22 Bech
1607 4393 24 20 in
1645 4391 60 21 Lake
1717 4381 206 33 Success.votiert
1938 4381 14 33 ?

1369 4435 47 21 Wir
1440 4434 121 26 jedenfalls
1585 4433 78 21 wissen
1689 4433 72 20 eines:
1787 4433 71 22 durch
1883 4433 68 21 die

1340 4468 64 22 ONU
1424 4468 76 22 wurde
1526 4475 41 14 uns
1586 4467 66 21 keine
1678 4461 274 31 Militärdienstpflicht

1340 4502 115 27 verlangt
1496 4501 74 22 weder
1586 4501 13 20 6
1614 4498 57 22 noch
1687 4500 25 20 12
1728 4499 99 22 Monate.

1827 4539 27 22 M.
1868 4539 27 22 R.

1954 3650 186 89 Rascher
2157 3650 174 89 Vorstoß
2357 3652 72 88 der
2451 3654 331 105 UN-Streitkräfte
2809 3657 67 84 auf
2900 3654 249 101 Pyongyang

1981 3776 67 22 Söul.
2065 3776 53 22 Auf
2132 3776 49 22 den
2198 3774 65 28 drei,
2277 3782 50 16 von
2345 3776 85 26 Osten,
2449 3777 103 27 Süden

1949 3807 51 21 und
2021 3806 127 22 Südosten
2167 3806 66 22 nach
2252 3806 156 27 Pyongyang
2429 3806 124 37 führen-
2548 3807 5 36 I

1949 3836 49 22 den
2029 3835 110 22 Straßen
2171 3836 162 26 vorstoßend,
2366 3836 95 22 rücken
2493 3837 40 22 die

1949 3865 133 22 Einheiten
2099 3865 44 22 der
2158 3865 138 22 Vereinten
2312 3865 127 22 Nationen
2454 3871 80 21 gegen

1949 3895 41 22 die
2025 3894 231 22 nordkoreanische
2291 3894 156 27 Hauptstadt
2481 3902 53 20 vor,

1949 3924 66 22 ohne
2032 3925 45 21 auf
2094 3925 213 21 nennenswerten
2325 3924 161 22 Widerstand
2504 3931 31 16 zu

1949 3953 97 22 stoßen.

1979 3983 47 22 Die
2046 3982 73 22 Stadt
2136 3982 136 22 Kumchon
2290 3982 33 22 ist
2340 3989 50 16 von
2408 3983 126 22 amerika-

1949 4012 104 22 nischen
2069 4012 52 22 und
2136 4012 138 22 britischen
2290 4012 133 22 Einheiten
2438 4013 97 22 besetzt

1949 4041 111 22 worden.

1979 4071 47 21 Die
2050 4070 165 22 Streitkräfte
2239 4070 45 22 der
2314 4070 138 22 Vereinten
2484 4071 49 22 Na-

1949 4100 86 22 tionen
2050 4100 121 22 befinden
2184 4100 55 22 sich
2252 4100 63 26 jetzt
2329 4100 27 22 75
2371 4100 44 22 km
2429 4107 46 16 vor
2489 4101 45 22 der

1949 4129 244 23 kommunistischen
2233 4130 156 26 Hauptstadt
2435 4130 99 27 Pyong-

1949 4165 74 21 yang,
2041 4165 50 16 von
2109 4159 46 22 der
2173 4158 36 22 sie
2226 4165 49 15 nur
2294 4159 65 22 noch
2376 4159 82 22 durch
2478 4160 55 22 eine

1949 4190 75 22 letzte
2042 4189 138 26 Bergkette
2197 4190 119 25 getrennt
2333 4188 64 22 sind.

1979 4219 38 21 Im
2030 4218 198 22 Westabschnitt
2241 4218 33 22 ist
2287 4218 40 22 ein
2341 4218 135 27 Regiment
2488 4218 45 22 der

1950 4249 18 21 1.
1996 4247 276 22 Kavallerie-Division
2300 4248 44 21 auf
2379 4248 57 22 dem
2470 4248 62 22 Vor-

1949 4278 100 22 marsch
2070 4276 182 22 nordwestlich
2274 4283 50 16 von
2346 4277 187 27 Namchonjom

1949 4307 38 22 bis
2002 4307 27 22 in
2045 4306 40 22 die
2101 4306 71 22 Nähe
2187 4312 50 16 von
2253 4306 108 22 Sinmak
2375 4306 157 27 vorgedrun-

1949 4342 55 21 gen,
2023 4335 66 22 stieß
2116 4335 92 27 jedoch
2235 4335 44 22 auf
2308 4336 114 26 heftigen
2449 4336 83 22 feind-

1949 4366 82 22 lichen
2051 4365 168 22 Widerstand.

1978 4396 38 21 Im
2038 4395 92 22 Gebiet
2152 4400 50 16 von
2225 4395 94 27 Singye
2342 4395 126 22 erreichte
2490 4395 42 22 ein

1949 4425 134 27 Regiment
2097 4425 46 22 der
2160 4425 19 22 1.
2194 4424 283 27 Kavallerie-Division,
2487 4425 45 22 das

1949 4454 180 22 nordwestlich
2162 4454 84 22 dieser
2279 4454 75 22 Stadt
2386 4454 145 27 vorrückte,

1949 4483 44 22 das
2012 4484 12 22 7
2043 4484 45 22 km
2106 4489 51 16 von
2176 4483 95 27 Singye
2297 4483 128 22 entfernte
2451 4483 79 27 Taep-

1949 4519 73 22 yong.

1978 4544 46 22 Ein
2048 4543 107 22 anderes
2176 4542 135 27 Regiment
2341 4543 45 22 der
2416 4542 115 23 Division

2563 3778 89 22 rückte
2668 3779 117 22 nördlich
2801 3786 50 16 von
2867 3780 95 27 Singye
2977 3787 47 16 vor
3039 3781 52 22 und
3107 3781 43 22 be-

2563 3807 83 22 findet
2662 3808 54 22 sich
2734 3809 26 21 15
2778 3809 44 22 km
2839 3810 97 22 weiter.

2595 3837 46 22 Die
2656 3837 18 22 1.
2689 3837 259 33 Kavalleriedivision
2963 3839 68 22 stößt
3043 3841 49 21 nur
3106 3840 44 22 auf

2564 3865 121 27 geringen
2700 3866 169 22 Widerstand.
2885 3868 47 22 Die
2948 3869 19 21 8.
2984 3869 165 22 südkoreani-

2563 3895 59 22 sche
2642 3896 115 22 Division
2777 3897 91 22 rückte
2886 3898 65 22 über
2970 3898 104 22 Koksan
3093 3898 56 22 hin-

2564 3931 44 16 aus
2627 3925 52 22 und
2697 3925 126 22 erreichte
2840 3926 45 22 das
2904 3927 12 21 7
2935 3926 44 22 km
2997 3927 89 22 weiter
3104 3927 45 22 lie-

2563 3953 81 27 gende
2665 3954 204 27 Chongsong.

2594 3984 36 21 Im
2648 3983 176 23 Ostabschnitt
2840 3980 56 27 sind
2912 3986 41 22 die
2970 3986 179 22 Südkoreaner

2563 4012 46 22 mit
2624 4013 45 22 der
2685 4014 152 27 Säuberung
2853 4014 44 23 des
2914 4014 87 22 bisher
3014 4016 134 22 eroberten

2563 4041 127 22 Geländes
2714 4043 160 27 beschäftigt.
2898 4045 28 21 In
2949 4045 132 26 Yangdok,
3104 4046 45 22 auf

2562 4071 45 22 der
2630 4071 91 22 Straße
2750 4072 281 28 Wonsan-Pyongyang
3060 4075 89 22 wurde

2562 4100 41 22 die
2621 4101 183 23 Anwesenheit
2821 4108 50 16 von
2891 4103 134 22 Einheiten
3042 4103 46 22 der
3105 4103 43 22 Di-

2562 4130 82 22 vision
2668 4130 130 27 "Capitol"
2821 4132 128 26 gemeldet
2972 4133 52 22 und
3047 4134 102 26 gestern

2562 4159 138 27 vormittag
2720 4161 128 27 bestätigt.

2592 4189 58 22 Alle
2672 4190 133 27 Aussagen
2827 4191 45 22 der
2895 4191 253 28 Kriegsgefangenen

2562 4218 82 22 lassen
2666 4218 138 27 erkennen,
2822 4220 50 22 daß
2891 4220 42 22 die
2951 4221 197 23 Nordkoreaner

2562 4247 82 22 bereit
2666 4248 63 27 sind,
2751 4249 41 22 die
2821 4249 325 28 Verkehrsknotenpunkte

2562 4283 50 16 von
2635 4277 127 27 Sunchon,
2784 4279 115 22 Unsanni
2930 4279 53 22 und
3013 4279 135 27 Songchon

2562 4306 157 22 nordöstlich
2744 4314 49 16 von
2819 4308 156 27 Pyongyang
2998 4315 32 16 zu
3053 4310 93 22 vertei-

2561 4335 83 27 digen.

2591 4366 28 22 In
2637 4366 134 22 Südkorea
2789 4367 103 22 werden
2910 4367 41 22 die
2970 4367 175 28 Säuberungs-

2562 4395 120 22 aktionen
2703 4396 155 27 fortgesetzt.

2619 4425 150 22 Nordkorea
2784 4425 161 27 beschuldigt
2960 4427 39 22 die
3015 4427 72 27 USA,

2613 4455 112 26 Japaner
2745 4455 35 22 im
2801 4456 110 26 Kampfe
2932 4456 161 23 einzusetzen

2590 4483 51 22 Der
2655 4484 98 22 Sender
2767 4490 51 16 von
2832 4484 156 27 Pyongyang
3003 4487 142 22 veröffent-

2561 4513 77 22 lichte
2669 4515 103 26 gestern
2802 4519 106 22 morgen
2938 4515 50 22 den
3019 4515 127 25 Wortlaut

2855 4545 101 25 (Schluß
2976 4546 44 22 auf
3037 4547 66 23 Seite
3123 4549 22 23 8)

1951 1681 188 36 Lake-Success
2214 1681 122 58 Neue
2381 1679 209 71 Fassung
2636 1678 79 58 der
2752 1676 400 73 "Entschließung

1953 1778 81 42 zur
2071 1753 463 77 Aufrechterhaltung
2573 1759 82 58 des
2693 1757 247 60 Friedens"

1981 1859 67 21 Lake
2070 1859 109 21 Success.
2248 1858 60 20 Eine
2335 1858 63 20 neue
2427 1857 110 23 Fassung

1953 1888 42 21 des
2023 1887 331 25 Entschließungsentwurfs
2388 1886 62 21 über
2485 1885 52 25 "die

1951 1918 168 24 gemeinsame
2145 1917 93 20 Aktion
2262 1921 44 16 zur
2330 1915 207 22 Aufrechterhal-

1952 1948 62 25 tung
2032 1947 43 21 des
2094 1946 131 21 Friedens"
2245 1945 86 21 wurde
2357 1950 40 16 am
2424 1944 114 24 Samstag

1953 1976 77 22 durch
2048 1976 38 21 die
2105 1976 85 20 sieben
2206 1975 110 21 Mächte
2368 1975 70 24 USA,
2457 1973 80 22 Groß-

1949 2006 149 24 britannien,
2121 2004 159 25 Frankreich,
2302 2004 113 25 Kanada,
2438 2004 98 24 Türkei,

1949 2035 120 24 Uruguay
2089 2034 51 21 und
2162 2034 38 21 die
2222 2034 160 24 Philippinen
2435 2033 100 24 einge-

1953 2063 93 21 bracht.

1981 2092 49 20 Der
2062 2092 115 23 Entwurf
2207 2088 197 27 berücksichtigt
2435 2091 103 25 gewisse

1952 2120 294 25 Abänderungsanträge,
2274 2120 38 21 die
2341 2120 33 21 im
2395 2120 78 22 Laufe
2495 2120 44 21 der

1951 2151 124 20 Debatten
2088 2155 44 16 zur
2146 2150 209 25 ursprünglichen
2364 2149 105 25 Vorlage
2484 2150 53 20 ein-

1953 2180 119 25 gebracht
2087 2179 102 21 worden
2203 2185 91 15 waren.

1980 2208 72 21 Diese
2074 2208 203 24 Abänderungen
2298 2208 78 20 sollen
2397 2214 45 16 vor
2463 2208 75 22 allem

1951 2237 143 25 diejenigen
2112 2237 179 24 Delegationen
2308 2237 173 25 "beruhigen",
2500 2230 38 27 die

1952 2268 73 20 einen
2050 2267 176 25 Widerspruch
2252 2266 122 22 zwischen
2407 2266 56 22 dem
2495 2272 43 15 ur-

1952 2296 177 25 sprünglichen
2152 2296 115 21 Entwurf
2297 2296 50 21 und
2379 2296 44 21 der
2446 2296 93 21 Charta

1952 2324 181 25 befürchteten,
2164 2325 75 20 sowie
2270 2325 55 20 eine
2349 2324 189 26 Mobilisierung

1951 2359 50 16 von
2023 2354 179 20 Streitkräften
2233 2354 78 21 durch
2341 2354 39 21 die
2404 2354 134 21 Vereinten

1950 2383 132 25 Nationen,
2100 2383 77 21 selbst
2193 2384 34 20 im
2245 2383 75 25 Falle,
2336 2389 39 15 wo
2392 2384 59 21 kein
2468 2384 68 21 Frie-

1951 2412 160 26 densbruch
2121 2412 60 21 oder
2209 2413 41 21 ein
2278 2413 104 24 Angriff
2410 2413 127 25 vorliegen

1952 2441 78 21 sollte.

1980 2470 49 21 Der
2061 2470 198 22 amerikanische
2291 2471 147 27 Delegierte,
2472 2472 65 21 John

1949 2500 86 21 Foster
2054 2500 92 26 Dulles,
2167 2501 44 21 der
2230 2501 38 21 die
2288 2506 63 15 neue
2371 2502 111 25 Fassung
2502 2502 33 20 im

1951 2528 104 21 Verlauf
2076 2528 68 21 einer
2166 2528 226 22 Pressekonferenz
2413 2529 124 22 bekannt-

1950 2557 54 25 gab,
2019 2557 117 25 erklärte,
2152 2558 26 20 in
2192 2558 198 26 Beantwortung
2405 2559 44 21 der
2463 2560 73 25 Rede,

1951 2587 25 20 in
1996 2586 44 21 der
2060 2587 156 25 Wyschinski
2236 2593 40 15 am
2295 2588 99 26 Freitag
2415 2589 39 21 die
2473 2589 64 20 USA

1949 2616 173 25 aufgefordert
2142 2617 77 25 hatte,
2247 2617 53 22 ihre
2320 2617 216 26 "Gewaltpolitik"

1949 2645 163 25 aufzugeben,
2134 2645 49 21 daß
2207 2646 38 21 die
2268 2647 198 22 amerikanische
2487 2649 49 20 Re-

1950 2675 104 25 gierung
2069 2675 66 21 wohl
2151 2676 79 21 bereit
2246 2676 41 25 sei,
2303 2676 81 22 dieser
2399 2677 138 22 Aufforde-

1950 2709 64 20 rung
2029 2705 74 25 Folge
2117 2711 32 16 zu
2161 2705 97 25 leisten,
2274 2705 86 21 sobald
2375 2705 39 22 die
2429 2707 107 24 Sowjet-

1948 2733 88 26 Union,
2080 2734 176 22 insbesondere
2300 2736 26 20 in
2371 2737 164 25 Oesterreich,

1948 2762 170 22 Deutschland
2136 2764 50 21 und
2205 2764 89 26 Korea,
2314 2765 47 21 den
2380 2766 96 21 Beweis
2495 2772 38 14 er-

1950 2792 104 24 bringen
2075 2792 91 25 werde,
2187 2792 48 21 daß
2258 2793 34 21 sie
2312 2794 149 21 tatsächlich
2483 2794 54 21 eine

1949 2821 181 26 Entspannung
2169 2821 211 22 herbeizuführen
2418 2823 118 22 wünsche

1950 2849 51 21 und
2020 2849 69 21 nicht
2108 2856 48 15 nur
2174 2851 55 20 eine
2248 2857 63 15 neue
2330 2852 72 25 Frist,
2429 2852 43 21 für
2497 2853 39 21 die

1950 2878 182 26 Vorbereitung
2149 2886 77 15 neuer
2242 2881 117 24 Angriffe
2375 2887 31 16 zu
2423 2882 113 22 erhalten

1950 2909 127 20 versuche.

1979 2937 45 20 Ein
2047 2933 123 29 Sprecher
2193 2938 43 21 des
2260 2939 105 25 Foreign
2390 2940 82 22 Office
2495 2947 40 15 er-

1950 2965 81 22 klärte
2060 2972 29 15 zu
2119 2966 48 22 den
2195 2968 146 21 erwähnten
2363 2970 173 26 Erklärungen

1950 2995 175 27 Wyschinskis,
2141 2997 113 24 England
2268 2998 86 21 würde
2368 2998 82 21 nichts
2465 3000 71 20 mehr

1949 3025 142 25 wünschen,
2122 3025 35 20 als
2188 3025 38 21 die
2257 3027 77 24 guten
2361 3028 176 26 Beziehungen

1949 3053 268 27 wiederherzustellen,
2233 3056 40 21 die
2287 3057 47 21 mit
2349 3057 56 22 dem
2420 3058 115 22 kommu-

1949 3083 137 21 nistischen
2103 3084 115 22 Rußland
2236 3086 121 22 während
2373 3086 44 21 der
2432 3088 104 25 Kriegs-

1950 3112 71 25 jahre
2039 3110 138 24 bestanden
2195 3114 89 22 haben.
2303 3116 67 21 Aber
2389 3116 63 22 dazu
2469 3118 67 21 wäre

1950 3141 55 21 eine
2024 3142 152 26 Aenderung
2195 3143 44 21 der
2257 3144 112 27 Haltung
2387 3146 43 21 des
2449 3147 87 21 Kreml

1949 3171 52 21 und
2024 3171 69 21 nicht
2115 3172 44 21 der
2183 3173 190 26 Washingtoner
2395 3176 142 25 Regierung

1949 3200 171 22 erforderlich.
2148 3202 116 22 Rußland
2284 3203 87 22 müßte
2390 3205 45 21 mit
2456 3206 81 21 seiner

1950 3230 170 25 Expansions-
2169 3232 51 21 und
2269 3232 267 28 Obstruktionspolitik

1951 3259 92 21 Schluß
2060 3260 112 21 machen.

1998 3313 62 19 Zum
2078 3313 52 24 Tag
2150 3313 44 21 der
2214 3313 133 22 Vereinten
2366 3316 123 21 Nationen

1979 3355 134 22 Anläßlich
2144 3357 43 20 des
2219 3357 77 25 Tages
2328 3359 44 21 der
2403 3361 133 22 Vereinten

1951 3384 124 21 Nationen
2106 3385 204 23 veröffentlichte
2341 3388 44 22 der
2415 3390 121 22 General-

1951 3413 111 21 direktor
2081 3414 43 21 des
2134 3415 213 23 Internationalen
2356 3418 181 22 Arbeitsamtes

1949 3443 82 21 Morse
2048 3445 55 20 eine
2120 3445 147 27 Erklärung,
2284 3447 25 20 in
2326 3447 44 22 der
2387 3455 27 15 er
2430 3450 104 22 hervor-

1952 3472 66 25 hebt,
2037 3473 49 20 daß
2109 3473 75 22 heute
2204 3474 49 21 alle
2274 3475 92 22 Völker
2385 3478 151 21 verstanden

1950 3500 89 25 haben,
2057 3501 48 22 daß
2122 3502 58 21 kein
2197 3504 70 21 Land
2282 3505 76 21 allein
2374 3506 71 22 leben
2461 3507 75 22 kann.

1952 3530 28 20 In
1993 3530 44 21 der
2050 3531 139 27 Erklärung
2202 3533 70 22 heißt
2285 3539 25 15 es
2323 3535 73 21 unter
2407 3536 128 22 anderem:

1953 3560 85 24 "Diese
2056 3561 150 22 Erkenntnis
2225 3568 49 15 von
2292 3563 44 21 der
2353 3567 183 25 gegenseitigen

2551 1855 204 25 Abhängigkeit
2769 1855 43 21 der
2827 1855 125 20 Nationen
2965 1855 44 21 hat
3024 1860 63 15 neue
3102 1855 53 21 Un-

2551 1867 98 72 ruhen
2672 1884 51 21 und
2747 1889 65 15 neue
2828 1884 205 24 Befürchtungen
3052 1883 104 22 herauf-

2568 1913 168 21 beschworen.
2752 1914 69 20 Aber
2837 1919 26 15 so
2879 1914 47 20 wie
2943 1919 44 15 aus
3004 1913 55 21 dem
3078 1914 77 20 Glau-

2568 1943 48 20 ben
2644 1948 33 15 an
2704 1943 38 20 die
2771 1943 193 21 internationale
2992 1943 163 20 Zusammen-

2551 1945 98 60 arbeit
2663 1971 39 22 die
2716 1971 136 21 Vereinten
2867 1971 124 22 Nationen
3006 1972 150 21 entstanden

2568 2000 62 25 sind,
2653 2006 27 15 so
2700 2000 44 21 hat
2767 2000 79 21 dieses
2869 2001 161 21 Bewußtsein
3052 2007 43 15 um
3116 2002 40 20 die

2568 2029 137 25 dringende
2725 2030 204 25 Notwendigkeit
2949 2031 81 20 dieser
3052 2026 104 26 Zusam-

2568 2059 139 21 menarbeit
2735 2059 63 20 auch
2826 2059 44 20 das
2890 2059 149 25 mächtigste
3059 2060 97 21 Instru-

2569 2088 68 21 ment
2651 2088 152 25 geschaffen,
2813 2088 44 21 das
2871 2089 89 24 jemals
2974 2090 25 19 in
3012 2089 48 21 den
3069 2089 88 22 Dienst

2569 2117 42 21 des
2628 2117 118 21 Friedens
2762 2118 101 25 gestellt
2880 2118 103 21 worden
3000 2119 53 20 ist."

2595 2147 81 21 David
2692 2147 82 20 Morse
2792 2147 95 21 erklärt
2904 2148 43 21 des
2964 2149 126 24 weiteren,
3107 2149 49 20 daß

2569 2175 66 21 diese
2655 2175 248 22 Friedensmaschine
2921 2177 26 20 in
2966 2176 44 21 der
3029 2177 46 20 Tat
3093 2177 64 21 noch

2569 2204 69 21 nicht
2671 2205 156 24 reibungslos
2860 2205 209 24 funktionieren.
3081 2206 76 26 kann,

2570 2233 47 21 daß
2639 2234 34 20 sie
2695 2234 80 21 seiner
2795 2235 105 21 Ansicht
2921 2235 64 21 nach
3005 2235 88 25 jedoch
3113 2236 46 21 der

2570 2263 123 24 Inbegriff
2716 2269 107 17 unserer.
2843 2263 163 26 Hoffnungen
3037 2265 38 24 ist,
3106 2264 53 22 und

2570 2291 47 21 daß
2640 2292 143 25 Menschen,
2807 2293 39 20 die
2870 2294 77 24 guten
2970 2294 101 21 Willens
3095 2295 62 25 sind,

2569 2321 74 21 dafür
2671 2319 120 27 arbeiten,
2820 2322 48 21 daß
2898 2323 67 21 diese
2993 2323 164 26 Hoffnungen

2569 2350 171 22 verwirklicht
2760 2351 108 22 werden.

2584 2379 62 21 Der
2665 2379 222 22 Generaldirektor
2904 2381 106 22 schließt
3027 2383 67 20 seine
3112 2383 44 21 Er-

2567 2408 108 25 klärung
2703 2409 45 21 mit
2777 2409 48 21 den
2854 2410 110 21 Worten:
2993 2411 67 25 "Von
3089 2412 68 22 ihrer

2569 2438 145 25 Tapferkeit
2730 2439 51 21 und
2798 2445 49 15 von
2865 2440 67 21 ihrer
2948 2440 208 26 Weitsichtigkeit

2568 2467 78 25 hängt
2661 2467 38 21 die
2716 2468 112 22 Zukunft
2844 2468 44 21 der
2903 2469 157 22 Menschheit
3075 2471 52 20 ab."

2852 2496 21 21 :>{.

2597 2526 45 21 Die
2663 2527 168 21 Kommission
2860 2528 42 21 für
2923 2528 82 21 Korea
3035 2529 44 21 hat
3107 2529 49 22 den

2568 2556 64 20 Text
2653 2556 69 21 einer
2744 2556 194 26 Entschließung
2959 2558 195 26 veröffentlicht,

2568 2584 25 20 in
2624 2584 44 21 der
2697 2584 56 22 dem
2777 2586 218 22 Oberkommando
3025 2588 26 21 in
3072 2589 82 21 Korea

2569 2614 143 25 empfohlen
2732 2615 71 25 wird,
2822 2615 39 21 die
2883 2616 210 27 Verantwortung
3114 2617 42 22 für

2565 2643 38 21 die
2626 2644 162 26 Verwaltung
2810 2645 25 21 in
2857 2645 146 22 Nordkorea
3025 2653 30 15 zu
3077 2647 75 22 über-

2568 2672 114 22 nehmen.

2655 2769 297 45 Verstärkung
2980 2771 77 33 der

2567 2821 361 41 amerikanischen
2950 2830 202 34 Garnison

2733 2894 82 26 von
2844 2888 135 33 Berlin

2601 2939 173 27 Washington.
2822 2940 55 22 'Die
2933 2942 221 24 amerikanischen

2568 2968 120 27 Truppen
2711 2970 25 22 in
2758 2970 94 27 Berlin,
2876 2970 112 22 erklärte
3012 2972 41 22 ein
3075 2973 76 27 Spre-

2569 2998 60 22 cher
2661 2998 43 22 des
2737 2999 221 22 amerikanischen
2983 3001 171 23 Armeemini-

2567 3028 126 27 steriums,
2730 3030 104 22 werden
2871 3030 171 23 demnächst
3108 3035 47 20 vor

2571 3058 58 22 dem
2651 3059 17 21 1.
2690 3059 98 22 Januar
2810 3059 55 22 1951
2937 3060 81 22 durch
3041 3061 40 22 die
3102 3062 52 22 An-

2567 3087 77 22 kunft
2674 3087 43 22 des
2747 3089 20 21 6.
2790 3089 276 27 Inferterieregiments
3095 3097 57 16 ver-

2568 3117 82 22 stärkt
2671 3118 110 22 werden.

2600 3147 47 22 Die
2686 3147 240 24 Effektivbestände
2964 3150 82 22 dieses
3062 3148 93 25 nach

2568 3177 58 22 dem
2651 3177 94 22 letzten
2771 3178 94 27 Kriege
2892 3179 160 27 aufgelösten
3079 3181 74 27 Regi-

2568 3208 99 21 mentes
2685 3208 104 23 werden
2806 3208 49 22 den
2873 3209 95 22 zurzeit
2986 3209 27 22 in
3029 3210 126 22 Deutsch-

2567 3239 60 22 land
2648 3240 178 22 stationierten
2846 3237 195 27 amerikanisch.
3062 3243 91 22 Streit-

2567 3269 104 22 kräften
2692 3272 165 21 entnommen
2877 3272 112 26 werden;
3012 3272 69 22 diese
3103 3273 49 22 sol-

2567 3299 43 22 len
2633 3300 131 22 ihrerseits
2788 3301 81 22 durch
2891 3302 120 27 Truppen
3034 3308 45 16 aus
3103 3303 49 22 den

2567 3329 165 27 Vereinigten
2751 3330 105 24 Staaten
2875 3333 92 20 ersetzt
2984 3332 104 22 werden
3106 3332 47 22 Die

2565 3360 84 21 ersten
2666 3360 131 22 Elemente
2812 3361 44 22 des
2872 3362 20 21 6.
2909 3361 147 27 Regiments
3070 3362 82 22 sollen

2566 3395 40 16 am
2638 3389 33 22 16.
2702 3390 115 22 Oktober
2854 3390 26 22 in
2909 3390 45 22 der
2992 3390 161 27 ehemaligen

2564 3417 243 27 Reichshauptstadt
2828 3419 145 22 eintreffen.

2599 3447 89 22 Dieser
2721 3447 127 22 Beschluß
2881 3449 89 22 wurde
3002 3450 66 22 nach
3100 3450 53 22 An-

2568 3476 65 22 sicht
2653 3477 197 22 verschiedener
2870 3478 159 22 Beobachter
3049 3478 27 22 in
3096 3479 57 22 Wa-

2568 3506 119 27 shington
2705 3507 93 22 ebenso
2818 3507 58 22 sehr
2894 3514 45 16 aus
2959 3507 193 23 international-

2564 3535 152 27 politischen
2738 3537 37 22 als
2795 3544 45 16 aus
2860 3537 185 23 militärischen
3066 3539 85 22 Grün-

2569 3565 49 22 den
2639 3565 88 27 gefaßt
