3251 4701
123 94 110 66 AUS
292 96 187 64 ALLER
536 96 170 64 WELT

150 187 132 21 BERLIN.
338 188 49 20 Der
404 188 70 21 Preis
491 188 41 21 für
550 189 47 20 den
615 188 89 21 Volks-

121 222 88 19 wagen
227 218 63 21 wird
309 219 31 20 ab
358 219 33 19 15.
409 218 111 21 Oktober
539 224 41 15 um
597 219 41 20 400
657 218 48 19 DM

121 248 111 23 gesenkt.

121 283 107 22 ROM.
248 283 54 22 Wie
324 284 45 21 der
389 284 193 26 "Messaggero"
602 283 103 27 meldet,

117 313 46 22 hat
187 314 44 21 der
254 313 143 22 Veroneser
420 310 136 29 Ingenieur
587 313 118 22 Raffaelo

118 342 118 27 Capitani
255 342 74 22 einen
348 343 116 26 Apparat
483 343 134 26 erfünden,
636 343 69 21 dank

116 373 125 22 welchem
257 373 100 22 Wasser
372 379 58 16 zum
446 373 55 21 Teil
517 379 32 16 an
566 373 79 22 Stelle
661 373 44 22 des

116 402 110 22 Benzins
256 402 27 22 in
314 403 268 26 Explosionsmotoren
621 403 84 22 treten

116 431 77 22 kann.

149 471 94 21 OSLO.
294 471 108 20 General
416 472 68 19 Hans
499 470 91 21 Reidar
604 471 99 20 Holter-

120 507 76 15 mann
217 502 86 20 wurde
326 501 44 21 mit
392 501 121 25 Wirkung
535 508 57 14 vom
615 502 18 20 1.
654 502 49 19 No-

119 532 103 21 vember
242 537 55 15 zum
318 531 246 20 Oberbefehlshaber
583 530 44 21 der
646 535 58 15 nor-

118 560 141 23 wegischen
276 560 262 25 Besatzungstruppen
547 559 25 20 in
582 558 121 22 Deutsch-

119 591 60 21 land
198 591 115 21 ernannt.

147 629 95 21 PRAG.
259 629 45 21 Die
321 629 97 20 Brüder
435 627 110 21 Antonin
563 628 50 20 und
630 627 76 20 Karel

117 659 96 23 Danek,
235 658 39 21 die
297 663 86 18 wegen
404 657 169 21 Hochverrats
603 662 39 15 am
673 657 33 20 15.

117 689 72 24 April
209 694 56 15 zum
284 688 66 20 Tode
369 686 132 22 verurteilt
520 686 111 23 wurden,
651 685 56 21 sind

118 717 167 24 hingerichtet
304 717 110 22 worden.

146 753 66 22 DEN
244 753 103 22 HAAG.
386 753 29 20 In
454 751 249 27 gutunterrichteten

114 783 110 22 Kreisen
238 783 65 22 wird
317 789 26 16 es
357 782 43 22 für
414 782 82 22 sicher
511 781 127 27 gehalten,
653 780 49 22 daß

113 813 39 22 als
182 812 155 26 Nachfolger
375 812 44 21 des
457 811 247 27 zurückgetretenen

113 842 104 27 Kriegs-
236 843 53 21 und
307 841 231 22 Marineministers
557 839 147 27 Schokking

115 872 45 22 der
182 872 128 27 bisherige
332 870 228 23 Generalsekretär
590 871 44 21 des
663 869 39 22 Fi-

113 901 260 26 nanzministeriums,
394 901 87 26 Jacob,
502 900 110 22 ernannt
631 899 71 22 wird.

145 938 120 22 ATHEN.
287 938 46 22 Die
353 938 115 22 Athener
497 937 115 27 Agentur
641 936 61 22 mel-

115 969 50 26 det,
197 968 49 22 daß
278 967 252 27 Ministerpräsident
570 966 132 22 Venizelos

114 999 70 22 seine
202 998 190 22 Amerikareise
411 998 44 21 auf
474 997 44 22 das
535 995 168 22 Monatsende

114 1028 159 22 verschoben
288 1027 52 22 hat.

145 1067 87 20 LAKE
254 1065 144 22 SUCCESS.
419 1066 98 22 Trygve
537 1064 44 21 Lie
602 1063 42 21 hat
666 1062 39 21 die
717 1000 5 87 I

739 92 236 21 stellvertretenden
992 92 237 22 Generalsekretäre
1244 93 82 22 davon

739 121 25 21 in
781 121 124 21 Kenntnis
922 121 100 24 gesetzt,
1040 122 48 20 daß
1104 127 27 15 er
1148 121 55 22 eine
1220 122 104 21 Verlän-

736 154 99 21 gerung
849 149 83 22 seines
945 149 119 22 Mandats
1079 150 165 26 akzeptieren
1257 150 67 22 wür-

739 181 38 23 de,
800 186 73 15 wenn
897 180 39 22 die
961 181 306 25 Generalversammlung
1282 181 44 21 ihn

739 209 89 21 darum
848 209 121 21 ersuchen
987 209 81 22 sollte.

763 254 228 22 WASHINGTON.
1013 254 45 21 Ein
1081 255 99 23 Dekret,
1202 255 44 20 das
1267 260 57 16 vom

734 282 102 22 Weißen
852 284 69 20 Haus
937 283 189 21 veröffentlicht
1140 285 93 22 wurde,
1249 284 74 21 über-

735 312 66 24 trägt
822 313 39 21 die
884 313 47 21 den
954 313 216 21 amerikanischen
1192 314 132 20 Behörden

734 342 159 21 zufallenden
916 342 353 23 Verwaltungsvollmachten,
1291 342 33 21 im

734 371 113 21 Rahmen
875 371 44 21 der
938 372 131 20 Kontrolle
1107 372 25 20 in
1159 371 165 24 Oesterreich,

734 400 47 21 den
806 400 216 22 amerikanischen
1046 401 199 21 Zivilbehörden.

767 444 227 21 WASHINGTON.
1039 443 44 22 Die
1126 444 198 20 amerikanische

737 473 142 24 Regierung
899 473 43 21 hat
962 473 25 21 in
1008 473 69 21 einer
1097 474 169 23 Denkschrift,
1286 473 39 21 die

738 503 56 20 dem
814 502 136 21 britischen
971 503 160 20 Botschafter
1149 502 24 21 in
1195 502 129 24 Washing-

738 532 42 21 ton
800 532 142 21 überreicht
963 533 93 23 wurde,
1076 533 174 24 versprochen,
1271 532 55 21 eine

737 562 66 21 erste
821 563 113 21 Tranche
953 563 44 20 der
1015 562 136 21 britischen
1170 563 155 21 Wiederauf-

1357 93 105 24 rüstung
1479 93 25 21 in
1523 93 70 25 Hiy?e
1611 98 49 16 von
1678 93 40 20 700
1736 92 129 21 Millionen
1883 89 73 23 Dol-

1357 123 38 19 lar
1416 128 29 14 zu
1467 122 162 21 finanzieren.

1382 152 193 20 CLINTWOOD
1598 152 128 23 (Virgina).
1747 152 44 21 Die
1812 152 129 23 Vereinig-

1353 181 42 20 ten
1416 181 103 21 Staaten
1539 181 123 23 verfügen
1682 182 75 20 heute
1778 182 76 20 schon
1881 181 62 21 über

1353 209 40 21 450
1413 209 190 24 Atombomben,
1621 209 110 22 erklärte
1749 210 44 20 der
1810 209 132 21 demokra-

1353 238 77 21 tische
1457 239 175 23 Abgeordnete
1658 239 108 20 Thomas
1792 239 93 23 Fugate
1918 239 24 20 in

1353 267 69 21 einer
1440 268 268 23 Wahlversammlung.

1384 295 164 22 BEYRUTH.
1569 295 54 22 Wie
1645 301 45 16 aus
1713 295 143 22 Damaskus
1885 301 56 16 ver-

1353 325 88 26 lautet,
1462 325 88 22 wurde
1571 331 81 20 gegen
1673 325 49 22 den
1742 324 200 27 Ministerpräsi-

1353 354 94 21 denten
1468 354 90 22 Nazim
1580 354 82 22 Kudsi
1684 354 42 22 ein
1746 354 118 22 Attentat
1886 360 56 16 ver-

1353 383 53 22 übt.
1426 384 51 22 Der
1497 383 135 22 Präsident
1653 384 67 22 blieb
1742 384 151 22 unverletzt.

1385 413 142 22 MANILA.
1551 414 46 22 Die
1623 413 320 27 Regierungsstreitkräfte

1352 442 84 22 haben
1454 443 56 22 eine
1527 439 160 26 bedeutende
1706 443 138 27 Operation
1862 449 81 21 gegen

1355 472 40 22 die
1419 473 123 22 Rebellen
1574 473 120 22 eröffnet.
1726 473 46 22 Die
1804 474 139 26 Operation

1353 502 65 22 wird
1436 502 26 22 in
1481 502 44 22 der
1543 503 163 26 Hauptsache
1725 503 26 21 in
1769 503 49 22 den
1837 503 105 22 Provin-

1354 537 45 16 zen
1419 532 97 26 Neuva,
1535 533 71 26 Ecija
1623 533 53 22 und
1702 533 89 21 Tarlac
1818 533 124 26 durchge-

1353 560 80 23 führt.

751 670 149 44 Appell
928 669 166 33 Attlees
1122 668 72 33 für
1223 670 80 33 den

817 730 145 33 zivilen
991 728 249 33 Luftschutz

767 784 114 22 London.
900 782 252 27 Ministerpräsident
1169 781 86 22 Attlee
1272 782 52 22 for-

738 814 71 21 derte
832 813 114 26 Sonntag
969 812 83 22 abend
1082 811 26 22 in
1138 811 69 22 einer
1237 811 86 22 Rund-

739 842 209 27 funkansprache
977 842 41 22 die
1046 841 140 22 britischen
1214 840 108 22 Männer

738 873 52 22 und
811 873 100 22 Frauen
933 872 51 26 auf,
1008 872 54 22 sich
1082 871 132 27 freiwillig
1235 871 26 22 in
1282 871 42 22 die

738 903 181 27 Organisation
942 909 31 15 zu
995 901 109 27 melden,
1129 901 40 22 die
1192 901 65 22 dazu
1281 901 43 21 be-

737 933 97 22 stimmt
853 933 39 27 ist,
912 933 26 22 in
957 931 238 23 Zusammenarbeit
1214 930 46 22 mit
1280 930 44 22 der

736 963 94 22 Armee
855 962 41 22 die
919 961 186 27 Verteidigung
1137 961 44 22 des
1213 960 110 22 Territo-

737 993 80 22 riums
838 999 32 15 zu
890 992 107 22 sichern.

767 1030 50 22 Der
833 1028 252 27 Ministerpräsident
1102 1027 129 22 erinnerte
1247 1032 76 22 ange-

737 1060 77 22 sichts
834 1060 44 22 der
898 1059 122 27 heutigen
1047 1057 165 22 technischen
1239 1055 86 22 Mittel

1357 670 33 16 an
1408 664 41 22 die
1468 664 132 22 Gefahren
1620 665 69 22 eines
1708 665 164 27 Luftkrieges
1891 666 53 22 und

1357 694 61 22 wies
1440 694 92 22 darauf
1553 695 51 27 hin,
1627 695 49 22 daß
1706 695 40 22 die
1775 695 94 27 Folgen
1899 695 45 22 der

1356 724 176 27 Luftangriffe
1551 725 124 22 während
1694 725 44 22 des
1756 725 94 22 letzten
1870 726 74 22 Krie-

1357 760 43 21 ges
1415 754 81 22 durch
1511 755 49 22 den
1575 755 93 22 zivilen
1684 755 151 22 Luftschutz
1849 756 93 22 bedeu-

1356 784 61 22 tend
1435 784 137 26 gemildert
1590 785 104 22 werden
1712 785 121 22 konnten.

1387 814 33 21 Er
1441 814 151 27 appellierte
1619 822 32 15 an
1679 814 49 22 alle
1755 815 108 22 Männer
1892 816 53 22 und

1357 844 107 27 Frauen,
1484 844 41 22 die
1550 845 41 21 bei
1617 845 44 22 der
1689 845 185 27 Verteidigung
1900 845 44 22 des

1356 873 100 22 Landes
1473 874 56 22 eine
1546 874 72 22 Rolle
1634 882 31 15 zu
1680 875 98 27 spielen
1793 875 152 22 wünschten

1356 905 53 22 und
1422 904 115 22 forderte
1551 905 36 22 sie
1601 905 51 27 auf,
1667 905 53 22 sich
1733 905 62 26 jetzt
1809 905 77 22 schon
1900 905 44 22 da-

1356 933 44 22 für
1420 940 31 15 zu
1472 933 110 27 melden,
1604 934 80 22 damit
1706 934 36 22 sie
1763 934 56 22 eine
1840 934 103 22 Ausbil-

1358 964 69 27 dung
1446 964 116 22 erhalten
1584 965 121 26 könnten.

1386 993 51 22 Der
1454 993 76 22 zivile
1546 994 89 22 Dienst
1652 993 47 22 soll
1716 1001 57 15 zum
1789 994 93 22 Schutz
1899 994 44 22 der

1357 1023 188 27 Bevölkerung,
1571 1023 37 23 als
1633 1023 140 23 Hilfskraft
1797 1024 42 22 bei
1863 1024 80 22 Brän-

1357 1053 56 27 den,
1431 1053 27 24 in
1476 1054 160 22 besonderen
1654 1054 289 22 Polizei-Formationen

1355 1085 61 21 oder
1435 1084 26 22 in
1480 1086 49 21 den
1548 1085 237 22 Krankenhäusern
1806 1086 138 26 eingesetzt

1357 1112 111 22 werden.

279 1281 101 24 (Schluß
400 1286 47 16 von
465 1281 66 21 Seite
552 1281 19 22 1)

113 1333 71 22 einer
214 1331 133 22 Botschaft
376 1330 45 22 der
452 1329 252 23 nordkoreanischen

112 1363 146 27 Regierung
279 1368 32 16 an
331 1361 41 22 die
399 1360 139 22 Vereinten
567 1358 135 26 Nationen,

113 1392 26 22 in
157 1392 45 22 der
220 1392 44 22 der
282 1390 233 23 nordkoreanische
534 1387 168 23 Außenmini-

112 1424 53 21 ster
182 1427 80 22 gegen
282 1421 63 25 "den
364 1420 101 22 Einsatz
484 1419 157 22 zahlreicher
659 1418 43 22 Ja-

112 1458 80 22 paner
221 1452 41 22 bei
298 1451 59 22 dem
392 1449 193 27 Angriffskrieg
622 1453 81 22 gegen

112 1481 110 22 Korea''
234 1480 154 25 protestiert.
411 1479 88 26 "Diese
521 1478 182 26 Verwendung

111 1518 51 16 von
193 1511 34 27 ja.
243 1511 117 22 nischen
392 1508 207 26 Streitkräften",
631 1507 71 22 heißt

111 1548 27 16 es
154 1541 26 22 in
196 1541 45 22 der
258 1540 140 26 Botschaft,
415 1539 130 26 "verstößt
562 1543 80 22 gegen
657 1537 44 22 das

115 1570 199 23 internationale
347 1569 81 22 Recht
460 1568 52 22 und
546 1573 70 21 gegen
659 1567 42 22 die

113 1601 95 22 Charta
224 1601 45 22 der
285 1599 139 22 Vereinten
441 1598 150 22 Nationen".
607 1597 95 22 Ferner

112 1631 71 22 stellt
206 1630 45 22 der
275 1628 234 23 nordkoreanische
533 1626 169 23 Außenmini-

111 1662 53 22 ster
184 1661 57 25 fest,
263 1659 49 22 daß
334 1659 55 26 "die
408 1657 167 27 Vereinigten
597 1656 105 22 Staaten

111 1690 42 22 die
170 1690 121 26 Truppen
318 1689 131 22 mehrerer
474 1688 101 22 Länder
601 1686 100 23 mobili-

111 1720 62 22 siert
192 1719 98 22 haben"
308 1719 53 22 und
380 1718 49 22 daß
446 1717 42 22 bei
504 1717 49 22 den
572 1716 130 27 Kämpfen

111 1757 45 15 um
172 1750 60 22 Söul
248 1749 133 22 Hunderte
397 1755 50 15 von
463 1746 166 27 japanischen
648 1745 54 22 Sol-

111 1780 77 22 daten
225 1779 139 26 eingesetzt
392 1778 113 22 wurden.
534 1776 168 27 Desgleichen

111 1805 82 27 sollen
220 1809 53 22 sich
309 1808 82 22 dieser
426 1807 134 22 Botschaft
594 1805 108 26 zufolge,

111 1838 144 23 zahlreiche
275 1838 149 27 japanische
441 1837 124 22 Soldaten
585 1836 35 22 im
637 1835 65 22 Süd-

112 1869 129 22 abschnitt
264 1869 99 22 Koreas
392 1867 53 22 und
476 1866 26 22 in
532 1866 45 22 der
608 1866 93 22 Armee

113 1899 131 26 Syngman
265 1898 82 22 Rhees
366 1897 130 22 befinden.

143 1936 89 25 "Diese
263 1934 162 27 Beteiligung
455 1940 51 16 von
535 1932 167 27 japanischen

112 1965 187 23 Streitkräften
320 1971 33 15 an
383 1964 83 22 einem
496 1962 133 23 Ueberfall
659 1961 44 22 auf

733 1157 92 26 Korea,
841 1155 72 23 heißt
928 1161 27 16 es
971 1154 96 26 weiter,
1082 1154 33 22 ist
1131 1153 71 22 nicht
1217 1159 49 15 nur
1282 1151 41 22 ein

732 1185 183 25 Rechtsbruch,
938 1184 111 22 sondern
1072 1182 65 22 auch
1159 1182 41 22 ein
1223 1182 100 21 offener

733 1215 104 27 Angriff
858 1220 80 22 gegen
958 1214 50 22 alle
1028 1212 96 22 Völker
1145 1211 114 22 Asiens."

763 1243 192 24 Abschließend
983 1242 71 22 heißt
1083 1248 26 16 es
1137 1242 26 22 in
1191 1242 45 22 der
1264 1241 60 22 Bot-

733 1275 75 22 schaft
855 1274 61 27 "Die
937 1272 132 27 Tatsache,
1089 1271 50 22 daß
1161 1270 40 22 die
1223 1270 100 22 Ameri-

732 1305 81 22 kaner
834 1303 42 22 die
899 1303 112 26 Japaner
1032 1302 27 22 in
1088 1301 76 22 einen
1193 1300 130 27 Angriffs-

731 1334 74 27 krieg
821 1339 81 22 gegen
917 1333 86 21 Korea
1018 1331 152 22 verwickelt
1184 1330 91 25 haben,
1292 1330 36 22 ist

734 1364 55 22 eine
811 1363 156 25 Verletzung
988 1362 46 22 der
1063 1361 95 22 Charta
1188 1360 44 22 der
1260 1360 63 21 Ver-

733 1394 86 22 einten
835 1392 135 26 Nationen,
987 1391 40 22 die
1043 1397 49 15 nur
1109 1391 37 22 als
1162 1390 41 22 ein
1220 1389 103 22 Vorzei-

733 1424 64 22 chen
820 1423 69 22 eines
911 1422 96 22 dritten
1029 1420 154 26 Weltkriegs
1205 1419 117 23 betrach-

733 1454 36 21 tet
792 1452 104 22 werden
917 1452 77 22 kann.
1016 1451 50 22 Das
1089 1448 234 23 nordkoreanische

732 1482 67 22 Volk
808 1482 76 22 bittet
892 1481 42 22 die
944 1480 140 22 Vereinten
1093 1479 134 26 Nationen,
1250 1479 73 22 ihren

732 1507 220 32 Mitgliedstaaten
974 1508 69 24 diese
1066 1509 143 22 Tatsachen
1232 1508 90 22 mitzu-

733 1542 78 22 teilen
834 1541 52 22 und
909 1540 42 22 die
975 1546 199 22 angemessenen
1198 1538 125 22 Maßnah-

733 1578 59 16 men
811 1578 31 15 zu
860 1568 152 29 ergreifen".

766 1601 51 22 Der
841 1599 134 27 Flugplatz
1001 1598 93 27 Kimpo
1120 1597 89 22 wurde
1233 1597 105 27 vorge-

736 1633 70 20 stern
828 1636 59 16 zum
908 1629 108 22 zweiten
1038 1628 69 22 Male
1130 1627 135 23 innerhalb
1289 1626 34 22 ei-

736 1667 44 15 nes
805 1660 132 22 Zeiraums
967 1666 51 15 von
1043 1659 28 21 24
1094 1658 117 22 Stunden
1243 1657 81 22 durch

735 1690 144 27 Flugzeuge
922 1689 212 22 "unbestimmter
1177 1681 161 28 Herkunft"

735 1721 47 22 mit
799 1721 115 22 Bomben
931 1719 92 27 belegt.
1040 1718 61 22 Drei
1119 1719 27 21 50
1162 1717 162 27 Kilogramm

735 1753 64 22 sch..
813 1753 38 22 ere
867 1752 115 21 Bomben
999 1751 79 22 fielen
1097 1750 83 22 neben
1190 1749 40 22 die
1241 1749 83 22 Start-

735 1781 76 25 bahn,
830 1780 66 22 ohne
913 1779 123 22 weiteren
1055 1778 117 22 Schaden
1191 1776 132 23 anzurich-

735 1812 49 20 ten.

766 1840 72 22 Nach
854 1838 107 23 Ansicht
977 1839 45 22 der
1038 1837 168 27 zuständigen
1221 1836 102 22 Dienst-

736 1870 99 26 stellen,
853 1870 115 22 könnten
987 1869 68 22 diese
1073 1867 120 27 Angriffe
1212 1866 44 22 auf
1275 1866 49 22 den

736 1899 134 27 Flugplatz
894 1899 93 26 Kimpo
1012 1899 49 22 den
1085 1898 110 22 Auftakt
1226 1903 31 16 zu
1288 1896 35 22 ei-

736 1937 59 15 nem
821 1929 141 22 Erwachen
995 1928 44 22 der
1071 1925 267 25 nordkoreanischen

736 1959 183 27 Lufttätigkeit
938 1958 94 22 bilden.

1507 1270 101 22 (Schluß
1623 1275 48 15 von
1686 1270 66 21 Seite
1768 1270 19 22 1)

1355 1315 59 21 dem
1435 1314 121 22 Tokioter
1576 1314 173 22 "Prokonsul"
1772 1314 65 22 ohne
1857 1314 89 26 Erfolg

1355 1344 184 27 beizubringen
1557 1345 121 22 versucht
1695 1345 95 22 hatten.

1385 1382 84 22 Bevor
1491 1388 27 16 er
1541 1382 69 22 seine
1634 1381 220 27 außenpolitische
1876 1381 70 22 Rede

1355 1412 26 22 in
1402 1412 51 22 San
1473 1412 134 22 Francisco
1628 1411 61 27 hält,
1710 1412 45 22 der
1776 1411 56 22 eine
1852 1410 93 22 Woche

1355 1441 86 27 später
1463 1441 56 22 eine
1540 1442 105 21 weitere
1667 1448 47 15 vor
1735 1436 49 27 den
1805 1441 140 22 Vereinten

1354 1471 128 22 Nationen
1512 1472 88 26 folgen
1630 1471 55 26 soll,
1715 1470 88 22 wollte
1825 1470 120 25 Truman,

1356 1501 48 22 wie
1420 1501 107 22 offiziell
1544 1501 97 22 erklärt
1656 1501 72 26 wird,
1746 1501 54 22 sich
1815 1501 45 22 der
1876 1500 69 22 Ach-

1355 1533 64 25 tung
1440 1532 45 22 der
1506 1531 126 26 Disziplin
1652 1531 82 22 durch
1755 1529 112 22 General
1889 1529 56 22 Mac

1341 1544 113 39 Arthur
1471 1562 155 26 versichern,
1647 1561 70 22 einer
1734 1560 127 26 Achtung,
1882 1559 64 22 über

1341 1584 55 29 die
1413 1592 45 22 der
1475 1590 136 22 Präsident
1628 1591 52 21 und
1699 1590 82 27 einige
1800 1590 146 26 Delegierte

1355 1621 45 22 der
1419 1621 277 22 Fernostkommission
1732 1621 27 21 in
1778 1619 168 26 Washington

1355 1651 71 22 nicht
1459 1651 40 22 die
1533 1651 182 26 notwendigen
1741 1649 142 23 Garantien
1916 1656 30 15 zu

1355 1681 84 22 haben
1455 1680 127 22 schienen.

1385 1711 47 22 Die
1450 1711 86 22 Kürze
1555 1711 45 21 der
1618 1710 36 22 Be
1673 1710 144 27 sprechung
1835 1709 66 22 wird
1920 1708 26 22 in

1354 1741 45 22 der
1418 1740 154 27 Umgebung
1588 1740 44 22 des
1650 1738 169 23 Präsidenten
1835 1739 48 22 mit
1900 1739 45 22 der

1355 1770 140 27 Festigkeit
1512 1770 104 26 erklärt,
1633 1770 48 22 mit
1695 1770 46 22 der
1757 1769 113 22 Truman
1887 1769 59 22 dem

1355 1800 112 22 General
1485 1800 69 22 seine
1570 1800 143 22 Ansichten
1729 1799 133 27 dargelegt
1878 1799 51 22 hat.

1385 1830 59 22 Was
1463 1829 41 22 die
1524 1829 124 22 Tatsache
1667 1829 143 25 anbetrifft,
1830 1828 50 22 daß
1901 1828 44 22 das

1355 1860 65 22 nach
1452 1860 45 22 der
1521 1859 184 26 Unterredung
1735 1858 210 22 veröffentlichte

1355 1888 188 27 Communique
1557 1888 119 22 wirklich
1690 1888 83 22 rlichts
1789 1888 85 22 Neues
1888 1889 57 20 ent-

1354 1919 61 27 hält,
1434 1926 27 15 so
1476 1919 66 22 wird
1558 1919 54 22 dies
1628 1918 26 22 in
1671 1919 45 22 der
1733 1918 155 26 Umgebung
1901 1917 45 22 des

1355 1949 169 22 Präsidenten
1547 1949 93 22 darauf
1663 1947 209 27 zurückgeführt,
1896 1946 49 22 daß

1355 1978 112 22 Truman
1501 1978 77 22 keine
1612 1977 161 27 Enthüllung
1807 1977 64 22 über
1905 1976 41 22 die

1355 2009 187 26 Außenpolitik
1570 2009 45 22 der
1644 2008 167 26 Vereinigten
1841 2007 105 22 Staaten

1355 2045 46 16 vor
1423 2038 83 22 seiner
1526 2038 70 22 Rede
1616 2038 27 22 in
1663 2037 51 22 San
1735 2033 134 26 Francfeco
1889 2043 56 15 ma-

1356 2069 64 22 chen
1441 2068 93 22 wollte.

1385 2098 114 22 Truman
1516 2098 49 22 soll
1583 2098 93 23 darauf
1693 2098 143 22 bestanden
1854 2097 91 24 haben,

1355 2129 50 22 daß
1420 2128 62 22 alles
1497 2128 150 22 vermieden
1662 2128 104 21 werden
1783 2126 95 24 müßte,
1893 2132 53 16 was

1357 2159 76 22 einen
1446 2158 82 27 Krieg
1542 2158 127 22 zwischen
1685 2157 124 22 Amerika
1824 2163 24 16 u.
1865 2156 81 22 China

1355 2188 261 22 heraufbeschwören
1638 2187 104 22 könnte.

1386 2218 62 22 "Die
1470 2218 167 27 Vereinigten
1661 2217 127 25 Staaten",
1812 2217 47 22 soll
1881 2215 65 22 Tru-

1356 2255 60 15 man
1435 2247 98 22 erklärt
1552 2247 91 26 haben,
1664 2247 110 22 "wollen
1794 2247 41 22 die
1854 2246 92 26 Regie-

1355 2284 66 21 rung
1438 2277 214 27 Mao-Tse-Tung
1678 2277 165 22 anerkennen
1871 2277 75 21 unter

1356 2308 45 21 der
1416 2308 159 27 Bedingung,
1591 2307 50 22 daß
1657 2308 44 21 das
1717 2305 228 23 kommunistische

1356 2337 82 22 China
1455 2337 71 22 nicht
1543 2337 26 22 in
1586 2336 41 22 die
1645 2335 237 29 Angelegenheiten
1900 2335 45 22 der

1357 2368 106 22 Staaten
1483 2368 152 22 Indochinas
1656 2367 61 22 oder
1736 2366 134 22 Formosas
1890 2364 60 22 ein-

1356 2397 132 27 xugreifen
1507 2396 96 23 sucht."

1386 2428 47 22 Die
1457 2427 166 27 Vereinigten
1650 2427 105 22 Staaten
1787 2426 70 22 seien
1889 2416 72 49 ent-

1357 2458 136 25 schlossen,
1514 2457 136 22 weiterhin
1678 2457 78 27 jeden
1778 2456 104 27 Angriff
1903 2461 43 20 ge-

1358 2494 48 21 gen
1432 2488 121 22 Formosa
1579 2494 31 16 zu
1635 2487 164 25 verhindern,
1833 2485 38 22 bis
1906 2479 55 40 die

1356 2517 139 22 Vereinten
1523 2517 128 22 Nationen
1688 2516 133 27 endgültig
1855 2511 80 33 dessen
1949 2511 13 33 j

1357 2547 132 22 Schicksal
1526 2546 113 27 geregelt
1676 2546 91 22 haben.
1798 2540 132 35 Außerdem
1947 2540 16 35 j

1357 2577 47 22 soll
1426 2577 112 22 Truman
1562 2577 49 21 den
1634 2575 112 22 General
1770 2572 165 35 aufgefordert
1949 2572 14 35 j

1357 2607 90 26 haben,
1485 2607 57 22 dem
1572 2606 139 22 Marschall
1740 2604 55 38 Tsc.
1811 2604 124 38 iang-Kai-
1949 2604 14 38 j

1358 2637 82 22 Schek
1458 2637 93 22 keinen
1570 2636 99 22 Besuch
1687 2635 73 22 mehr
1778 2628 158 38 abzustatten,
1950 2628 13 38 j

1455 2697 389 34 Lohnerhöhungen

1525 2759 38 33 in
1599 2756 186 44 England

1389 2813 113 22 London.
1556 2812 47 22 Die
1637 2810 307 27 Lohnerhöhungsbewe-

1338 2795 88 76 gung
1446 2843 26 22 in
1492 2842 116 27 England
1628 2841 66 23 wird
1713 2840 47 22 mit
1779 2838 165 23 Beschleuni-

1975 95 68 22 gung
2063 89 156 27 fortgesetzt.
2241 89 71 22 Nach
2333 89 49 22 den
2401 88 157 23 Landarbei-

1975 122 63 23 tern,
2058 120 199 26 Eisenbahnern,
2277 120 115 22 Lehrern
2409 120 53 22 und
2481 120 77 27 Berg-

1975 150 87 22 leuten
2079 150 104 22 werden
2202 150 41 22 die
2260 149 119 22 Arbeiter
2397 150 44 21 der
2460 150 99 22 Tabak-

1976 180 125 22 industrie
2120 180 26 22 in
2166 180 49 22 den
2236 180 93 22 Genuß
2348 179 71 22 einer
2440 180 120 26 5prozen-

1975 209 70 27 tigen
2069 209 222 27 Lohnerhöhung
2309 211 90 25 treten,
2433 215 52 16 was
2517 209 43 22 für

1976 239 162 27 ausgelernte
2170 239 120 22 Arbeiter
2322 240 12 21 5
2366 239 110 27 Shilling
2509 240 50 21 wö-

1976 270 128 22 chentlich
2122 270 138 22 ausmacht.
2280 270 31 22 Es
2330 270 32 22 ist
2381 270 53 22 dies
2452 270 44 22 das
2516 270 44 21 Er-

1976 299 88 27 gebnis
2100 299 69 22 eines
2203 299 182 27 Abkommens,
2422 299 44 22 das
2501 299 58 22 zwi-

1976 330 77 22 schen
2074 330 49 22 den
2143 329 418 28 Gewerkschaftsorganisationen

1976 359 53 22 und
2061 359 49 22 den
2143 358 188 27 Arbeitgebern
2365 358 195 27 abgeschlossen

1976 389 95 22 wurde.

2103 446 230 33 Demission
2360 446 77 33 der

2008 505 265 33 Israelischen
2304 506 231 44 Regierung

2006 560 151 22 Jerusalem.
2181 559 56 22 Von
2260 559 129 22 offiziöser
2413 559 69 22 Seite
2505 565 56 16 ver-

1975 589 88 26 lautet,
2087 589 49 22 daß
2159 589 251 27 Ministerpräsident
2433 589 54 21 Ben
2510 589 51 22 Gu-

1960 612 71 29 rion
2059 620 58 22 dem
2142 618 169 22 Präsidenten
2338 618 148 22 Weizmann
2513 618 49 22 den

1976 649 130 22 Rücktritt
2133 649 82 22 seines
2242 649 137 22 Kabinetts
2406 649 156 22 unterbeitet

1976 679 50 22 hat.
2070 679 88 22 Dieser
2189 679 128 23 Beschluß
2347 679 89 21 wurde
2468 679 93 27 gefaßt,

1976 709 126 26 nachdem
2125 709 44 22 der
2194 709 118 27 religiöse
2337 709 87 27 Block,
2449 709 44 22 der
2517 709 44 22 der

1976 739 285 27 Regierungskoalition
2283 739 131 27 angehört,
2436 739 40 22 die
2499 739 63 22 Vor-

1972 769 103 27 schläge
2097 776 31 16 zu
2150 769 70 22 einer
2249 768 312 27 Regierungsumbildung

2059 826 415 33 Eisenbahnerstreik

2114 887 38 32 in
2181 885 243 33 Australien

2006 940 160 22 Melbourne.
2184 939 39 22 Ab
2243 938 200 27 Sonntagabend
2462 938 27 22 24
2508 938 55 22 Uhr

1976 970 89 22 wurde
2092 970 44 21 der
2164 971 113 26 gesamte
2303 968 259 22 Eisenbahnverkehr

1976 999 34 22 im
2043 999 88 22 Staate
2162 999 118 22 Viktoria
2312 999 152 27 eingestellt.
2512 999 50 22 Der

1976 1029 87 22 Streik
2081 1029 32 22 ist
2131 1029 163 22 beschlossen
2313 1029 112 26 worden,
2445 1028 60 22 weil
2523 1028 40 22 die

1976 1060 146 27 Regierung
2145 1065 26 16 es
2202 1059 127 27 ablehnte,
2362 1059 44 22 das
2436 1058 127 22 zwischen

1976 1090 45 21 der
2044 1088 312 27 Eisenbahngesellschaft
2379 1089 53 21 und
2456 1088 44 22 der
2523 1088 40 22 Ei-

1977 1119 355 22 senbahner-Gewerkschaft
2360 1118 122 22 zustande
2523 1124 41 21 ge-

1977 1149 136 22 kommene
2133 1149 163 22 Abkommen
2317 1155 31 15 zu
2367 1148 114 27 billigen.

1998 1241 66 41 Les
2107 1232 169 49 femmes
2309 1241 216 40 Socialistes

2036 1307 153 20 UNSERE
2206 1305 273 22 BILDUNGSKURSE

2004 1343 105 24 Morgen
2126 1343 120 24 Dienstag
2263 1348 42 15 um
2324 1337 62 25 15.15
2402 1341 53 21 Uhr
2473 1341 93 26 spricht

1976 1372 110 21 Antoine
2104 1372 81 24 Krier,
2214 1372 44 20 der
2285 1371 37 21 als
2341 1371 155 25 Delegierter
2523 1372 44 20 der

1975 1402 237 25 luxemburgischen
2243 1401 323 21 Arbeitnehmerverbände

1977 1437 31 15 an
2036 1431 44 21 der
2101 1432 33 20 33.
2154 1431 104 25 Sitzung
2287 1430 44 21 der
2352 1430 214 21 Internationalen

1976 1461 240 21 Arbeitskonferenz
2236 1461 26 20 in
2286 1460 66 22 Genf
2373 1461 33 20 im
2428 1461 60 20 Juni
2506 1461 60 20 teil-

1976 1490 82 25 nahm,
2080 1496 30 15 zu
2131 1490 56 21 dem
2208 1490 56 21 dort
2284 1490 168 22 behandelten
2473 1490 93 21 Thema

1976 1520 62 21 über
2057 1520 40 21 die
2117 1520 95 25 gleiche
2231 1520 160 25 Entlohnung
2411 1519 41 21 für
2473 1519 93 25 gleich-

1976 1551 104 24 wertige
2096 1551 121 20 Männer-
2234 1550 50 21 und
2302 1549 187 22 Frauenarbeit.
2508 1550 58 20 Die-

1976 1585 38 15 ses
2034 1579 115 21 Problem
2169 1579 86 21 wurde
2274 1579 25 20 in
2319 1585 92 15 unsern
2430 1579 136 26 Bildungs-

1976 1609 94 21 kursen
2087 1615 29 15 zu
2131 1609 97 25 Beginn
2253 1608 42 21 des
2313 1608 88 22 Jahres
2427 1608 139 25 eingehend

1976 1639 142 25 behandelt,
2145 1639 51 21 und
2222 1639 40 21 die
2290 1638 213 25 Stellungnahme
2523 1638 44 21 der

1976 1668 195 21 verschiedenen
2210 1668 179 25 Delegationen
2428 1673 44 15 vor
2511 1667 55 21 dem

1976 1698 215 21 Internationalen
2215 1699 91 20 Forum
2329 1698 43 21 des
2394 1698 54 20 BIT
2471 1698 31 20 ist
2526 1697 40 21 für

1976 1733 46 15 uns
2048 1733 49 15 von
2121 1728 102 25 großem
2248 1728 130 21 Interesse.
2411 1728 51 20 Wir
2486 1727 80 21 bitten

1976 1757 104 22 deshalb
2122 1763 90 15 unsere
2255 1756 311 26 Ortsgruppenvorstände

1976 1787 133 25 vollzählig
2141 1793 33 15 an
2204 1787 44 21 der
2272 1787 128 24 morgigen
2423 1786 143 21 Konferenz

1976 1816 193 22 teilzunehmen.

2632 146 118 23 AVIS
2788 145 152 23 MORTUAIRES

2640 219 132 27 Madame
2794 224 63 22 J.-B.
2878 220 234 28 Reichling-André

2626 254 64 22 ainsi
2712 260 49 21 que
2784 254 36 22 les
2840 253 114 22 familles
2976 252 166 27 apparentées

2626 284 139 27 Reichling,
2819 283 149 26 Arensdorf,
3022 282 121 26 Blancon,

2626 314 136 25 Chauvier,
2779 313 94 27 André,
2892 312 98 27 Graffé,
3009 312 134 26 Corbisier,

2628 343 147 22 Crémonesi
2800 345 24 20 et
2849 343 96 22 Bonfili
2970 344 44 21 ont
3038 342 25 22 la
3087 348 57 20 pro-

2629 374 77 22 fonde
2735 373 108 22 douleur
2871 373 30 22 de
2930 372 65 22 faire
3022 374 58 25 part
3107 372 35 22 du

2628 403 72 23 décès
2724 403 32 22 de

2821 441 131 22 Monsieur

2654 486 94 28 Jean-
2768 486 150 28 Baptiste
2939 484 177 33 Reichling

2697 536 83 27 époux
2805 538 30 21 de
2860 537 81 22 Marie
2966 536 111 22 ANDRÉ

2628 589 93 22 décédé
2744 589 24 22 le
2790 590 26 21 13
2838 590 103 22 octobre
2963 590 64 26 1950,
3048 589 14 22 à
3082 589 65 27 l'âge

2628 619 31 22 de
2683 619 27 21 75
2735 625 52 16 ans.

2628 663 203 22 L'enterrement
2854 670 61 15 aura
2939 663 52 22 lieu
3014 662 14 23 à
3052 663 95 22 ESCH-

2628 693 106 27 Alzette,
2769 693 23 22 le
2825 693 71 22 lundi
2931 694 26 22 16
2990 694 110 26 octobre,
3134 693 13 22 à

2629 724 11 21 3
2663 723 92 22 heures
2777 723 30 22 de
2829 723 108 22 relevée.

2628 767 34 22 Le
2682 767 91 22 convoi
2791 767 110 22 funèbre
2920 767 97 27 partira
3036 768 31 22 de
3086 767 60 26 l'hô-

2629 797 63 27 pital
2720 797 31 22 de
2777 797 24 22 la
2827 797 61 22 ville
2916 797 88 22 d'Esch
3031 805 64 20 pour
3123 805 25 16 se

2629 828 93 21 rendre
2748 833 32 16 au
2805 827 130 22 cimetière
2962 828 31 22 de
3018 828 128 27 Lallange.

2629 872 186 26 Esch-Alzette,
2839 872 24 22 le
2890 872 25 22 16
2941 873 103 22 octobre
3070 873 63 22 1950.

2677 916 46 22 Cet
2741 916 53 22 avis
2813 916 64 22 tient
2895 917 52 22 lieu
2965 918 30 21 de
3014 918 88 22 lettres

2792 947 31 22 de
2844 947 137 27 faire-part
3091 948 56 22 2921

2594 1064 7 37 j
2766 1063 22 25 V
2810 1063 22 25 E
2854 1063 22 25 R
2890 1065 25 23 R
2930 1065 12 24 I
2959 1065 27 24 IV
3000 1065 27 24 b.
3175 1060 8 44 |

2662 1137 200 44 Orphéon
2896 1140 220 44 Municipal

2698 1198 53 33 de
2779 1199 296 45 Luxembourg

2628 1251 55 22 Wie
2702 1252 78 22 schon
2800 1253 80 22 durch
2901 1253 40 22 die
2960 1254 90 23 Presse
3070 1256 114 24 bekannt

2597 1281 125 26 gemacht,
2756 1282 88 22 wurde
2877 1283 25 22 in
2936 1284 44 22 der
3014 1285 171 23 Generalver-

2598 1311 145 27 sammlung
2766 1313 44 22 des
2833 1314 121 27 Orphéon
2977 1315 141 27 Municipal
3141 1318 44 21 be-

2582 1341 146 32 schlossen
2749 1342 83 22 neben
2854 1343 56 22 de->?
2934 1344 120 22 Mà'nner-
3075 1352 23 15 u.
3120 1347 64 22 Kin-

2598 1371 108 22 derchor
2737 1373 65 21 auch
2834 1373 55 22 eine
2921 1374 200 23 Damehsektion
3153 1384 32 16 zu

2598 1402 123 26 gründen.
2753 1402 52 22 Wir
2828 1402 76 22 laden
2927 1404 104 22 hiermit
3054 1406 49 22 allé
3127 1413 57 15 san-

2598 1431 180 27 gesfreudigen
2805 1433 98 22 Damen
2930 1435 171 23 freundlichst
3135 1437 49 27 ein,

2598 1467 32 16 an
2649 1462 70 22 einer
2738 1464 85 20 ersten
2842 1463 181 28 Besprechung
3042 1466 142 22 teilzuneh-

2598 1497 66 20 men,
2685 1492 96 22 welche
2802 1496 40 18 2m
2862 1494 140 27 Mittwoch,
3024 1496 48 22 den
3094 1497 33 21 18.
3150 1497 33 22 10.

2600 1522 56 21 1950
2677 1529 43 15 um
2742 1524 63 21 19.30
2825 1524 54 22 Uhr
2898 1524 33 22 im
2952 1525 81 22 Lokal
3054 1526 130 24 (Ratskel-

2599 1551 44 26 ler,
2672 1551 88 22 Cercle
2788 1554 145 26 gegenüber
2959 1555 121 27 Passage)
3111 1557 73 21 statt-

2598 1581 295 24 findet.
3125 1586 60 22 2929

2582 1657 28 63 |
2766 1673 38 24 ZU
2827 1652 357 64 VERMIETEN

2582 1700 211 79 Brouchviertel
2816 1748 73 21 Esch:
2913 1749 137 22 GARAGE
3074 1756 30 16 zu
3120 1719 63 54 ver-

2597 1775 95 22 mieten
2716 1776 43 22 für
2783 1776 127 27 grolieren
2934 1779 102 27 Wagen,
3060 1781 124 27 Heizung,

2599 1805 105 27 Wasser,
2727 1807 125 26 bequeme
2876 1808 138 23 Einfahrt.
3073 1811 111 23 Adresse

2599 1835 118 27 erfragen
2738 1838 52 20 unt.
2811 1838 45 22 No.
2878 1838 58 22 3005
2957 1838 34 22 im
3012 1839 171 27 "Tageblatt".

2598 1917 40 22 KI.
2671 1918 309 24 GESCHAFTSLOKAL
3011 1921 48 22 mit
3090 1922 94 22 3-Zim-

2597 1949 187 26 merwohnung
2802 1949 26 22 in
2847 1949 161 27 Düdelingen
3026 1958 31 16 zu
3075 1954 110 22 vermie-

2598 1977 44 22 ten
2664 1978 90 26 Eignet
2777 1979 53 22 sich
2853 1981 101 22 bestens
2976 1981 42 22 für
3042 1982 143 23 Confiserie

2598 2008 142 27 Mietpreis:
2763 2009 57 22 1250
2841 2011 44 21 Fr.
2933 2011 110 22 Adresse
3065 2013 119 27 erfragen

2582 2035 92 29 unter
2694 2038 45 22 No.
2762 2039 57 22 2928
2842 2040 34 22 im
2898 2041 171 27 "Tageblatt".

2582 2104 28 52 |
2767 2101 353 60 KAUFGESUCHE
3152 2101 32 60 l
3169 2110 15 48 |

2599 2188 115 22 Cherche
2733 2189 109 27 voiture,
2861 2190 11 22 7
2893 2189 15 23 à
2926 2192 13 21 8
2958 2192 92 27 places,
3070 2192 114 22 DODGE

2599 2225 32 15 ou
2650 2219 42 22 DE
2714 2219 90 26 SOTO,
2825 2219 27 22 47
2873 2226 33 16 ou
2925 2221 39 22 48.
3009 2221 93 22 Ecrire:
3125 2223 59 21 HA-

2600 2248 64 24 VAS
2683 2247 97 23 LIÈGE
2799 2250 44 22 No.
2865 2251 49 21 43.
2931 2251 97 21 ̃
3045 2251 33 21 r–
3095 2251 16 21 «
3125 2252 60 22 2918

3029 2297 54 11 .t~

2595 2322 15 65 |
2595 2322 15 74 j
2761 2347 40 25 ZU
2820 2348 198 26 VERKAUFEN
3163 2325 21 64 J

2721 2419 49 35 Zu
2794 2419 218 35 verkaufen

2597 2471 408 30 MADCHEN-PELZMANTEL,
3033 2476 82 22 braun
3145 2477 40 23 (10

2599 2502 38 22 bis
2652 2503 27 21 12
2694 2503 101 27 Jahre),
2810 2505 58 21 sehr
2882 2504 85 27 schon,
2981 2506 43 22 800
3039 2506 47 25 Fr.,
3101 2507 83 22 KNA-

2598 2533 331 23 BEN-LODENMANTEL
2954 2535 39 23 (10
3014 2536 38 22 bis
3075 2536 28 22 14
3123 2537 61 22 Jah-

2599 2563 50 26 re),
2671 2563 49 22 wie
2742 2570 57 20 neu,
2822 2565 43 22 500
2888 2566 44 21 Fr.
2983 2566 60 22 Sich
3065 2567 118 22 wenden:

2582 2593 36 43 8,
2648 2593 108 22 Avenue
2779 2594 30 22 de
2832 2595 25 22 la
2878 2595 110 27 Liberté,
3018 2596 166 27 Luxemburg

2582 2622 277 55 (rez-de-chaussée).
3125 2627 59 22 2922

2595 2690 23 120 f
2670 2714 136 72 ROLL
2841 2714 68 72 EN
2944 2714 170 72 RESTE
3084 2723 27 62 E
3152 2694 32 94 1

2595 2682 22 178 l
2641 2682 198 178 ABZUGEBEN
2861 2810 39 22 IM
2926 2692 259 155 "TAGEBLATT"
3173 2788 11 46 J

1975 1868 15 56 |
2117 1858 448 68 STELLENANGEBOTE
2551 1866 14 59 |

1978 1966 39 22 On
2052 1965 126 22 demande
2213 1965 135 26 d'urgence
2385 1965 180 25 SERVANTE,

1978 1995 79 27 logée,
2084 1996 111 27 nourrie,
2222 1997 42 21 vie
2291 1996 31 22 de
2356 1995 106 22 famille.
2496 1996 68 22 Bons

1977 2032 83 21 gages,
2078 2026 34 26 61,
2130 2025 129 23 Chaussée
2274 2026 32 22 de
2323 2026 81 26 Gand,
2421 2025 142 22 Bruxelles.

1979 2109 121 27 Stândige
2131 2109 89 22 FRAU
2252 2109 27 22 in
2310 2108 97 27 jungen
2438 2108 127 22 Haushalt

1977 2140 113 26 gesucht.
2138 2138 62 22 Café
2219 2137 346 26 BARTHEL-RISCHARD,

1959 2170 55 26 22,
2037 2175 46 16 rue
2109 2169 143 27 Soufftgen,
2277 2168 158 27 Dudelange.
2506 2168 58 21 2023

2009 2236 287 49 Bauzeichner
2324 2248 201 45 gesucht:
2526 2256 27 37 =.

1977 2313 67 22 Gute
2062 2312 77 22 Kraft
2158 2311 42 22 für
2219 2310 242 22 Architektenbüro.
2479 2309 84 27 Ange-

1978 2343 60 21 bot
2046 2341 47 22 mit
2118 2341 158 22 curriculum
2299 2341 70 22 vitae
2394 2340 97 22 senden
2516 2346 24 16 an

1959 2347 108 66 Victor
2093 2365 136 33 ENGELS,
2258 2371 66 27 Dipl.
2353 2367 209 30 Ing.-Architekt,

1959 2403 71 38 10a,
2050 2402 55 22 Bld.
2128 2402 31 22 de
2180 2401 24 22 la
2225 2401 81 26 Foire,
2325 2401 228 29 Luxemburg.

1979 2500 163 22 Demandons
2165 2505 65 21 pour
2254 2497 88 23 entrée
2365 2496 149 23 immédiate

1998 2545 131 42 jeune
2158 2543 172 33 homme
2358 2540 44 33 Ife
2425 2540 121 33 force

1982 2576 33 48 pr.
2041 2595 176 28 comptabilité
2242 2595 25 22 et
2293 2595 104 25 bureau,
2424 2594 140 22 collabora-

1986 2617 51 33 teur
2061 2625 99 23 dévoué
2185 2628 25 21 et
2234 2625 146 27 énergique,
2405 2624 79 26 ayant
2508 2629 57 16 sens

1977 2657 164 22 commercial
2163 2656 26 22 et
2209 2656 84 21 bonne
2316 2655 99 22 culture
2438 2653 127 27 générale,

1986 2686 39 27 âgé
2045 2687 31 22 de
2097 2687 28 22 25
2146 2685 15 22 à
2181 2687 27 21 30
2230 2692 53 20 ans,
2305 2684 88 22 études
2413 2689 148 21 moyennes.

1979 2716 127 22 Situation
2149 2716 115 22 d'avenir
2307 2721 65 22 pour
2413 2714 153 22 travailleur

1978 2747 193 22 consciencieux
2195 2746 25 22 et
2244 2745 98 23 assidu.
2393 2744 87 22 Ecrire
2504 2749 61 16 avec

1977 2776 157 22 curriculum
2151 2776 69 22 vitae
2237 2777 24 19 et
2278 2774 160 27 prétentions
2454 2773 14 22 à
2486 2774 78 26 Quin-

1959 2741 132 105 caillerie
2117 2808 27 21 R.
2171 2802 134 26 MAJERUS
2354 2805 132 26 FELLER,
2513 2805 52 21 Du-

1978 2838 115 25 delange.
2506 2834 59 21 2930

115 2058 111 78 Die
265 2061 394 71 Friedenschancen
729 2059 170 58 haben
924 2058 101 65 sich
1060 2053 263 65 vermehrt"

174 2151 99 22 erklärt
293 2150 133 22 Churchill
447 2150 27 21 in
494 2149 141 26 Blackpool

146 2206 132 21 London.
353 2204 70 21 Nach
455 2204 69 20 einer
555 2202 147 22 Diskussion

117 2236 133 27 über^die
268 2241 49 15 von
336 2236 56 21 dem
408 2235 71 21 Staat
496 2233 121 22 bedrohte
634 2232 69 22 Frei-

117 2267 52 21 heit
189 2263 42 23 des
250 2265 132 25 Bürgers",
400 2265 62 21 über
481 2264 48 21 den
550 2263 91 21 Schutz
659 2262 44 21 der

117 2297 85 22 Löhne
227 2297 42 20 für
303 2295 166 26 qualifizierte
503 2294 132 21 Arbeiter
653 2292 50 22 und

117 2327 62 22 über
192 2326 77 23 idia."
282 2326 77 23 Reform
375 2325 44 21 der
436 2324 175 25 langfristigen
628 2323 76 21 Miet-

117 2350 127 32 verträge'
254 2357 44 21 hat
318 2356 44 21 der
381 2356 33 20 71.
436 2354 118 26 Kongreß
575 2354 44 21 der
640 2353 74 20 kon-

119 2387 143 22 servativen
278 2387 83 20 Partei
381 2392 39 15 am
437 2385 115 24 Samstag
570 2385 67 21 seine
655 2384 48 21 Ar-

118 2418 84 21 beiten
222 2417 114 22 beendet.

143 2472 49 21 Am
206 2470 160 25 Nachmittag
381 2469 61 21 hielt
458 2468 136 24 Churchill,
609 2467 44 22 der
668 2467 35 20 als

118 2500 173 22 Parteiführer
315 2499 56 21 dem
395 2497 166 26 eigentlichen
585 2495 117 27 Kongreß

120 2530 69 21 nicht
215 2529 149 24 beiwohnte,
392 2528 26 21 in
443 2528 69 20 einer
539 2526 165 22 öffentlichen

119 2560 192 25 Versammlung
326 2560 34 21 im
375 2558 57 22 Saal
450 2558 42 21 des
507 2556 197 25 Wintergartens

119 2591 55 21 eine
192 2590 75 22 Rede.

149 2644 65 25 "Wir
233 2644 88 21 freuen
342 2648 48 15 uns
409 2641 49 22 alle
477 2641 61 21 über
558 2640 38 21 die
618 2639 86 26 glück-

118 2674 66 21 liche
202 2672 130 26 Wendung
352 2672 43 21 der
413 2672 140 24 Ereignisse
571 2671 26 21 in
615 2671 89 20 Korea.

120 2705 51 21 Wir
194 2703 154 22 bewundern
373 2702 38 21 die
444 2700 182 23 Gewandtheit.
660 2700 45 21 mit

115 2736 44 21 der
192 2735 81 21 dieser
304 2733 76 26 große
405 2733 87 22 Soldat
516 2731 108 22 General
650 2731 56 20 Mac

121 2765 102 25 Arthur,
246 2763 49 22 den
320 2762 108 26 Feldzug
452 2760 101 27 geführt
579 2760 49 20 hat.
656 2760 49 21 Wir

120 2795 94 25 hoffen,
244 2794 47 22 daß
321 2794 39 21 die
388 2792 39 22 die
464 2790 160 23 Streitkräfte
662 2789 43 21 der

120 2826 81 22 freien
218 2825 93 21 Völker
327 2824 34 22 im
379 2824 97 21 Fernen
494 2821 78 22 Osten
589 2821 69 21 nicht
676 2826 29 15 zu

120 2856 49 21 viel
203 2855 27 22 in
262 2854 133 26 Anspruch
423 2858 147 21 genommen
596 2850 108 24 werden,

736 2148 56 21 weil
813 2147 41 21 die
875 2147 141 25 Gefahren,
1031 2146 40 21 die
1090 2151 46 16 uns
1157 2145 57 21 dort
1232 2144 90 22 bedro-

736 2179 55 25 hen,
817 2177 225 25 verhältnismäßig
1067 2176 115 25 geringer
1205 2175 55 22 sind
1286 2174 37 21 als

737 2209 63 25 jene,
821 2208 39 22 die
881 2208 51 21 sich
952 2212 77 22 gegen
1049 2213 47 15 uns
1116 2207 25 21 in
1160 2206 98 24 Europa
1278 2210 44 15 an-

737 2239 115 23 häufen",
870 2238 110 21 erklärte
999 2236 134 22 Churchill.

766 2269 49 20 Der
835 2268 138 25 ehemalige
992 2264 227 24 Premierminister
1238 2264 85 22 führte

737 2298 87 22 weiter
843 2299 53 21 aus:
916 2298 109 24 "Unsere
1044 2297 104 21 Staaten
1164 2296 53 22 und
1233 2300 90 16 unsere

737 2329 92 21 Völker
849 2328 57 22 sind
927 2327 170 27 gegenwärtig
1116 2333 46 15 nur
1183 2325 80 22 durch
1285 2325 39 21 die

725 2359 88 25 große
842 2357 209 26 Ueberlegenheit
1083 2357 43 21 der
1163 2356 162 25 Vereinigten

737 2390 104 21 Staaten
861 2395 32 15 an
914 2388 183 21 Atombomben
1118 2392 45 16 vor
1184 2386 47 21 den
1251 2386 72 20 kom-

736 2419 182 21 munistischen
927 2418 247 26 Machtansprüchen
1189 2415 127 27 geschützt

738 2450 42 21 Ich
800 2449 90 27 glaube
909 2449 76 23 nicht,
1003 2448 48 22 daß
1071 2447 44 22 der
1134 2447 77 25 Krieg
1231 2451 93 16 unver-

738 2479 117 21 meidlich
875 2479 38 20 ist.
935 2479 42 20 Ich
999 2479 43 21 bin
1061 2478 59 21 eher
1148 2477 44 21 der
1219 2476 104 22 Auffas-

738 2515 70 20 sung,
825 2509 47 21 daß
889 2509 40 21 die
946 2509 150 21 Aussichten
1114 2507 44 22 auf
1174 2507 55 21 eine
1246 2506 77 22 fried-

737 2540 65 21 liche
820 2540 129 26 Regelung
965 2539 45 22 mit
1026 2539 44 22 der
1087 2537 173 26 Sowjetunion
1279 2536 45 21 seit

738 2570 44 21 der
807 2569 188 22 Korea-Affäre
1029 2573 178 21 zugenommen
1234 2567 89 20 haben.

719 2577 70 53 Wir
805 2600 101 21 werden
922 2599 44 22 der
982 2599 142 26 Regierung
1139 2599 44 21 auf
1200 2598 56 21 dem
1275 2598 49 21 Ge-

719 2630 70 46 biet
807 2630 43 21 der
868 2629 180 26 Verteidigung
1065 2628 51 22 und
1135 2628 44 22 der
1195 2628 128 25 Diploma-

720 2661 52 26 tie
793 2661 88 21 weiter
901 2666 90 16 unsere
1021 2665 76 20 ganze
1126 2658 198 24 Unterstützung

739 2690 140 25 gewähren,
903 2690 65 21 sooft
989 2689 75 25 kluge
1087 2689 170 21 Maßnahmen
1282 2694 42 15 zur

720 2689 168 71 Errichtung
910 2720 43 21 des
975 2719 119 22 Friedens
1115 2718 122 25 ergriffen
1259 2723 64 16 wer-

739 2751 68 21 den."

767 2789 37 21 Im
822 2788 120 22 weiteren
959 2788 105 22 Verlauf
1082 2788 81 20 seiner
1181 2786 66 21 Rede
1267 2786 56 25 ging

719 2764 148 95 Churchill
894 2820 44 21 auf
963 2819 96 24 Fragen
1086 2817 44 21 der
1154 2816 169 26 Innenpolitik

739 2849 47 20 ein.
803 2849 92 21 Hierzu
915 2849 68 24 sagte
1002 2854 27 16 er
1047 2848 82 21 nichts
1147 2848 146 29 Neues.

397 3013 470 40 MEISTER
923 3011 197 37 DER
1175 3006 524 40 ELEGANZ:

182 3095 127 82 SIE
361 3092 380 82 KLEIDEN
795 3086 165 89 DIE
1017 3086 331 89 FRAUEN
1398 3085 174 81 DER
1618 3085 177 81 WELT

185 3216 396 39 Französische
627 3211 415 39 Modekünstler
1087 3211 73 35 im
1209 3209 213 37 Wirbel
1470 3209 151 36 ihres
1671 3208 211 37 Lebens

358 3289 463 27 TATSACHENBERICHT
861 3288 83 22 VON
968 3286 254 23 FERDINAND
1247 3285 130 22 FINNE

124 3417 110 44 DIE,
259 3412 458 37 SCHIAPARELLI
755 3407 373 35 BEGEISTERT
1160 3404 183 61 PARISI

393 3484 41 22 rv.

210 3522 58 22 Was
284 3521 69 27 trägt
369 3484 55 59 die
425 3519 86 22 starke
528 3518 60 22 Frau
604 3518 15 22 ?

152 3560 61 26 "Die
238 3559 143 27 wichtigste
407 3557 118 26 Aufgabe
551 3556 45 22 der
621 3554 87 22 Mode-

121 3589 125 23 industrie
264 3589 33 22 ist
314 3588 77 22 heute
408 3587 41 22 die
467 3584 12 27 Q
492 3584 12 27 u
518 3584 12 27 a
543 3584 12 27 1
568 3584 12 27 i
594 3584 12 27 t
619 3584 12 27 ä
625 3583 14 22 t
654 3583 55 22 auf-

120 3619 73 22 recht
213 3625 31 16 zu
265 3617 122 22 erhalten.
409 3616 60 22 Dies
491 3616 69 22 kann
580 3614 71 22 nicht
672 3613 38 22 oft

121 3655 83 22 genug
224 3647 190 23 unterstrichen
434 3645 110 22 werden.
564 3644 58 22 Alle
641 3643 66 22 Mas-

121 3677 202 27 senproduktion
345 3677 33 22 ist
398 3683 50 15 von
470 3674 71 22 Übel.
566 3673 143 22 Selbstver-

121 3708 127 23 ständlich
268 3707 33 23 ist
319 3713 27 16 es
365 3706 59 22 sehr
444 3704 110 27 wichtig,
574 3702 50 22 daß
645 3701 66 22 auch

121 3737 247 23 Minderbemittelte
387 3735 54 22 sich
460 3735 45 26 gut
524 3732 104 22 kleiden
646 3732 63 22 kön-

121 3774 36 19 nen
202 3767 61 22 aber
285 3765 160 28 gleichzeitig
466 3764 45 22 hat
531 3763 42 22 die
594 3761 115 22 Konfek-

121 3796 195 23 tionsindustrie
335 3794 54 23 sich
408 3795 45 26 gut
474 3793 104 22 kleiden
597 3791 111 26 können;

122 3827 60 22 aber
204 3825 160 28 gleichzeitig
401 3824 44 22 hat
465 3823 41 22 die
526 3821 183 23 Konfektions-

122 3855 125 23 industrie
262 3855 52 22 viel
331 3854 110 22 Charme
457 3852 151 25 vernichtet,
623 3850 87 22 indem

122 3886 36 22 sie
183 3885 104 22 einfach
312 3889 63 22 ganz
400 3882 103 27 geistlos
529 3881 111 22 Modelle
665 3880 46 22 der

122 3916 77 22 haute
218 3915 104 21 couture
339 3913 116 27 kopierte
474 3911 52 22 und
543 3910 36 22 sie
596 3909 115 23 dadurch

122 3952 32 16 zu
167 3944 176 22 Karikaturen
356 3941 124 23 machte."

155 3981 60 26 “Die
227 3981 71 22 nicht
310 3986 63 21 ganz
386 3978 121 23 schlanke
520 3977 66 22 Frau
599 3976 48 22 soll
657 3975 55 23 sich

124 4019 26 16 so
165 4010 102 22 einfach
281 4009 49 22 wie
345 4008 112 27 möglich
472 4007 110 22 kleiden.
597 4004 114 22 Niemals

124 4041 58 22 darf
204 4040 36 22 sie
264 4039 38 26 "le
324 4038 103 22 dernier
451 4036 49 22 cri"
524 4037 97 25 tragen,
644 4035 67 21 denn

124 4071 45 22 der
190 4069 33 22 ist
241 4069 44 22 für
305 4069 40 22 die
367 4073 63 21 ganz
450 4065 141 23 schlanken
612 4065 99 21 Frauen

124 4099 115 27 gedacht.
264 4097 127 22 Schlanke
412 4097 100 22 Frauen
534 4095 103 22 können
659 4093 53 22 bei-

124 4130 66 22 nahe
214 4128 61 22 alles
297 4128 98 26 tragen,
416 4125 73 22 dicke
512 4125 100 21 Frauen
634 4120 93 25 sehen

124 4159 78 22 leicht
231 4156 139 23 lächerlich
399 4162 53 19 aus,
481 4160 76 16 wenn
586 4153 36 22 sie
653 4151 74 23 kein

126 4186 163 24 Seitosturteil
303 4186 85 22 haben
403 4185 53 22 und
471 4185 115 27 gewagte
601 4182 111 22 Modelle

127 4218 123 22 anhaben.
272 4216 41 22 Sie
334 4215 103 22 müssen
457 4220 47 16 vor
524 4213 68 22 allen
612 4212 100 27 Dingen

125 4247 93 22 dirauf
237 4246 98 25 achten,
354 4244 107 22 niemals
480 4244 115 26 gewagte
613 4242 100 22 Farben

127 4278 51 22 und
198 4277 58 22 sehr
274 4274 179 23 dekolletierte
471 4273 106 22 Kleider
596 4279 30 15 zu
644 4271 69 22 wäh-

127 4306 63 22 len."

158 4345 71 25 "Was
253 4344 89 25 sagten
364 4341 42 22 die
428 4340 101 22 Pariser
552 4338 161 22 Modekreise

126 4380 32 16 zu
176 4373 77 22 Ihren
270 4372 128 26 Erfolgen,
417 4370 38 22 als
474 4369 42 22 Sie
535 4369 93 22 kamen
640 4367 27 22 ?"

158 4410 58 26 "Ich
235 4410 70 22 kann
323 4414 49 16 nur
392 4412 84 22 sagen,
496 4406 50 22 daß
567 4411 60 16 man
646 4405 69 22 mich

126 4440 60 23 sehr
213 4437 198 27 liebenswürdig
438 4436 198 27 aufgenommen
663 4434 50 22 hat.

127 4469 134 22 Natürlich
277 4468 66 22 habe
359 4467 40 22 ich
416 4466 66 22 auch
497 4465 129 26 bösartige
643 4464 71 22 Men-

127 4500 77 23 schen
226 4498 136 27 getroffen,
399 4496 61 22 aber
481 4494 35 22 im
538 4494 104 22 Großen
663 4494 52 22 und

129 4529 104 22 Ganzen
249 4527 44 22 hat
309 4533 60 16 man
385 4525 68 22 mich
469 4525 53 22 und
538 4524 83 22 meine
638 4523 77 22 Ideen

128 4557 149 28 akzeptiert.
296 4556 44 22 Ich
357 4554 112 23 schließe
487 4554 89 26 Augen
594 4553 52 22 und
664 4552 51 22 Oh-

128 4594 49 17 ren
198 4587 53 24 und
274 4586 66 22 auch
364 4584 103 23 meinen
490 4583 88 26 Mund,
603 4583 48 22 wie
675 4582 40 29 die

738 3478 55 22 drei
808 3478 154 22 berühmten
977 3476 87 22 Affen.
1081 3476 51 22 Das
1148 3475 33 22 ist
1197 3475 69 22 wohl
1281 3475 44 22 das

737 3508 82 22 Beste.
841 3507 55 22 Daß
918 3506 40 22 ich
979 3513 53 15 nun
1053 3505 137 22 Französin
1209 3505 51 27 bin,
1282 3504 44 22 hat

738 3539 68 22 wohl
825 3537 65 22 auch
907 3537 74 22 einen
999 3536 55 22 Teil
1071 3535 65 22 dazu
1154 3534 172 27 beigetragen,

738 3567 49 22 daß
806 3574 58 15 man
881 3567 68 22 mich
966 3567 26 22 in
1009 3566 72 22 Ruhe
1098 3565 77 22 läßt."

769 3598 31 22 Es
815 3597 62 27 liegt
892 3597 79 21 etwas
986 3595 93 22 Hartes
1093 3594 53 22 und
1161 3594 165 27 Unergründ-

739 3627 78 22 liches
835 3627 26 22 in
878 3626 119 22 Madame
1015 3624 182 27 Schiaparellis
1214 3623 111 26 Gesicht,

739 3657 85 26 etwas,
841 3663 53 15 was
911 3662 60 15 man
988 3655 71 22 nicht
1074 3654 93 27 richtig
1183 3653 143 22 definieren

739 3687 77 22 kann.
828 3686 41 22 Sie
881 3685 82 22 bietet
975 3684 65 22 auch
1052 3684 75 22 einen
1138 3683 105 22 krassen
1258 3683 68 22 Kon-

739 3717 64 21 trast
822 3722 30 15 zu
871 3715 73 22 ihren
964 3714 250 25 Geschäftsräumen,
1233 3712 41 22 die
1292 3712 35 22 im

739 3745 48 22 Stil
815 3745 44 22 des
882 3745 33 22 18.
935 3743 189 22 Jahrhunderts
1152 3742 168 27 eingerichtet

739 3776 63 26 sind,
818 3775 47 22 mit
879 3774 85 22 hohen
979 3774 124 22 Fenstern
1119 3772 52 22 und
1187 3771 140 27 geschnitz-

739 3806 42 21 ten
799 3804 165 27 vergoldeten
981 3804 175 22 Ornamenten
1172 3802 44 22 auf
1231 3808 95 16 creme-

740 3834 99 22 weißen
860 3834 119 21 Panelen.
999 3833 31 22 Es
1049 3832 33 22 ist
1099 3832 138 27 eigentlich
1256 3837 71 16 wun-

728 3848 116 42 derlich,
866 3863 50 22 daß
938 3863 41 22 die
1001 3861 169 27 Schiaparelli
1192 3861 26 22 in
1241 3860 87 22 diesen

740 3893 115 22 Räumen
872 3892 120 27 gelandet
1009 3892 38 22 ist.
1065 3892 43 22 Ihr
1124 3891 155 22 Lebenslauf
1296 3890 33 22 ist

739 3923 71 22 nicht
829 3922 65 22 ohne
913 3922 66 22 viele
998 3921 75 26 lange
1091 3920 237 23 Gedankenstriche

739 3959 31 16 zu
786 3952 127 22 erzählen.

853 3988 132 22 Weltreise
1005 3988 47 21 mit
1072 3987 54 21 Ziel
1146 3986 71 22 Paris

771 4018 154 26 Italienisch,
941 4017 140 27 ägyptisch,
1098 4016 123 27 polnisch,
1237 4015 90 22 ameri-

741 4048 106 22 kanisch
883 4047 52 22 und
971 4053 54 15 nun
1060 4046 146 22 französisch
1271 4045 57 22 Elsa

742 4077 168 27 Schiaparelli
932 4077 33 22 ist
985 4076 26 22 in
1032 4077 64 21 Rom
1118 4075 118 27 geboren,
1273 4075 55 22 ihre

742 4107 166 22 Großmutter
926 4113 53 16 war
995 4105 143 27 Ägypterin
1155 4105 51 22 und
1223 4104 40 22 ihr
1280 4104 49 22 Va-

741 4138 38 21 ter
800 4136 127 22 Italiener.
949 4136 32 21 Er
1003 4141 54 16 war
1076 4135 132 22 Professor
1231 4141 32 15 an
1284 4134 45 22 der

741 4166 160 22 Universität
919 4165 27 22 in
966 4166 64 22 Rom
1049 4165 53 21 und
1121 4164 38 22 las
1179 4164 64 22 über
1262 4169 66 16 mor-

742 4196 199 27 gendländische
965 4195 103 22 Kultur.
1092 4194 45 22 Ela
1160 4193 169 27 Schiaparelli

741 4225 88 22 wuchs
851 4225 53 22 also
933 4224 26 22 in
989 4224 71 22 einer
1089 4223 239 22 traditionsreichen

742 4255 171 27 Atmosphäre
927 4254 51 22 auf.

774 4284 82 22 Schon
876 4284 37 22 als
931 4284 70 22 Kind
1018 4283 81 27 zeigte
1117 4283 57 22 Elsa
1192 4282 41 22 ihr
1250 4282 77 22 feuri-

743 4320 49 22 ges,
817 4313 220 22 aufrührerisches
1060 4312 204 27 Temperament.
1288 4312 42 22 Sie

743 4344 121 22 besuchte
883 4343 122 22 zunächst
1024 4342 57 22 eine
1101 4342 93 22 Schule
1214 4341 26 22 in
1258 4341 71 22 Rom.

743 4373 58 22 Ihre
833 4374 66 21 erste
929 4372 187 22 künstlerische
1148 4371 182 26 Veranlagung

743 4403 81 27 zeigte
851 4402 36 22 sie
915 4402 27 22 in
969 4402 71 21 einer
1067 4400 261 26 Gedichtsammlung,

744 4433 40 22 die
806 4433 36 22 sie
862 4432 47 22 mit
932 4433 27 21 16
979 4432 96 22 Jahren
1096 4430 107 22 schrieb.
1225 4431 31 21 Es
1275 4427 55 25 war

744 4462 41 22 ein
810 4461 97 26 Cyklus
930 4461 64 22 über
1018 4461 55 22 eine
1098 4461 51 22 alte
1173 4460 156 27 griechische

745 4492 71 27 Sage.
831 4491 71 22 Nach
917 4491 96 22 diesem
1028 4491 84 22 ersten
1126 4489 115 22 Versuch
1255 4489 75 22 stand

745 4528 26 16 es
790 4521 43 22 für
852 4521 42 22 die
914 4520 106 22 Familie
1040 4520 56 26 fest,
1118 4518 49 22 daß
1188 4520 78 21 etwas
1287 4524 42 21 ge-

745 4550 110 22 schehen
870 4550 91 22 müsse.
977 4550 60 21 Man
1054 4549 88 22 sandte
1159 4549 57 22 Elsa
1231 4548 27 22 in
1273 4548 57 22 eine

744 4579 193 23 Klosterschule
952 4579 27 22 in
994 4578 40 22 die
1053 4578 120 22 Schweiz.
1189 4577 47 22 Ein
1251 4583 80 16 neuer

1357 3401 87 22 Chock
1463 3401 43 22 für
1525 3401 41 22 die
1586 3401 96 22 Familie
1730 3401 66 22 nach
1816 3401 55 22 drei
1891 3402 53 22 Mo-

1355 3432 78 22 naten
1457 3431 90 22 rückte
1573 3431 58 22 Elsa
1654 3437 52 16 aus.
1730 3431 43 22 Sie
1796 3431 60 22 kam
1880 3432 66 22 nach

1356 3462 64 22 Rom
1441 3462 96 22 zurück
1557 3462 51 22 und
1628 3461 125 22 studierte
1773 3462 171 27 Philosophie.

1356 3491 69 22 Aber
1442 3491 65 22 auch
1523 3492 44 21 das
1584 3491 106 22 dauerte
1707 3491 71 22 nicht
1794 3491 82 27 lange.
1893 3491 51 22 Das

1356 3522 104 22 nächste
1479 3522 53 21 Mal
1548 3521 90 22 finden
1656 3521 48 22 wir
1722 3521 36 22 sie
1777 3521 26 22 in
1821 3521 122 27 England.

1357 3551 75 22 Seine
1452 3551 148 22 Mentalität
1628 3551 48 26 gab
1704 3550 54 22 sich
1785 3550 41 23 die
1855 3551 90 27 größte

1355 3581 86 27 Mühe,
1458 3581 44 22 das
1520 3581 197 27 Temperament
1733 3581 45 22 der
1796 3581 148 22 Italienerin

1356 3617 30 15 zu
1408 3611 114 27 zähmen,
1543 3611 66 22 doch
1631 3610 64 22 auch
1717 3611 149 27 vergebens.
1888 3611 57 22 Elsa

1356 3640 100 22 schrieb
1476 3640 56 22 eine
1551 3646 66 16 neue
1635 3639 79 22 Reihe
1734 3640 132 22 Gedichte.

1388 3677 55 26 Ein,
1457 3677 55 26 Jahr
1524 3677 65 22 nach
1601 3677 99 27 Beginn
1711 3677 44 22 des
1770 3679 83 20 ersten
1867 3678 77 21 Welt-

1357 3702 100 32 krieges
1481 3707 125 22 heiratete
1629 3706 36 22 sie
1689 3707 75 22 einen
1787 3707 86 22 Polen.
1897 3707 49 22 Mit

1358 3737 82 22 ihrem
1460 3737 139 27 eleganten
1615 3736 77 22 Mann
1712 3737 101 22 machte
1833 3737 36 22 sie
1889 3737 55 22 ihre

1357 3766 202 22 Hochzeitsreise
1574 3766 66 22 nach
1655 3765 79 27 Paris,
1749 3772 44 16 um
1808 3766 54 22 sich
1877 3767 68 22 dann

1357 3796 26 22 in
1401 3796 62 22 New
1482 3796 71 22 York
1571 3796 214 22 niederzulassen.
1805 3796 61 22 Hier
1885 3796 60 22 kam

1357 3826 36 22 sie
1408 3826 26 22 in
1448 3825 216 22 Künstlerkreise.
1680 3825 46 22 Die
1742 3826 51 22 Ehe
1807 3832 54 15 war
1875 3826 71 22 nicht

1357 3855 136 27 glücklich,
1522 3854 172 22 italienisches
1722 3855 52 22 und
1801 3855 144 27 polnisches

1358 3885 197 27 Temperament
1568 3886 138 25 vertrugen
1718 3885 53 22 sich
1784 3886 77 22 nich.
1862 3885 83 22 Nach

1357 3914 59 22 fünf
1439 3914 95 22 Jahren
1557 3914 99 22 verließ
1678 3914 36 22 sie
1738 3914 51 26 ihn,
1812 3921 44 15 um
1878 3915 66 22 viele

1358 3944 180 27 Erfahrungen
1561 3944 105 22 reicher.
1691 3943 42 22 Sie
1756 3944 71 22 hatte
1850 3945 27 21 in
1899 3945 45 22 der

1357 3974 164 27 Hauptsache
1539 3974 26 22 in
1583 3974 64 22 New
1665 3974 71 21 York
1755 3975 120 27 gewohnt
1893 3975 52 22 und

1358 4004 55 21 hier
1427 4001 53 25 war
1494 4004 65 22 auch
1571 4004 41 22 die
1626 4003 109 22 Tochter
1749 4003 71 27 Gogo
1834 4004 111 27 geburen

1358 4034 111 22 worden.
1506 4034 57 22 Elsa
1585 4033 168 26 Schiaparelli
1774 4034 100 22 machte
1896 4034 49 22 alle

1358 4063 97 27 Arbeit,
1475 4064 41 22 die
1537 4063 54 22 sich
1611 4063 40 22 ihr
1672 4063 50 22 bot.

1390 4101 56 21 1923
1466 4100 60 22 kam
1546 4100 56 22 Elsa
1623 4099 168 27 Schiaparelli
1811 4101 47 22 mit
1876 4100 69 22 ihrer

1358 4130 103 22 kleinen
1483 4130 109 22 Tochter
1612 4129 66 22 nach
1701 4129 77 22 Paris.
1803 4130 41 22 Sie
1867 4130 77 22 besaß

1358 4166 49 15 nur
1420 4165 63 22 ganz
1497 4160 84 26 wenig
1596 4159 71 22 Geld.
1682 4158 59 22 Nun
1755 4160 53 26 galt
1823 4166 33 20 es,
1871 4160 75 21 einen

1358 4190 80 22 Beruf
1466 4196 30 16 zu
1523 4190 96 22 finden.
1656 4189 89 22 Zuerst
1773 4190 100 26 begann
1901 4190 43 27 sie,

1358 4220 107 26 Jumper
1485 4226 30 15 zu
1534 4219 119 25 stricken,
1672 4219 103 21 daheim
1794 4219 26 22 in
1838 4219 46 22 der
1902 4220 43 21 be-

1359 4249 153 22 scheidenen
1526 4249 103 22 kleinen
1644 4249 135 27 Wohnung
1794 4249 24 22 in
1833 4250 45 21 der
1892 4250 54 21 Rue

1358 4273 30 28 de
1420 4278 171 23 l'Universite.
1622 4278 47 22 Die
1700 4279 104 27 Jumper
1839 4279 105 22 wurden

1358 4309 98 22 schnell
1475 4307 108 27 populär
1603 4308 41 22 bei
1663 4307 74 22 ihren
1756 4308 188 27 Freundinnen,

1358 4339 53 22 und
1427 4339 150 22 schließlich
1595 4338 96 22 konnte
1709 4338 35 22 sie
1761 4338 42 22 die
1819 4338 127 27 Aufträge

1358 4368 71 22 nicht
1444 4368 73 22 mehr
1534 4367 77 22 allein
1628 4367 116 22 schaffen
1761 4368 52 21 und
1828 4367 116 22 beschäf-

1358 4398 62 27 tigte
1451 4398 83 27 einige
1562 4397 127 22 russische
1720 4397 225 22 Aristokratinnen

1358 4428 47 22 mit
1419 4428 209 26 Strickarbeiten,
1642 4433 44 16 um
1699 4427 55 22 sich
1766 4433 31 16 zu
1811 4427 133 22 entlasten.

1389 4457 75 22 Eines
1482 4457 80 27 Tages
1581 4457 71 22 hatte
1671 4456 36 22 sie
1726 4457 44 22 das
1790 4456 90 26 Glück,
1900 4463 45 15 aus

1358 4487 122 22 Amerika
1501 4487 56 22 eine
1575 4486 149 27 Bestellung
1743 4486 64 22 über
1826 4487 28 21 40
1874 4487 71 21 Jum-

1358 4522 45 20 per
1419 4516 44 22 auf
1479 4516 94 22 einmal
1590 4522 31 15 zu
1635 4516 160 25 bekommen,
1811 4516 133 27 gleichzei-

1358 4547 36 27 tig
1418 4547 73 22 sollte
1513 4547 35 22 sie
1571 4546 85 22 Röcke
1678 4546 65 22 dazu
1766 4545 99 22 liefern.
1903 4545 42 22 Sie

1358 4577 70 22 hatte
1446 4576 66 22 noch
1529 4576 42 22 nie
1587 4576 76 22 einen
1679 4575 70 22 Rock
1766 4575 100 27 genäht,
1885 4575 60 22 aber

1974 2941 36 23 sie
2025 2940 137 22 versuchte
2176 2946 27 16 es
2219 2939 53 22 und
2286 2939 46 22 der
2346 2937 116 22 Versuch
2477 2937 46 22 fiel
2539 2944 26 16 so

1973 2972 46 26 gut
2035 2976 52 21 aus,
2102 2969 51 22 daß
2169 2969 36 22 sie
2220 2969 79 22 Pläne
2314 2968 109 26 machte,
2440 2967 42 22 ein
2498 2967 66 27 eige-

1974 3007 44 16 nes
2032 2998 195 27 Modegeschäft
2241 3005 31 15 zu
2285 2998 123 27 gründen.
2424 2998 41 22 Sie
2479 2998 87 22 wollte

1974 3030 54 22 sich
2048 3030 44 22 auf
2113 3029 117 22 einfache
2250 3027 178 27 Sportkleider
2449 3027 115 27 speziali-

1973 3059 92 22 sieren.
2089 3059 72 22 Nach
2185 3059 55 22 drei
2263 3058 97 22 Jahren
2383 3058 71 22 hatte
2479 3057 36 22 sie
2538 3064 27 15 so

1974 3089 97 27 großen
2086 3088 95 27 Erfolg,
2196 3087 50 22 daß
2263 3087 36 22 sie
2314 3094 26 16 es
2356 3092 90 22 wagen
2461 3086 104 27 konnte,

1976 3119 39 22 ein
2028 3119 103 27 eigenes
2144 3118 99 22 Atelier
2256 3118 26 21 in
2294 3118 45 22 der
2352 3118 54 21 Rue
2418 3117 32 22 de
2463 3117 25 21 la
2501 3115 63 22 Boe-

1974 3148 34 22 tie
2024 3155 32 15 zu
2070 3148 126 25 eröffnen,
2213 3154 39 15 wo
2267 3147 37 22 sie
2319 3147 64 22 zehn
2398 3146 167 22 Näherinnen

1974 3178 178 27 beschäftigte.
2176 3177 55 22 Nur
2255 3176 99 27 wenige
2379 3176 104 22 Monate
2508 3176 56 26 spä-

1975 3209 38 21 ter
2026 3213 46 22 zog
2086 3208 36 22 sie
2135 3207 79 23 schon
2228 3207 27 22 in
2268 3207 41 22 die
2322 3206 140 22 klassische
2477 3206 87 22 Mode-

1975 3237 86 22 straße
2081 3243 51 16 von
2153 3236 79 27 Paris,
2255 3236 41 22 die
2318 3236 55 22 Rue
2394 3236 32 21 de
2447 3235 25 22 la
2494 3235 70 22 Paix.

1975 3267 60 22 Dies
2047 3273 55 16 war
2114 3273 42 16 am
2168 3267 19 22 1.
2200 3266 98 22 Januar
2312 3266 65 26 1928,
2390 3265 42 22 ein
2445 3265 119 22 Gedenk-

1974 3298 43 25 tag
2034 3296 27 22 in
2078 3296 83 22 ihrem
2178 3296 94 22 Leben.
2291 3296 130 22 Zunächst
2438 3295 71 22 hatte
2528 3295 36 22 sie

1976 3327 56 21 dort
2054 3333 49 15 nur
2127 3326 42 22 ein
2192 3332 63 20 paar
2278 3324 185 27 Dachzimmer,
2503 3324 60 22 aber

1974 3356 77 22 schon
2067 3356 63 22 zwei
2144 3355 79 22 Jahre
2238 3355 86 27 später
2339 3355 96 22 konnte
2450 3354 36 22 sie
2501 3354 63 22 zwei

1976 3386 96 26 Etagen
2096 3385 66 22 dazu
2186 3384 103 27 mieten,
2330 3384 40 22 die
2396 3384 100 22 Geburt
2520 3384 44 22 des

1975 3415 170 22 Modehauses
2164 3413 176 27 Schiaparelli.
2377 3414 94 21 Immer
2490 3412 73 22 mehr

1975 3445 97 22 Räume
2099 3445 93 21 kamen
2229 3444 84 22 hinzu.
2348 3443 66 22 Bald
2440 3449 54 16 war
2523 3442 41 22 die

1975 3474 169 27 Schiaparelli
2174 3473 56 22 die
2231 3473 252 22 Modekünstlerin
2514 3478 49 16 von

1974 3504 78 27 Paris,
2069 3504 64 22 über
2149 3503 41 22 die
2206 3510 60 15 man
2283 3510 40 15 am
2340 3502 108 22 meisten
2464 3502 99 27 sprach.

1974 3533 58 22 Und
2052 3533 91 22 immer
2161 3533 60 27 ging
2239 3539 27 15 es
2284 3533 133 22 vorwärts.
2436 3532 65 22 Bald
2520 3533 43 22 be-

1974 3563 137 27 schäftigte
2131 3563 40 22 ihr
2191 3562 142 22 Modehaus
2352 3562 44 22 400
2416 3561 147 22 Menschen.

1976 3594 56 21 1935
2054 3592 121 22 beschloß
2197 3593 35 22 sie
2254 3593 103 25 resolut,
2379 3592 45 22 das
2446 3591 71 22 Haus
2537 3591 27 22 in

1975 3623 44 21 der
2032 3622 55 22 Rue
2099 3622 32 22 de
2144 3622 24 21 la
2182 3622 63 22 Paix
2259 3622 166 27 aufzugeben,
2439 3622 54 22 und
2506 3627 58 15 zum

1974 3652 75 22 Place
2071 3652 132 22 Vendome
2226 3651 43 22 Nr.
2292 3652 36 25 21,
2359 3651 83 22 einem
2473 3650 90 22 klassi-

1974 3682 77 22 schen
2081 3681 130 26 Gebäude,
2241 3681 45 22 das
2314 3682 76 20 unter
2420 3681 143 22 Museums-

1974 3711 88 22 schutz
2079 3710 74 26 steht,
2173 3710 174 22 umzuziehen.

2004 3740 47 22 Ein
2080 3740 162 26 vergoldeter
2263 3740 138 22 Fahrstuhl
2430 3739 73 22 führt
2533 3746 31 15 zu

1975 3771 49 21 den
2044 3770 89 22 Salons
2154 3770 25 21 in
2200 3770 46 22 der
2266 3770 108 22 zweiten
2395 3770 85 26 Etage.
2501 3769 61 22 Hier

1974 3799 33 22 ist
2027 3799 61 22 alles
2110 3798 67 22 weiß
2197 3799 53 22 und
2272 3799 66 27 gold,
2359 3799 47 22 mit
2427 3798 135 22 Wandma-

1975 3829 103 26 lereien,
2098 3829 44 21 auf
2161 3829 83 22 denen
2264 3828 93 22 Putten
2379 3829 52 21 und
2451 3828 111 27 Cupidos

1974 3859 126 22 zwischen
2114 3858 101 27 rosigen
2231 3859 108 22 Wolken
2353 3859 143 25 schweben,
2514 3857 48 27 Ge-

1974 3887 84 22 mälde
2076 3894 44 16 aus
2137 3887 59 22 dem
2214 3888 33 22 18.
2265 3887 183 22 Jahrhundert.
2468 3887 27 21 In
2512 3887 49 22 den

1974 3918 84 22 hohen
2087 3917 225 27 Kristallspiegeln
2340 3917 66 23 sieht
2433 3923 60 15 man
2521 3916 41 22 die

1975 3947 142 22 Silhouette
2146 3947 45 22 der
2222 3947 76 22 Säule
2327 3947 44 22 auf
2400 3947 59 22 dem
2487 3946 75 22 Place

1974 3976 138 22 Vendome.
2129 3976 47 22 Ein
2194 3976 165 22 effektvolles
2375 3975 65 22 Bild.

2052 4014 42 22 Sie
2111 4014 122 26 jongliert
2251 4014 47 22 mit
2315 4014 58 21 dem
2391 4013 93 21 Leben.

2004 4043 38 22 Im
2056 4043 87 22 Leben
2158 4043 45 22 der
2217 4042 170 27 Schiaparelli
2401 4041 61 22 muß
2479 4048 82 16 unun-

1975 4072 152 22 terbrochen
2150 4074 79 21 etwas
2252 4072 149 27 geschehen,
2440 4071 36 22 sie
2500 4071 63 22 haßt

1975 4102 49 22 alle
2040 4102 110 22 Routine
2166 4102 52 22 und
2236 4101 168 27 Langeweile.
2421 4101 50 22 Das
2488 4102 75 26 prägt

1974 4131 54 22 sich
2047 4132 26 22 in
2092 4132 82 21 ihrem
2195 4131 122 22 Geschäft
2335 4131 53 22 und
2408 4130 35 22 im
2462 4130 100 22 Privat-

1976 4162 74 22 leben
2063 4168 50 16 aus.
2128 4161 41 22 Sie
2181 4161 33 22 ist
2226 4161 40 22 ein
2280 4161 128 26 nervöser,
2421 4160 142 27 unruhiger

1974 4191 113 27 Mensch,
2109 4191 45 22 der
2175 4191 42 22 nie
2240 4191 159 26 entspannen
2420 4191 76 22 kann.
2520 4191 42 22 Sie

1974 4220 69 22 fühlt
2057 4219 54 22 sich
2124 4220 71 22 nicht
2209 4220 75 26 wohl,
2299 4226 76 16 wenn
2389 4219 38 22 sie
2441 4226 31 15 zu
2487 4220 75 27 lange

1974 4250 41 22 die
2029 4250 112 27 "gleiche
2154 4250 110 27 Tapete"
2277 4250 78 22 sehen
2368 4249 69 26 muß,
2451 4249 37 22 sie
2500 4249 63 22 muß

1974 4279 61 22 Luft
2049 4279 90 26 haben,
2155 4279 99 22 fremde
2270 4279 67 25 Luft,
2353 4285 44 15 um
2411 4279 50 22 frei
2476 4280 85 20 atmen

1974 4315 31 15 zu
2025 4309 110 22 können.
2156 4309 128 26 Flugzeug
2303 4308 54 22 und
2376 4308 76 26 Auto,
2487 4308 75 22 beide

1976 4338 112 27 gehören
2114 4345 31 15 zu
2170 4338 82 22 ihrem
2277 4338 93 22 Leben.
2396 4338 72 22 Viele
2494 4339 68 21 ihrer

1974 4367 110 22 Modelle
2099 4368 45 21 hat
2158 4367 37 22 sie
2208 4367 113 26 erdacht,
2337 4367 123 22 während
2476 4367 36 22 sie
2526 4367 35 22 im

1974 4398 128 26 Flugzeug
2117 4397 44 22 saß
2175 4397 61 22 oder
2251 4397 47 22 mit
2311 4397 250 22 halsbrecherischer

1973 4427 120 22 Schnelle
2109 4427 35 22 im
2161 4427 67 22 Auto
2245 4427 68 22 fuhr.
2330 4427 231 22 Ununterbrochen

1975 4456 90 22 ändert
2082 4456 36 22 sie
2136 4456 40 21 ihr
2193 4456 75 22 Heim
2286 4462 50 20 um,
2357 4456 93 22 einmal
2468 4456 93 22 richtet

1974 4485 36 22 sie
2030 4492 27 16 es
2077 4485 26 22 in
2124 4491 63 22 ganz
2208 4486 149 22 modernem
2377 4485 48 22 Stil
2446 4485 48 27 ein,
2514 4485 48 22 mit

1975 4515 98 22 weißen
2087 4516 113 22 Wänden
2215 4515 52 22 und
2280 4515 117 27 riesigen,
2413 4515 147 27 orangefar-

1972 4544 82 22 benen
2078 4544 114 26 Stühlen,
2214 4544 44 22 das
2280 4544 104 22 nächste
2404 4544 54 22 Mal
2478 4544 83 22 findet

1973 4580 60 16 man
2051 4574 41 22 bei
2110 4574 39 21 ihr
2168 4580 48 16 nur
2234 4574 187 27 Antiquitäten.

2624 2937 47 22 Die
2686 2937 171 28 Schiaparelli
2871 2937 98 22 kleidet
2984 2937 54 23 sich
3054 2938 78 22 selbst
3147 2937 36 22 im

2594 2968 88 27 Alltag
2705 2968 59 22 sehr
2787 2968 103 22 einfach
2913 2968 53 22 und
2987 2967 197 27 hauptsächlich

2595 2998 25 22 in
2639 2998 127 22 Schwarz.
2782 2998 70 22 Aber
2870 2998 44 22 das
2932 2998 103 22 hindert
3052 2998 36 22 sie
3105 2997 78 27 nicht,

2582 3031 76 27 ganz
2681 3027 127 27 plötzlich,
2831 3034 76 16 wenn
2928 3027 37 22 sie
2987 3027 83 27 einige
3093 3027 91 22 intime

2582 3058 91 22 Gäste
2689 3058 151 27 eingeladen
2856 3058 51 26 hat,
2924 3058 27 21 in
2967 3057 71 22 einer
3053 3057 48 22 Art
3117 3057 66 22 Kar-

2582 3074 187 49 nevalstracht
2789 3087 170 22 aufzutreten.

2625 3125 81 22 Unter
2727 3125 73 22 ihren
2824 3125 203 22 Zauberhänden
3057 3124 56 22 sind
3141 3124 43 22 die

2594 3154 163 22 seltsamsten
2780 3154 82 27 Dinge
2885 3154 160 22 entstanden.
3083 3153 101 22 Einmal

2582 3184 56 26 hat
2658 3184 35 22 sie
2713 3184 75 22 einen
2808 3184 54 22 Hut
2880 3184 170 27 komponiert,
3070 3184 45 22 der
3134 3184 49 22 wie

2595 3213 40 22 ein
2652 3213 161 27 Vogelbauer
2831 3213 100 27 aussah,
2948 3213 53 22 und
3017 3213 41 22 ein
3075 3213 109 22 anderes

2594 3243 53 22 Mal
2667 3243 68 27 glich
2757 3243 41 22 ein
2820 3243 53 22 Hut
2893 3243 85 22 einem
2998 3243 69 22 alten
3088 3238 94 27 Schuh.

2595 3273 41 22 Sie
2650 3273 45 25 hat
2711 3273 114 22 Schleier
2841 3273 114 27 lanciert,
2970 3273 41 22 die
3026 3273 71 22 nicht
3112 3273 72 22 Stirn

2594 3303 52 22 und
2667 3302 99 27 Augen,
2794 3303 110 22 sondern
2924 3303 81 22 Mund
3032 3303 53 22 und
3113 3302 70 23 Kinn

2592 3332 117 27 deckten,
2737 3333 121 26 übrigens
2885 3333 70 21 einer
2981 3333 69 22 ihrer
3076 3332 106 22 entzük-

2593 3362 126 21 kendsten
2737 3362 117 26 Einfälle,
2873 3362 46 22 der
2937 3362 138 27 begeistert
3093 3362 89 27 aufge-

2593 3398 121 15 nommen
2736 3392 95 21 wurde.
2855 3391 41 22 Sie
2920 3392 106 22 zaubert
3048 3392 66 22 auch
3136 3391 48 23 mit

2592 3421 103 22 Stoffen
2718 3421 53 22 und
2794 3421 124 22 Mustern.
2957 3421 47 22 Ein
3027 3429 62 20 paar
3113 3422 71 22 ihrer

2594 3451 216 27 erfolgreichsten.
2825 3451 99 22 Muster
2951 3451 58 22 sind
3036 3458 45 16 aus
3102 3451 81 22 Stoff-

2593 3480 107 22 stücken
2722 3480 160 27 entstanden,
2904 3481 41 22 die
2968 3487 89 21 wegen
3078 3481 104 22 Fehler-

2592 3510 139 27 haftigkeit
2747 3517 50 16 von
2816 3511 46 22 der
2878 3511 94 22 Fabrik
2990 3511 109 22 kassiert
3116 3517 66 16 wor-

2592 3539 50 22 den
2666 3546 93 16 waren.
2782 3540 53 21 Auf
2859 3540 73 22 ihren
2956 3540 101 22 Stoffen
3080 3540 44 22 hat
3145 3540 37 22 sie

2593 3569 47 22 mit
2661 3570 69 22 allen
2749 3570 146 27 möglichen
2916 3570 116 22 Motiven
3053 3570 129 27 jongliert,

2593 3599 36 22 sie
2644 3599 44 22 hat
2703 3600 182 22 unvollendete
2899 3600 175 27 Liebesbriefe
3090 3600 92 22 darauf

2593 3628 125 27 gedruckt
2733 3629 61 22 oder
2810 3623 220 33 Riesenhummer,
3047 3629 135 22 Seesterne

2594 3665 51 15 unu
2660 3658 77 27 Tang.
2752 3658 99 22 Einmal
2865 3658 44 22 hat
2923 3659 37 22 sie
2975 3659 74 22 einen
3064 3660 117 22 Kleider-

2593 3688 63 22 stoff
2670 3688 149 25 entworfen,
2835 3688 44 21 auf
2892 3688 59 22 dem
2965 3694 60 15 man
3039 3688 50 22 alle
3103 3688 78 22 Geld-

2592 3717 109 21 münzen
2722 3716 46 22 der
2788 3722 97 21 ganzen
2906 3717 67 22 Welt
2994 3717 187 23 wiederfinden

2592 3747 76 21 kann.
2703 3746 58 22 Ihre
2787 3746 138 22 Phantasie
2959 3747 25 22 in
3018 3747 85 28 Bezug
3137 3749 44 22 auf

2592 3776 103 26 Knöpfe
2710 3776 33 22 ist
2757 3776 126 27 geradezu
2897 3776 230 22 unbeschreiblich.
3143 3777 38 22 Da

2591 3804 83 23 findet
2695 3811 60 15 man
2777 3805 143 27 Muscheln,
2942 3806 85 22 kleine
3049 3807 132 27 Hufeisen,

2593 3834 49 22 alte
2659 3834 202 27 Silbermünzen,
2875 3836 156 27 geschnitzte
3045 3837 136 27 Hirschge-

2591 3864 82 22 weihe
2693 3865 53 22 und
2764 3865 139 22 ähnliches.
2922 3865 58 22 Ihre
2999 3866 182 22 Handtaschen

2591 3892 86 22 bieten
2699 3894 146 27 ungeahnte
2865 3894 240 28 Überraschungen;
3128 3896 52 22 ein-

2591 3923 52 22 mal
2661 3923 44 22 hat
2725 3924 36 22 sie
2780 3924 41 22 ein
2840 3925 97 22 Modell
2955 3925 225 27 herausgebracht,

2591 3953 45 22 das
2663 3953 71 22 einer
2755 3953 197 22 Zieharmonika
2978 3954 68 27 glich
3127 3956 53 22 und

2590 3988 60 16 man
2672 3982 97 22 konnte
2793 3983 119 22 wirklich
2948 3984 48 22 mit
3017 3984 71 22 Hilfe
3110 3985 70 22 eines

2590 4011 172 27 eingebauten
2782 4013 190 22 Mechanismus
2992 4014 56 22 eine
3069 4014 111 22 Melodie

2590 4041 93 22 darauf
2705 4042 105 27 spielen.
2848 4042 58 22 Ihre
2928 4043 251 22 Fensterdekoratio-

2590 4077 50 16 nen
2664 4078 40 15 am
2728 4072 76 22 Place
2827 4073 131 22 Vendome
2979 4073 87 22 bieten
3088 4073 91 22 immer

2591 4101 158 22 mindestens
2766 4102 57 22 eine
2839 4102 142 22 Sensation.

2622 4130 58 22 Ihre
2709 4131 130 22 modische
2868 4131 160 28 Auffassung
3056 4133 45 22 hat
3130 4133 49 22 den

2591 4160 85 22 Ruhm
2692 4161 46 22 der
2755 4161 169 27 Schiaparelli
2942 4162 149 27 begründet,
3108 4163 71 22 nicht

2590 4190 66 22 ohne
2672 4190 91 22 Grund
2779 4197 87 15 waren
2882 4197 27 16 es
2924 4195 85 21 zuerst
3022 4192 41 22 die
3078 4192 100 22 Ameri-

2591 4219 88 27 kaner,
2697 4219 42 22 die
2764 4220 37 22 sie
2827 4221 45 21 auf
2899 4221 48 22 den
2974 4221 88 22 Schild
3087 4222 90 22 hoben.

2590 4249 93 22 Mitten
2700 4249 26 22 in
2743 4250 35 21 all
2794 4250 46 22 der
2856 4251 182 22 Exzentrizität
3054 4251 62 27 liegt
3133 4252 45 22 der

2592 4279 147 22 brennende
2753 4279 111 22 Wunsch
2878 4280 149 27 verborgen,
3042 4280 135 27 hypermo-

2589 4307 87 27 derne,
2699 4309 60 22 aber
2781 4309 116 22 einfache
2918 4310 105 22 Kleider
3044 4317 31 16 zu
3094 4311 82 22 schaf-

2589 4338 51 22 fen.
2661 4338 55 22 Und
2729 4345 75 16 wenn
2820 4339 42 22 die
2877 4339 168 27 Schiaparelli
3060 4340 116 22 einfache

2589 4367 107 22 Kleider
2716 4367 170 27 komponiert,
2923 4369 86 27 bringt
3030 4369 35 22 sie
3086 4370 91 22 immer

2589 4397 80 22 etwas
2689 4397 226 27 Hervorragendes
2934 4399 100 22 heraus.

2621 4426 57 22 Elsa
2699 4427 168 27 Schiaparelli
2893 4428 44 22 hat
2965 4428 69 22 ihrer
3061 4429 114 26 Tochter,

2589 4455 41 22 die
2650 4456 62 22 alles
2733 4456 43 22 für
2794 4457 36 22 sie
2849 4457 127 26 bedeutet,
2998 4458 50 22 viel
3069 4466 30 15 zu
3119 4466 55 15 ver-

2589 4485 110 22 danken.
2718 4486 42 22 Sie
2779 4493 53 15 war
2853 4487 90 22 immer
2961 4488 41 22 die
3021 4488 154 27 Triebkraft,

2589 4521 43 16 um
2648 4515 179 22 derentwillen
2843 4516 36 22 sie
2897 4516 62 22 alles
2975 4517 132 27 erreichte,
3123 4524 52 16 was

2589 4544 35 22 sie
2643 4544 93 22 wollte.

2884 4575 82 25 (Wird
2981 4576 160 28 fortgesetzt)
