3224 4635
91 116 146 25 MONTAG,
258 119 33 20 16.
310 119 110 21 Oktober
440 120 56 20 1950
544 120 41 20 Nr.
604 121 42 21 238

1019 103 161 64 DER
1231 103 274 66 SPORT
1566 101 125 62 AM
1757 98 430 67 SONNTAG

2771 135 179 22 TAGEBLATT
3012 133 66 21 Seite
3096 132 12 20 3

90 254 183 34 Halbe
316 254 474 46 Enttäuschung

89 350 133 98 Ein
272 350 721 121 unbefriedigendes
1049 353 164 98 0-0
1233 336 406 142 Ergebnis
1678 379 245 98 gegen
1969 348 530 101 Süd-Holland

89 494 64 20 vor
167 487 99 26 6000
279 487 205 26 Zuschauer
502 485 44 23 im
565 485 325 30 hauptstädtischen
908 488 132 27 Stadion
1093 489 178 33 Mässiges
1286 489 88 33 Spiel
1426 489 237 33 Verteidigung
1681 488 171 29 meistens
1868 489 52 33 gut
1971 486 69 27 Der
2059 486 138 26 famose
2219 485 119 26 Sturm
2356 485 144 29 versagt

118 539 69 26 Also,
209 540 65 22 doch
296 538 59 22 kein
376 537 59 26 Sieg
457 541 79 22 gegen
557 535 111 22 Südhol-

87 568 68 22 land.

119 606 38 22 Im
177 605 168 27 allgemeinen
366 602 102 22 werden
488 601 90 22 Draws
599 607 70 19 sym-

88 635 116 27 pathisch
219 635 201 26 aufgenommen.
434 630 87 22 Dieses
534 631 70 21 tanzt
617 637 53 16 nun

88 664 60 22 aber
169 666 78 20 etwas
265 670 44 16 aus
328 663 44 22 der
391 661 84 22 Reihe.
495 659 79 25 Sogar
594 661 75 21 unter

88 695 45 22 der
150 692 243 26 Berücksichtigung
410 690 45 22 der
472 689 129 25 Tatsache,
619 690 49 22 daß

88 723 47 22 wir
159 724 26 22 in
208 723 44 22 der
276 718 204 29 Vergangenheit
502 717 41 22 bei
566 717 103 22 weitem

88 753 71 22 nicht
176 753 61 22 alles
254 757 78 21 gegen
350 750 39 22 die
407 748 151 25 Limburger
574 754 31 15 zu
623 747 45 22 be-

89 783 93 22 stellen
193 782 93 25 hatten,
301 778 42 24 daß
358 778 42 24 sie
412 778 51 22 also
477 777 93 22 keinen
584 776 85 22 direkt

88 812 110 22 leichten
220 799 100 38 Gegner
344 801 119 33 abgeben,
494 806 69 21 kann
586 806 82 22 dieses

88 840 204 23 Unentschieden
311 838 70 22 nicht
401 837 35 22 im
456 836 146 26 geringsten
622 835 45 22 be-

88 871 132 26 friedigen.
238 869 62 21 Zum
318 868 83 21 ersten
419 866 33 22 ist
469 872 26 15 es
511 865 45 22 das
574 865 93 22 torlose

88 901 64 21 0-0.
170 900 50 21 Der
237 896 125 23 "famose"
381 896 87 22 Sturm
484 894 105 22 brachte
607 894 62 22 kein

88 930 49 22 Tor
158 928 120 22 zustande
303 931 78 22 gegen
403 924 55 22 eine
482 923 121 25 Abwehr,
626 923 41 22 die

88 960 72 22 einen
180 956 158 26 Verteidiger
356 955 51 22 und
428 953 74 22 einen
520 952 95 22 Läufer
635 959 32 16 an

88 989 40 22 die
165 985 172 24 holländische
376 982 290 26 Nationalmannschaft,

87 1018 40 22 die
145 1018 100 26 gestern
262 1016 26 21 in
305 1014 75 22 Basel
398 1018 79 22 gegen
494 1011 40 22 die
553 1011 113 22 Schweiz

87 1047 96 27 spielte,
216 1044 148 27 abgetreten
389 1043 77 21 hatte.
499 1041 88 22 Kettel
612 1040 82 22 war

86 1076 44 22 der
149 1074 95 27 einzige
264 1072 143 22 Lichtblick
425 1071 26 22 in
469 1071 96 22 diesem
585 1069 79 25 Quin-

84 1105 54 22 tett.
170 1102 185 23 Verheimlicht
378 1101 104 22 werden
505 1100 58 22 darf
588 1099 107 28 aller-

84 1134 72 27 dings
176 1133 65 22 auch
258 1132 41 22 die
317 1131 122 22 Tatsache
458 1130 77 25 nicht,
553 1128 49 23 daß
622 1120 44 35 das

83 1162 175 23 unerläßliche
275 1161 83 22 Glück
374 1160 42 22 bei
432 1159 82 22 einem
531 1159 85 22 Schuß
635 1165 60 15 an

84 1192 52 22 und
155 1192 83 22 einem
258 1192 103 22 solchen
380 1191 75 21 unter
473 1189 41 22 die
534 1183 132 30 Querlatte

84 1222 70 22 nicht
170 1221 47 22 mit
231 1227 104 16 unserer
353 1219 161 22 Mannschaft
530 1225 60 15 war.

115 1258 64 22 Zum
210 1257 123 22 zweiten:
368 1254 211 26 unbefriedigend
612 1260 53 16 war

84 1288 44 22 das
146 1286 70 27 Spiel
233 1286 187 26 niveaumäßig.
438 1284 127 22 Während
582 1284 45 22 der
646 1285 18 21 1.

84 1316 116 27 Halbzeit
233 1316 94 21 fleckte
353 1321 26 15 es
404 1314 77 22 kaum
507 1314 27 21 in
558 1319 137 20 unserer

82 1341 171 29 Mannschaft;
284 1345 115 26 langsam
419 1344 52 21 und
492 1342 203 26 umständlich

82 1374 88 22 wurde
185 1374 117 26 operiert,
318 1374 65 21 ohne
397 1372 160 27 Inspiration,
571 1372 124 25 beson-

82 1403 58 22 ders
164 1403 41 22 bei
230 1403 49 22 den
303 1402 197 27 Spitzenleuten.
524 1402 72 22 Nach
619 1402 45 22 der

82 1431 81 22 Pause
187 1432 60 27 ging
272 1439 25 16 es
321 1433 67 21 dann
420 1430 126 22 zeitweise
571 1431 93 26 besser,
690 1442 5 20 ]

82 1461 59 22 weil
166 1462 41 22 die
232 1462 87 22 rechte
346 1461 149 22 Sturmseite
528 1460 167 31 zeitweilig,

82 1491 74 21 unter
177 1491 58 21 dem
256 1490 108 22 Antrieb
385 1497 50 15 von
455 1490 83 22 Feller
561 1490 44 25 gut
625 1486 65 33 ins

81 1520 71 26 Spiel
165 1520 66 22 kam.
246 1520 51 22 Das
312 1519 90 22 ändert
417 1520 60 22 aber
491 1520 79 21 kaum
585 1513 110 35 etwas

82 1557 32 15 an
134 1550 45 21 der
201 1549 130 27 Tatsache,
361 1549 57 27 daß,
448 1549 143 26 abgesehen
612 1544 82 33 von
690 1557 5 20 ]

82 1579 54 22 drei
160 1579 166 26 Abwehrern,
359 1579 52 22 und
443 1584 67 16 zwar
535 1578 160 29 Magnani,

76 2394 60 27 May
154 2394 52 22 und
225 2400 47 16 vor
290 2393 77 22 allem
386 2392 27 22 C.
432 2392 115 27 Wagner,
568 2398 92 16 unsere
689 2407 6 20 (

76 2430 78 21 ganze
174 2424 165 22 Mannschaft
367 2423 56 22 eine
446 2423 60 22 eher
528 2422 160 27 schwache
689 2441 6 14 £

75 2454 86 22 Partie
174 2453 108 22 lieferte.
297 2452 53 22 Wir
363 2452 145 26 versteigen
522 2458 49 15 uns
583 2451 112 33 kaum

75 2484 47 22 mit
145 2484 45 22 der
215 2483 187 27 Behauptung:
425 2482 96 22 Hätten
545 2480 48 22 wir
618 2477 70 36 ge-

75 2515 70 22 stern
165 2514 66 21 etwa
251 2512 42 22 die
314 2512 102 26 Belgier
437 2512 60 22 oder
519 2511 41 23 die
580 2511 115 31 Fran-
689 2528 6 14 £

75 2550 74 16 zosen
172 2543 60 22 oder
254 2538 42 27 die
319 2541 149 22 demnächst
490 2537 198 34 kommenden
689 2537 6 34 |

75 2573 190 22 Oesterreicher
287 2572 37 22 als
347 2571 101 27 Gegner
470 2571 99 27 gehabt,
592 2569 69 31 wäre
679 2569 17 31 j
689 2580 6 20 i

75 2610 27 16 es
119 2603 131 22 bestimmt
268 2602 58 22 sehr
345 2601 81 22 schief
444 2606 185 21 ausgegangen.
689 2609 6 20 ̃;

104 2633 128 22 Während
246 2633 45 22 der
305 2631 58 22 sehr
376 2630 121 26 mäßigen
512 2630 19 21 1.
544 2628 151 29 Halbzeit
687 2626 8 32 k

75 2662 195 23 verzeichneten
298 2661 41 22 die
368 2660 194 22 holländischen
584 2658 111 29 Gäste
689 2672 6 15 3

75 2693 42 22 ein
137 2693 99 22 kleines
256 2691 68 22 Plus.
347 2690 70 22 Aber
439 2689 66 22 auch
525 2689 57 22 ihre
602 2694 58 15 um-

75 2722 160 22 ständlichen
254 2721 117 22 Stürmer
392 2720 105 22 wußten
518 2716 54 24 sich
590 2718 71 22 nicht
688 2731 7 14 s

75 2759 81 22 gegen
186 2753 92 21 unsere
309 2749 94 22 bereits
434 2749 150 22 erwähnten
606 2747 89 27 Ab-
688 2760 7 14 t

74 2782 100 22 wehrer
195 2781 206 22 durchzusetzen.
423 2779 33 22 Es
475 2778 87 22 dürfte
582 2777 78 22 kaum
688 2788 7 15 t

76 2810 183 24 anzuzweifeln
275 2810 60 26 sein,
350 2810 49 22 daß
416 2809 41 22 die
472 2807 197 23 Südholländer,
688 2812 7 19 i

75 2840 174 27 stärkemäßig
262 2841 79 21 etwas
355 2838 229 26 zurückgegangen
597 2837 62 22 sind.
689 2841 6 20 i

74 2871 143 22 Jedenfalls
234 2870 108 26 spielten
359 2869 42 26 sie,
417 2869 66 21 trotz
498 2866 163 22 mehrfacher
689 2876 6 14 £

77 2902 72 26 guter
172 2898 110 23 Ansätze
307 2898 35 22 im
364 2898 70 26 Feld,
458 2904 40 15 wo
524 2897 36 22 sie
583 2896 78 22 reifer
689 2899 6 20 i

76 2930 144 27 operierten
241 2929 37 22 als
298 2928 42 22 die
358 2927 135 26 Unsrigen,
515 2926 147 22 schwächer

76 2960 38 22 als
133 2964 175 22 vergangenes
328 2957 64 22 Jahr
411 2957 27 22 in
458 2956 104 22 Geleen.
689 2962 6 19 i

105 2997 47 22 Die
170 2994 165 27 lebendigere
352 2994 21 21 2.
391 2992 118 22 Halbzeit
528 2992 60 27 ging
604 2991 56 22 kla-
690 2992 5 14 s

76 3033 41 16 rer
139 3032 32 16 an
193 3025 41 22 die
255 3023 195 26 Luxemburger
473 3022 37 22 als
531 3021 42 22 die
596 3021 66 21 erste
690 3001 5 5 `

77 3063 32 16 an
133 3055 41 22 die
200 3053 140 22 Holländer
368 3058 131 22 gegangen
524 3058 60 15 war.
611 3049 77 33 Das

77 3085 138 22 Publikum
241 3083 88 22 wurde
363 3082 123 22 teilweise
512 3087 88 18 warm,
636 3086 59 28 es

77 3116 60 22 kam
160 3114 73 22 mehr
259 3113 60 27 Zug,
353 3112 73 22 mehr
451 3111 147 26 Bewegung
623 3110 71 30 ins

77 3144 76 27 Spiel.
176 3143 47 22 Die
245 3141 130 23 Initiative
397 3141 133 22 residierte
552 3140 35 22 im
609 3140 86 22 Lu-

77 3175 93 26 burger
189 3173 88 26 Lager,
300 3169 60 24 aber
381 3171 80 22 leider
471 3170 76 22 «hne
567 3169 128 29 Erfolg.

77 3204 73 22 Auch
171 3202 41 22 die
242 3202 93 22 beiden
356 3200 197 22 Lattenschüsse
574 3194 121 43 waren

77 3232 129 23 Produkte
226 3232 83 22 dieser
331 3231 20 22 2.
371 3230 95 22 Hälfte.

107 3269 71 22 Alles
195 3268 27 22 in
239 3268 77 22 allem
332 3267 69 23 wäre
419 3267 42 22 ein
476 3267 116 26 knapper
609 3265 53 22 Lu-

77 3299 154 26 xemburger
255 3297 88 26 Erfolg
375 3296 71 22 nicht
469 3295 194 27 unangebracht

79 3329 60 21 oder
161 3327 154 23 unverdient
336 3332 123 21 gewesen,
482 3325 32 22 ob
536 3325 83 22 dieser
643 3325 20 21 2.

79 3357 86 22 Hälfte
183 3357 52 22 und
255 3357 32 21 ob
306 3357 45 21 der
369 3356 78 22 leicht
466 3355 114 22 höheren
601 3354 63 22 Zahl

80 3394 32 16 an
126 3384 174 24 Torchancen.
309 3386 76 24 Aber,
399 3385 46 22 das
459 3384 139 22 Auslassen
612 3390 50 16 von

81 3416 162 22 Torchancen
281 3415 32 22 ist
353 3415 55 22 eine
448 3414 215 22 unverkennbare

82 3445 138 22 Schwäche
231 3445 52 21 und
297 3451 26 16 so
335 3444 55 22 läßt
402 3443 68 22 diese
482 3442 181 26 Länderspiel-

81 3473 128 22 Premiere
229 3473 44 21 der
294 3478 83 16 neuen
398 3472 89 22 Saison
508 3473 74 21 einen
603 3473 60 21 eher

82 3501 177 27 unbefriedigt.

290 3544 58 18 DAS
370 3543 82 18 SPIEL

110 3583 131 23 Nachdem
256 3582 45 22 das
315 3580 102 22 übliche
431 3578 175 27 Wetterglück
620 3580 45 21 der

84 3613 81 22 F.L.F.
193 3611 132 28 gelächelt,
353 3609 56 22 sind
436 3610 66 21 etwa
530 3608 56 21 6000
614 3606 50 22 Zu-

82 3644 107 22 schauer
220 3641 34 22 im
281 3639 107 22 Stadion
421 3645 32 15 an
485 3638 45 22 der
556 3637 110 22 Arloner

81 3672 90 22 Straße
189 3670 143 26 anwesend,
352 3669 37 22 als
406 3668 40 22 die
463 3667 93 22 beiden
573 3666 93 22 Mann-

80 3702 115 22 schaften
217 3699 155 28 gemeinsam
394 3699 39 22 ins
454 3697 61 22 Feld
537 3695 128 27 springen.

79 3732 58 22 Alle
158 3731 154 27 angesagten
332 3728 99 27 Spieler
451 3727 56 22 sind
527 3727 38 25 da,
587 3725 78 22 sodaß

80 3761 40 22 die
135 3760 94 22 Teams.
241 3760 49 22 wie
305 3757 175 28 angekündigt
496 3756 89 22 stehen
601 3754 64 22 mit:

80 3804 163 22 Luxemburg:

314 3830 111 25 Magnani

160 3864 24 20 G.
203 3863 98 23 Wagner
444 3859 104 21 Scheuer

145 3890 66 23 Bock
337 3891 56 23 May
521 3887 104 21 Jaminet

79 3924 78 21 Kettel
187 3923 25 20 V.
221 3922 77 20 Feller
330 3920 70 20 Gales
431 3918 111 24 Rewenig
573 3916 92 21 Knebel

358 3958 25 25 o

79 3991 49 20 Van
148 3988 123 22 Oberbeek
549 3983 146 20 Vermunt

145 4019 77 21 Snoek
306 4016 125 24 Stempher
514 4014 97 20 Maesen

144 4050 102 20 Klaasen
336 4046 70 23 Krijh
496 4043 115 20 Weenink

204 4079 103 20 Mertens
422 4075 113 23 Wagener

338 4105 64 21 Saris

520 4127 175 25 Südholland

110 4176 71 23 Auch
196 4177 44 22 das
257 4171 254 27 Schiedsrichtertrio
526 4171 33 22 ist
574 4170 89 22 "kom-

85 4207 79 26 plett",
190 4207 46 21 mit
262 4206 58 22 dem
346 4202 101 27 Belgier
473 4202 127 22 Bauwens
626 4199 69 22 als

81 4235 177 23 "feifenmann
282 4235 52 22 und
359 4235 49 22 den
432 4231 93 22 beiden
550 4230 145 22 Luxem-

81 4265 109 27 burgern
210 4265 93 21 Boeres
324 4263 53 22 und
397 4262 82 22 Kaesz
501 4261 37 22 als
558 4254 137 32 Linien-

77 4295 101 22 richter.
180 4287 515 50 I.

108 4331 47 22 Die
180 4329 218 28 prominentesten
424 4327 158 27 Ehrengäste
607 4325 56 22 hei-

79 4361 49 22 βen
148 4360 76 22 Prinz
246 4359 78 25 Felix,
347 4359 44 22 der
412 4356 176 23 holländische
612 4355 51 22 Ge-

79 4390 88 23 sandte
186 4389 27 22 in
231 4388 165 27 Luxemburg
414 4389 52 21 und
485 4388 45 22 der
549 4386 114 22 Luxem-

81 4420 91 26 burger
193 4418 132 22 Vertreter
347 4417 25 22 in
393 4417 118 25 Holland,
533 4416 30 22 H.
585 4416 78 22 Wau-

79 4450 57 20 ters.
161 4448 74 22 Prinz
259 4446 72 22 Felix
354 4446 53 22 läßt
431 4447 60 25 sich,
515 4446 65 22 nach
604 4445 59 22 dem

79 4478 138 27 Abspielen
246 4477 44 22 der
319 4476 233 26 Nationalhymnen
582 4474 81 22 durch

79 4508 40 21 die
143 4505 138 23 Harmonie
307 4505 31 21 de
363 4505 116 26 Clausen,
505 4505 40 22 die
571 4504 92 22 beiden

80 4535 196 23 Mannschaften
308 4534 144 22 vorstellen.
484 4533 96 22 Fanion
611 4533 51 22 und

81 4566 110 24 Blumen
212 4564 105 24 werden
347 4563 127 24 zwischen
497 4565 49 22 den
570 4562 93 23 beiden

699 536 284 24 Mannschaftsführern
1015 541 184 25 ausgetauscht.
1231 541 50 22 Der

698 566 82 22 Rasen
794 567 33 22 ist
839 568 65 21 noch
917 568 77 27 saftig
1008 568 64 27 grün
1084 570 52 21 und
1147 571 44 25 gut
1203 570 78 25 spiel-

698 596 52 22 bar.
772 596 46 22 Die
839 596 140 22 Holländer
999 599 98 26 spielen
1116 600 26 21 in
1162 606 119 20 orangen,

698 625 40 21 die
755 625 193 27 Luxemburger
965 627 25 22 in
1007 628 49 22 den
1073 628 120 22 üblichen
1209 630 73 21 roten

697 654 110 27 Jerseys.

728 684 50 22 Der
795 684 193 27 Luxemburger
1005 686 99 22 Anstoß
1120 688 64 22 wird
1202 689 80 22 sofort

698 719 45 15 vor
767 713 45 22 das
835 713 174 22 holländische
1032 715 49 22 Tor
1104 717 176 26 vorgetragen,

698 748 38 15 wo
759 742 60 22 aber
840 743 83 22 Feller
945 744 27 22 in
993 745 58 22 sehr
1074 746 72 25 guter
1168 745 114 22 Position

697 772 151 22 verschießt.
866 773 33 22 Er
919 773 77 26 greift
1014 774 53 22 sich
1085 775 78 22 selbst
1182 782 32 16 an
1231 776 50 22 den

697 800 58 27 Kopf
809 801 147 22 Schlechtes
980 802 60 23 Omen
1115 802 15 23 ?
1154 805 51 22 Das
1230 805 51 22 Ge-

697 829 110 22 schehen
826 830 76 27 spielt
920 832 68 22 dann
1006 833 90 22 weiter
1115 833 27 22 in
1160 834 45 22 der
1223 834 58 22 hol-

696 858 149 23 ländischen
866 860 94 27 Hälfte,
982 861 56 22 eine
1060 862 110 22 Attacke
1190 862 91 23 Gales-

695 887 225 27 Rewenig-Kettel
932 889 114 23 verläuft
1058 891 70 22 nicht
1140 892 140 26 ungefähr-

695 916 58 27 lich,
776 917 60 22 aber
858 918 35 22 im
915 919 115 26 gleichen
1051 916 127 30 Atemzug
1206 922 74 21 kom-

695 952 60 16 men
773 947 40 22 die
830 948 140 22 Holländer
987 949 27 22 in
1032 949 45 22 der
1093 949 21 22 4.
1133 949 99 22 Minute
1249 957 31 15 zu

695 975 82 22 ihrem
797 977 84 21 ersten
900 977 111 27 Angriff.

723 1004 28 21 In
767 1005 47 21 den
832 1007 113 23 wenigen
961 1007 115 21 Minuten
1094 1008 83 22 Dauer
1194 1009 43 21 hat
1254 1014 25 16 es

694 1033 52 21 sich
762 1034 92 21 bereits
871 1035 198 26 herausgestellt,
1086 1036 48 21 daß
1151 1037 44 21 das
1206 1038 73 24 'Spiel

693 1062 60 21 eher
773 1063 39 20 ein
834 1063 110 25 mäßiges
966 1065 53 20 sein
1040 1065 70 21 wird.
1131 1065 78 20 Einen
1231 1071 49 15 von

693 1090 97 22 Knebel
822 1092 45 21 mit
897 1093 127 21 Torschuß
1056 1093 222 25 abgeschlossenen

693 1119 125 22 Strafstoß
835 1125 103 21 vermag
955 1121 68 20 Saris
1040 1122 34 20 im
1092 1122 187 21 holländischen

692 1148 49 21 Tor
760 1154 29 15 zu
809 1149 125 25 meistern,
955 1150 67 20 dann
1041 1151 160 20 verschuldet
1220 1151 60 24 May

693 1177 25 20 in
734 1177 44 21 der
794 1179 19 19 7.
828 1178 97 20 Minute
941 1178 39 21 die
996 1179 65 20 erste
1076 1179 71 24 Ecke,
1165 1180 44 20 der
1225 1180 54 20 eine

693 1206 19 19 2.
732 1206 44 20 auf
794 1206 56 21 dem
867 1206 52 21 Fuß
939 1206 69 26 folgt.

723 1234 45 21 Die
796 1236 33 20 10.
855 1235 97 21 Minute
987 1236 84 24 bringt
1104 1236 55 20 eine
1187 1236 90 20 schöne

692 1263 106 22 Attacke
817 1264 44 21 der
877 1264 137 21 Holländer
1031 1264 61 21 über
1109 1270 90 15 unsere
1216 1265 62 20 Ver-

691 1292 128 25 teidigung
838 1292 104 25 hinweg,
960 1292 49 21 Tor
1091 1293 65 25 nein,
1173 1294 105 24 Magna-

692 1320 25 20 ni
734 1320 66 21 klärt
817 1321 33 20 im
866 1321 185 21 Herauslaufen
1068 1327 44 16 vor
1129 1322 47 21 den
1193 1322 84 21 Füßen

692 1348 42 21 des
754 1349 186 21 Sturmführers
960 1350 139 25 Stempher.
1120 1351 32 20 16.
1171 1351 106 21 Minute:

694 1378 17 20 1.
738 1378 65 21 Ecke
828 1378 42 21 für
894 1379 167 24 Luxemburg.

719 1414 127 20 Nachdem
873 1414 39 20 die
937 1414 66 21 erste
1028 1415 185 20 Viertelstunde
1239 1415 39 20 die
1291 1412 5 86 I

680 1442 200 25 Luxemburger
894 1443 77 20 etwas
986 1443 71 20 mehr
1071 1444 34 19 im
1119 1443 103 25 Angriff
1235 1448 43 20 ge-

691 1471 82 25 sehen,
797 1472 52 24 gibt
872 1477 26 15 es
923 1472 66 20 dann
1005 1472 48 20 'ein
1077 1472 200 25 minutenlanges
1291 1412 5 86 [

691 1501 51 20 Auf
770 1500 51 21 und
842 1500 98 21 Nieder.
982 1500 29 21 In
1047 1501 44 21 der
1120 1501 32 19 18.
1181 1501 97 20 Minute

691 1529 95 21 schießt
805 1529 44 21 der
866 1529 64 21 nach
948 1529 82 20 rechts
1049 1529 159 25 abgebogene
1227 1530 49 20 Ga-

690 1557 36 21 les
742 1558 58 20 sehr
814 1557 85 21 scharf
915 1557 88 25 schräg
1019 1558 50 20 und
1086 1558 67 20 flach
1168 1559 27 20 in
1210 1559 69 20 Rich-

690 1587 61 24 tung
767 1587 55 24 Tor,
836 1586 97 21 Knebel
947 1586 97 21 kommt
1058 1593 29 14 zu
1103 1587 55 25 spät
1172 1593 43 15 um
1230 1587 48 21 den

690 1615 201 21 bombastischen
900 1614 82 22 Schuß
993 1621 30 15 zu
1032 1616 199 21 verwirklichen.
1242 1617 36 19 Im

690 1644 182 25 Gegenangriff
891 1644 44 21 der
955 1644 138 21 Holländer
1110 1645 76 21 rettet
1205 1645 71 24 Mag-

690 1673 59 20 nani
767 1673 33 20 im
816 1673 93 21 letzten
926 1673 118 21 Moment.

717 1709 31 21 Je
768 1709 62 20 zwei
850 1708 82 21 Ecken
954 1709 25 20 in
999 1708 90 22 beiden
1109 1709 98 25 Lagern
1227 1709 49 21 fin-

690 1738 49 21 den
758 1737 72 22 keine
850 1738 171 24 Verwertung.
1061 1738 153 21 Allmählich
1235 1738 43 21 hat

690 1766 52 20 sich
762 1766 44 21 das
828 1766 77 21 etwas
926 1766 90 20 reifere
1037 1766 106 21 Können
1164 1766 44 21 der
1216 1766 60 21 Hol-

689 1794 89 21 länder
796 1795 179 25 durchgesetzt.
995 1796 49 19 Der
1064 1795 55 21 Ball
1137 1795 66 21 läuft
1220 1796 56 20 bes-

690 1829 45 19 ser,
755 1823 117 25 flüssiger
889 1824 25 20 in
932 1824 71 21 ihren
1021 1824 101 21 Reihen.
1141 1825 57 20 Ihre
1215 1825 61 20 Tor-

690 1853 101 21 schüsse
808 1853 55 21 sind
878 1853 83 21 weder
977 1853 111 21 schlecht
1104 1854 64 20 noch
1183 1854 93 25 unprä-

690 1882 41 25 zis,
749 1881 62 21 doch
828 1882 118 21 kommen
964 1882 35 20 sie
1018 1888 44 15 aus
1079 1888 29 14 zu
1127 1882 88 25 großer
1233 1882 44 21 Di-

690 1910 76 25 stanz,
789 1916 43 15 um
855 1910 47 21 den
925 1911 43 24 gut
991 1911 144 24 spielenden
1158 1911 119 25 Magnani

690 1939 26 21 in
734 1939 176 25 Verlegenheit
931 1945 29 15 zu
980 1939 111 26 bringen.

719 1968 88 20 Genau
822 1968 26 21 in
863 1968 44 21 der
922 1968 33 21 30.
970 1969 98 21 Minute
1082 1969 113 21 meistert
1209 1970 67 20 Saris

689 1997 73 21 einen
785 1997 253 22 Bomben-Strafstoß
1062 2004 49 15 von
1136 1998 74 21 Gales
1233 2004 44 15 aus

690 2026 26 20 18
735 2026 82 21 Meter
836 2026 163 25 Entfernung.
1018 2026 48 21 Mit
1085 2026 101 21 ähnlich
1205 2027 71 20 schö-

689 2060 58 15 nem
764 2054 83 21 Schuß
867 2055 61 20 setzt
946 2055 132 25 Stempher
1096 2056 120 24 Magnani
1235 2056 43 21 auf

690 2083 39 21 die
749 2083 95 25 gleiche
863 2084 87 20 Probe.
971 2084 60 21 Eine
1051 2084 115 21 wirklich
1187 2085 91 20 schöne

690 2112 107 21 Attacke
814 2112 66 22 läuft
898 2113 26 20 in
940 2113 44 21 der
1002 2113 33 21 37.
1054 2114 97 20 Minute
1170 2114 33 20 im
1222 2114 54 20 hol-

688 2141 148 21 ländischen
875 2142 92 24 Sturm,
1007 2142 42 20 LA
1071 2142 55 20 Van
1146 2142 132 20 Overbeek

689 2170 142 22 verschießt
852 2170 38 20 ins
911 2170 154 21 Außennetz.
1086 2171 49 20 Das
1157 2171 67 24 Spiel
1246 2171 32 20 ist

689 2204 52 15 nun
762 2198 98 25 bewegt
879 2199 50 21 und
950 2199 101 25 schnell,
1073 2200 64 20 ohne
1159 2199 59 21 aber
1238 2200 39 20 die

688 2226 139 25 Mäßigkeit
848 2227 112 22 dauernd
982 2234 29 15 zu
1032 2228 134 21 verlassen.
1208 2228 69 21 Noch

688 2256 25 24 je
730 2256 55 20 eine
802 2256 66 21 Ecke
885 2256 84 20 hüben
987 2257 50 20 und
1054 2257 96 20 drüben
1169 2257 50 20 und
1237 2256 38 21 die

687 2284 80 21 Pause
789 2283 63 22 wird
876 2285 129 25 gepfiffen.

716 2320 133 20 Verteiltes
866 2320 67 25 Spiel
949 2326 29 15 zu
995 2320 96 25 Beginn
1109 2320 44 21 der
1169 2320 27 21 2.
1209 2320 67 21 Halb-

688 2349 54 20 zeit.
761 2348 103 21 Eckball
883 2349 43 20 für
944 2349 69 25 jedes
1031 2349 87 25 Lager.
1151 2349 126 21 Während

688 2378 34 20 im
739 2377 190 26 Luxemburger
963 2378 154 21 Hinterhaus
1149 2378 127 25 Magnani,

689 2406 25 21 C.
739 2407 105 24 Wagner
869 2407 51 20 und
944 2407 60 24 May
1028 2407 52 20 sich
1105 2407 171 24 auszeichnen,

689 2435 95 21 scheint
824 2440 26 15 es
883 2435 99 21 endlich
1015 2435 33 21 im
1087 2435 189 24 Luxemburger

689 2464 85 20 Sturm
805 2464 144 24 lebendiger
988 2470 30 15 zu
1049 2464 107 21 werden.
1196 2464 81 21 Feller

689 2493 95 21 kommt
803 2499 51 14 nun
874 2494 43 23 gut
936 2494 38 19 ins
993 2493 67 25 Spiel
1080 2493 51 21 und
1151 2493 43 21 das
1214 2493 62 21 Ver-

689 2522 112 21 ständnis
823 2523 45 20 mit
891 2523 93 20 seinem
1006 2522 164 21 Nebenmann
1192 2522 84 21 Kettel

689 2551 31 20 ist
742 2551 152 25 hergestellt.
932 2551 51 21 Auf
1005 2551 154 24 persönliche
1183 2551 93 21 Aktion

689 2579 80 21 findet
790 2579 80 21 dieser
892 2580 25 20 in
938 2580 44 20 der
1004 2580 18 20 8.
1043 2580 97 21 Minute
1161 2580 49 20 fast
1232 2579 44 21 das

689 2609 49 20 Tor
755 2609 50 20 und
824 2608 177 21 anschließend
1019 2609 32 21 ist
1068 2609 80 20 Feller
1166 2608 44 21 der
1226 2609 49 20 Ur-

687 2638 76 21 heber
773 2638 66 21 eines
850 2638 108 21 schönen
966 2638 187 24 Fernschusses,
1174 2638 48 21 den
1231 2638 45 21 Sa-

689 2667 33 20 ris
739 2667 60 21 aber
813 2667 68 21 nicht
898 2667 97 21 minder
1011 2667 75 21 schön
1103 2667 59 21 hält.

717 2696 49 20 Das
792 2696 67 24 Spiel
886 2696 32 20 ist
943 2695 39 21 bei
1008 2696 99 20 weitem
1132 2695 143 25 lebendiger

688 2725 36 20 als
746 2730 44 15 vor
814 2724 44 21 der
879 2725 87 21 Pause.
989 2725 49 20 Das
1060 2724 135 21 Publikum
1218 2725 58 24 geht

688 2754 52 25 mit,
758 2754 161 24 Luxemburg
938 2754 72 25 spielt
1028 2754 84 20 besser
1131 2754 36 20 als
1185 2754 91 21 vorher

688 2782 50 21 und
762 2782 43 21 hat
829 2782 39 21 die
893 2782 127 22 Initiative
1043 2782 26 21 in
1092 2782 47 21 den
1163 2782 112 21 Händen.

688 2811 44 21 Die
756 2811 83 21 bisher
864 2811 165 21 brenzlichste
1054 2811 125 21 Situation
1203 2812 73 24 spielt

689 2841 26 20 in
731 2840 44 21 der
793 2841 33 20 11.
842 2841 107 20 Minute:
966 2841 81 20 Feller
1065 2841 32 20 ist
1112 2840 64 21 nach
1192 2840 82 21 rechts

689 2870 150 24 abgebogen,
861 2870 66 21 seine
949 2870 93 20 Flanke
1065 2869 63 22 wird
1149 2875 49 15 von
1220 2870 56 20 dem

689 2899 26 20 in
729 2898 39 21 die
784 2898 72 21 Mitte
873 2898 105 20 hinüber
994 2898 182 24 gewechselten
1191 2898 84 21 Kettel

691 2927 200 25 aufgenommen,
902 2927 59 20 aber
971 2927 74 24 "nur"
1056 2932 32 15 an
1097 2927 39 20 die
1146 2927 129 23 Querlatte

689 2957 99 24 gesetzt.
819 2956 45 21 Die
894 2956 171 21 holländische
1095 2956 180 21 Hintermann-

690 2985 81 21 schaft
790 2985 44 21 hat
855 2985 58 21 böse
933 2985 115 21 Minuten
1068 2991 29 15 zu
1117 2985 157 21 überstehen.

717 3014 45 21 Die
783 3014 114 21 Ausfälle
917 3014 43 21 der
981 3014 76 21 Gäste
1076 3014 104 25 bringen
1200 3014 75 20 ihnen

690 3043 60 20 zwei
765 3042 83 21 Ecken
863 3043 47 24 ein,
926 3048 27 16 so
968 3042 47 21 daß
1032 3042 64 21 nach
1111 3048 80 20 genau
1207 3043 68 20 einer

689 3072 95 21 Stunde
806 3071 147 25 Spieldauer
975 3071 44 21 das
1043 3072 232 20 Cornerverhältnis

690 3101 55 21 9-5
745 3101 63 21 für
831 3100 109 21 Holland
961 3101 85 21 lautet.
1070 3100 70 21 Nach
1161 3101 48 20 wie
1231 3106 44 15 vor

690 3130 59 21 aber
763 3130 66 21 steht
844 3130 44 21 das
903 3130 145 21 Geschehen
1063 3130 33 20 im
1111 3130 105 20 Zeichen
1232 3130 43 20 der

689 3158 195 25 Luxemburger,
906 3163 38 16 wo
967 3155 43 24 das
1032 3158 58 25 gute
1112 3158 163 21 Verständnis

689 3188 123 20 zwischen
834 3187 81 21 Feller
938 3187 51 21 und
1012 3187 83 21 Kettel
1120 3187 90 21 manch
1232 3191 43 21 ge-

690 3216 122 22 fährliche
845 3217 124 21 Situation
1002 3216 99 21 schafft.
1135 3217 66 20 Pech
1232 3216 43 21 hat

690 3246 160 25 Luxemburg
866 3246 25 21 in
907 3245 44 22 der
967 3246 33 21 22.
1016 3246 105 21 Minute:
1139 3245 67 21 Bock
1223 3245 52 25 gibt

1292 1378 86 44 einen
1400 1402 125 22 Strafstoß
1548 1402 55 21 aufs
1625 1402 54 24 Tor,
1701 1402 80 20 Feller
1803 1402 88 20 nimmt

1307 1431 44 20 auf
1369 1430 50 21 und
1440 1430 94 21 schießt
1553 1436 44 15 aus
1617 1430 89 21 kurzer
1724 1430 101 20 Distanz
1844 1436 46 14 un-

1291 1412 54 86 ter
1362 1459 39 21 die
1419 1460 135 24 Querlatte,
1572 1459 44 24 Tor
1709 1459 57 20 nein
1784 1459 43 20 der
1837 1459 55 20 Ball

1307 1489 96 24 springt
1417 1489 93 20 zurück
1524 1488 50 21 und
1588 1488 38 21 die
1639 1488 124 21 Situation
1778 1487 62 21 wird
1849 1492 43 20 ge-

1307 1517 73 21 klärt.

1335 1553 45 20 Die
1396 1553 137 20 Holländer
1549 1552 80 21 haben
1646 1552 121 21 merklich
1783 1552 108 24 nachge-

1305 1582 89 20 lassen.
1419 1582 70 20 Wohl
1512 1581 115 21 kommen
1653 1582 34 20 sie
1711 1581 63 21 noch
1796 1581 25 21 in
1844 1581 47 20 den

1306 1611 108 25 Angriff,
1435 1611 60 21 aber
1516 1611 38 21 die
1575 1610 174 21 Stürmerlinie
1770 1610 73 25 spielt
1863 1616 28 15 zu

1306 1639 255 25 zusammenhanglos,
1584 1645 43 15 um
1649 1639 149 24 erfolgreich
1840 1639 52 20 sein

1307 1675 29 14 zu
1350 1669 106 20 können.
1472 1669 27 20 In
1514 1668 44 21 der
1573 1669 33 19 27.
1620 1668 97 21 Minute
1732 1668 93 24 köpfelt
1838 1668 53 24 Fel-

1307 1698 36 20 ler
1361 1699 54 20 eine
1433 1698 64 20 Ecke
1516 1698 41 20 für
1574 1697 160 25 Luxemburg
1754 1697 92 21 vorbei.
1864 1697 28 20 In

1307 1727 44 21 der
1364 1728 33 20 30.
1413 1728 96 20 Minute
1524 1727 95 21 scheint
1634 1727 74 21 Gales
1722 1727 55 20 eine
1790 1726 101 25 gefähr-

1305 1756 64 20 liche
1385 1756 124 20 Situation
1527 1755 289 24 heraufzubeschwören,
1833 1755 59 21 aber

1307 1791 26 15 er
1352 1786 31 20 ist
1404 1786 73 20 heute
1497 1791 29 15 zu
1546 1785 113 24 langsam
1678 1784 50 21 und
1749 1784 67 21 Saris
1835 1789 56 15 ver-

1307 1819 56 20 mag
1380 1815 33 20 im
1430 1815 92 20 letzten
1538 1814 112 20 Moment
1666 1820 28 14 zu
1711 1814 93 20 klären.

1334 1850 45 20 Die
1397 1850 74 21 letzte
1490 1849 192 24 Viertelstunde,
1701 1849 133 21 besonders
1854 1849 38 21 die

1305 1879 91 20 letzten
1419 1879 114 21 Minuten
1557 1879 55 21 sind
1634 1878 209 21 hartumstritten.
1865 1878 27 19 In

1306 1908 88 21 beiden
1419 1909 97 24 Lagern
1542 1908 62 21 wird
1631 1908 43 20 auf
1700 1908 56 24 Sieg
1782 1907 110 25 gespielt,

1306 1938 60 20 aber
1393 1937 38 21 die
1460 1938 88 20 beiden
1569 1937 192 21 Stürmerlinien
1789 1936 55 21 sind
1863 1942 28 14 zu

1305 1966 123 25 unpräzis,
1449 1972 42 15 um
1511 1966 96 21 Nutzen
1627 1971 44 15 aus
1691 1965 47 21 den
1758 1965 134 25 Angriffen

1306 2001 28 15 zu
1353 1996 112 20 erzielen.
1485 1995 118 24 Magnani
1621 1994 50 21 und
1689 1994 67 21 Saris
1774 1994 117 20 zeichnen

1306 2025 52 20 sich
1378 2025 63 20 noch
1469 2024 90 21 einmal
1589 2030 50 14 aus.
1675 2024 22 19 In
1719 2023 55 21 der
1801 2023 90 20 letzten

1917 539 164 26 Spielminute
2101 538 97 25 vergibt
2218 538 84 20 Kettel
2323 538 54 19 eine
2398 541 102 20 anspre-

1918 568 93 21 chende
2029 567 104 24 Chance,
2151 567 44 20 das
2211 566 134 21 Publikum
2362 566 32 20 ist
2409 565 92 20 bereits

1916 596 120 22 teilweise
2057 595 176 26 abgewandert
2253 595 50 21 und
2324 594 66 21 dann
2410 594 32 20 ist
2462 594 40 20 ein

1917 625 67 25 Spiel
2004 624 63 21 ohne
2087 623 138 26 "panache"
2245 629 29 15 zu
2293 623 74 21 Ende.

2070 659 85 24 Einige
2170 659 82 21 Worte
2266 658 83 20 Kritik

1946 690 51 20 Wir
2018 689 81 20 haben
2120 689 92 20 bereits
2233 688 91 24 gesagt,
2345 686 48 22 daß
2413 692 89 15 unsere

1918 717 161 21 Mannschaft
2097 717 58 21 kein
2173 716 88 26 großes
2279 717 67 24 Spiel
2363 716 99 20 lieferte
2480 721 22 14 u.

1918 746 48 21 daß
1986 745 133 21 besonders
2139 745 38 21 die
2197 745 150 24 Leistungen
2368 745 44 20 der
2430 744 72 21 Stür-

1918 775 121 24 merlinie,
2058 780 49 14 von
2125 774 44 21 der
2187 774 52 20 sich
2258 773 104 21 manche
2382 778 25 15 so
2427 773 77 20 vieles

1918 803 167 25 versprochen
2113 803 93 24 hatten,
2235 802 82 21 direkt
2338 800 165 26 ungenügend

1918 838 91 15 waren.
2026 832 88 21 Bester
2128 831 219 21 Mannschaftsteil
2363 836 52 15 war
2429 830 74 20 zwei-

1919 861 112 21 felsohne
2051 861 38 20 die
2109 860 116 25 Abwehr,
2244 866 38 14 wo
2301 859 125 25 Magnani,
2446 859 59 23 May

1918 889 51 21 und
2012 889 135 21 besonders
2184 889 26 21 C.
2240 889 105 23 Wagner
2383 888 121 25 glänzten.

1919 918 110 21 Scheuer
2043 917 86 24 schlug
2143 917 69 20 nicht
2226 917 46 20 ein.
2288 917 44 19 Die
2348 916 89 21 beiden
2451 916 52 20 Au-

1919 946 132 21 βenläufer
2075 946 67 20 Bock
2167 946 50 20 und
2241 945 110 21 Jaminet
2338 945 14 26 «t
2400 944 104 25 spielten

1919 975 93 25 fleißig.
2029 975 37 20 Im
2081 975 86 20 Sturm
2182 980 53 15 war
2251 968 91 26 Kettel
2352 973 44 21 der
2411 973 93 24 einzige

1918 1004 146 25 Lichtblick,
2081 1004 31 20 ob
2130 1004 81 20 seiner
2227 1002 172 26 persönlichen
2418 1002 87 20 Initia-

1917 1032 53 21 tive
1994 1032 51 21 und
2071 1032 79 20 seines
2176 1032 165 21 Reißertums.
2381 1031 124 20 Während

1919 1061 68 21 einer
2007 1060 185 21 Viertelstunde
2214 1060 44 21 der
2278 1060 19 20 2.
2319 1060 113 21 Halbzeit
2452 1065 52 15 war

1919 1090 81 21 Feller
2038 1089 44 21 der
2117 1089 89 25 großer
2226 1089 80 20 Feller
2335 1093 171 21 vergangener

1919 1119 72 24 Tage,
2006 1119 46 20 mit
2065 1118 84 21 Kettel
2165 1118 92 21 bildete
2271 1123 27 15 er
2313 1117 66 21 dann
2394 1117 39 20 ein
2448 1117 57 20 sehr

1921 1143 167 28 gefährliches
2115 1147 117 21 Tandem.
2261 1147 74 20 Gales
2361 1145 49 22 ließ
2437 1146 66 20 seine

1918 1176 157 24 letztjährige
2120 1176 88 20 Saison
2253 1176 62 24 glatt
2360 1175 144 21 vermissen.

1919 1205 118 24 Rewenig
2049 1205 84 24 zeigte,
2148 1204 135 21 besonders
2297 1204 24 20 in
2336 1203 43 21 der
2394 1204 18 20 1.
2426 1203 77 20 Halb-

1919 1234 53 24 zeit,
1994 1234 80 24 einige
2095 1233 156 21 brauchbare
2273 1233 103 23 Sachen,
2398 1238 52 14 war
2472 1232 33 20 im

1920 1262 164 25 allgemeinen
2103 1262 59 21 aber
2181 1262 111 25 langsam
2313 1261 50 22 und
2382 1261 122 25 unpräzis.

1920 1291 95 20 Knebel
2035 1291 84 21 dürfte
2138 1291 68 20 nicht
2225 1291 44 20 der
2288 1290 108 21 erhoffte
2414 1290 90 21 Links-

1921 1319 80 22 außen
2020 1319 59 21 sein.

2015 1347 43 18 Die
2084 1347 132 22 bisherigen
2243 1347 171 22 Begegnungen

2440 1377 20 22 L
2484 1377 23 21 H

1923 1406 33 22 20.
1976 1407 33 21 11.
2029 1407 25 20 21
2088 1405 181 22 Esch-Alzette
2450 1406 57 22 1-4

1938 1435 19 21 5.
1976 1435 33 21 11.
2029 1435 27 21 22
2089 1435 149 22 Maastricht
2448 1435 59 21 3-2

1924 1464 33 22 28.
1977 1465 33 21 10.
2029 1465 26 20 23
2089 1464 180 22 Esch-Alzette
2451 1465 55 21 1-3

1939 1494 18 21 9.
1977 1494 33 22 11.
2029 1494 27 21 24
2089 1494 149 22 Eindhoven
2450 1495 57 21 0-^4

1939 1524 19 20 8.
1978 1524 33 21 11.
2030 1524 27 22 25
2090 1524 165 27 Luxemburg
2451 1524 57 21 1-2
2495 1524 12 21 2

1925 1552 33 21 10.
1978 1552 33 22 10.
2030 1553 27 21 26
2090 1553 208 26 Hertogenbosch
2450 1554 72 21 3–2

1940 1582 17 21 1.
1978 1582 33 22 10.
2030 1582 27 21 27
2089 1582 180 27 Differdingen
2449 1571 73 35 4–5

1926 1611 33 21 12.
1978 1612 33 21 10.
2030 1612 27 21 28
2090 1612 80 22 Venlo
2449 1610 25 28 3–
2487 1610 12 28 4
2512 1610 12 28 j

1925 1639 33 22 13.
1978 1640 33 21 10.
2030 1640 27 22 29
2090 1641 180 22 Esch-Alzette
2451 1639 71 24 1–3

1925 1669 33 22 19.
1978 1670 33 21 10.
2030 1670 27 21 30
2090 1670 150 22 Maastricht
2450 1673 55 21 2-1

1924 1699 34 21 25.
1978 1699 33 22 10.
2030 1700 26 21 31
2090 1700 165 27 Luxemburg
2450 1702 57 21 0-0
2494 1703 13 20 0

1925 1728 33 22 16.
1978 1728 33 22 10.
2029 1728 27 21 32
2090 1728 82 22 Breda
2450 1732 57 21 2-2

1925 1757 33 22 15.
1978 1758 33 22 10.
2030 1758 27 21 33
2090 1759 181 22 Esch-Alzette
2449 1761 58 22 3-6

1924 1787 34 22 21.
1978 1788 33 21 10.
2030 1788 27 21 34
2090 1789 127 22 Helmond
2451 1661 67 151 1–3

1925 1816 33 21 13.
1978 1816 33 22 10.
2030 1816 27 22 35
2090 1817 165 27 Luxemburg
2450 1807 72 35 3–2

1925 1846 33 21 10.
1977 1846 33 22 10.
2029 1846 27 22 36
2090 1847 257 26 Speckholtzerheide
2450 1830 72 43 4–4

1925 1875 33 22 19.
1978 1876 33 21 12.
2030 1876 27 21 37
2090 1876 160 27 Düdelingen
2450 1877 72 24 0–5

1939 1905 18 21 6.
1978 1905 33 22 11.
2029 1905 27 22 38
2090 1905 105 27 Tilburg
2450 1910 58 50 2–2

1925 1933 33 22 10.
1977 1934 33 22 11.
2029 1934 27 22 46
2089 1935 165 28 Luxemburg
2450 1940 57 20 2
2495 1940 11 20 2

1924 1963 33 22 26.
1977 1964 33 22 10.
2028 1964 28 21 47
2089 1965 149 23 Eindhoven
2448 1969 59 22 3-2

1923 1992 34 22 24.
1976 1993 33 22 10.
2028 1993 27 22 48
2088 1994 165 27 Luxemburg
2450 1998 57 21 1-2

1923 2021 34 22 23.
1977 2022 33 22 10.
2028 2022 27 22 49
2090 2023 95 23 Geleen
2450 2009 73 55 1–2

1529 1336 53 22 Nic.
1598 1335 74 22 MAY

273 2333 26 22 C.
319 2332 143 22 WAGNER

1405 2118 320 71 Sonstige
1766 2109 663 77 Sportnachrichten

1512 2214 177 20 HANDBALL

1316 2252 44 20 Die
1375 2250 327 22 Handball-Meisterschaft
1704 2244 46 26 ist
1765 2249 120 26 gestartet

1338 2288 105 21 Gestern
1463 2288 110 25 Sonntag
1593 2287 57 25 ging
1674 2286 40 21 die
1741 2286 149 25 diesjährige

1308 2318 298 21 Handballmeisterschaft
1657 2317 26 21 in
1722 2318 83 20 Szene.
1846 2316 45 21 Die

1309 2348 82 20 ersten
1415 2347 82 25 Spiele
1520 2347 116 24 zeitigten
1660 2346 115 26 folgende
1797 2346 93 25 Ergeb-

1309 2379 59 20 nisse

1309 2414 153 21 Fraternelle
1479 2415 10 20 I
1551 2413 165 25 Schifflingen
1822 2413 67 21 16-5
1879 2413 11 20 5

1308 2444 177 26 Eschois/Fola
1507 2444 22 21 II
1592 2442 153 22 Fraternelle
1765 2443 22 20 II
1836 2442 54 21 6-3

1309 2473 52 21 Red
1376 2473 273 26 Boys-Eschois/Fola
1822 2472 68 20 1-12

1410 2540 81 21 Union
1508 2540 160 23 Luxemburg
1686 2539 102 22 verliert

1452 2570 26 20 in
1497 2569 172 22 Saarbrücken
1689 2570 54 19 1-0
1731 2570 12 18 0

1336 2607 44 20 Ein
1400 2607 56 21 sehr
1477 2606 155 21 ehrenvolles
1652 2606 119 25 Ergebnis
1791 2606 98 26 zeitigte

1308 2637 81 21 Union
1413 2638 160 25 Luxemburg
1605 2637 24 21 in
1661 2637 79 21 ihrem
1765 2636 124 25 gestrigen

1308 2667 66 25 Spiel
1392 2672 77 21 gegen
1488 2667 47 22 den
1552 2667 24 20 F.
1595 2667 25 20 C.
1639 2667 181 21 Saarbrücken.
1836 2667 53 20 Un-

1308 2703 40 15 ser
1375 2697 145 25 derzeitiger
1549 2696 94 22 Leader
1671 2696 82 22 verlor
1781 2695 108 22 nämlich

1308 2727 56 22 bloß
1381 2727 54 20 1-0
1436 2727 91 25 gegen
1544 2727 83 21 diesen
1643 2727 35 21 als
1693 2727 69 21 stark
1776 2727 132 23 bekann-

1308 2757 41 21 ten
1368 2757 104 24 Gegner.
1473 2751 434 49 I.

1467 2793 127 25 Sonstiges
1610 2794 119 23 Ergebnis

1364 2830 266 27 Neunkirchen-Fola
1792 2830 33 21 10
1849 2830 10 20 1

1494 2903 206 18 TISCH-TENNIS

1435 2932 136 22 Ergebnisse
1592 2937 46 13 von
1660 2932 104 22 Samstag

1496 2970 19 22 1.
1535 2969 168 22 Division

1307 3000 117 22 Howald
1483 2999 80 27 Spora
1837 2999 22 21 5:
1877 2998 12 22 9

1307 3029 180 27 Differdingen
1555 3028 149 22 Ettelbrück
1838 3029 21 21 9:
1877 3028 12 22 5

1307 3059 132 22 Mondorf
1496 3058 213 26 Dommeldingen
1731 3057 82 25 (forf.)
1837 3057 53 22 0:14

1307 3089 73 22 Wiltz
1448 3087 164 22 Esch-Grenz
1837 3086 51 22 3:11

1494 3125 19 21 2.
1534 3124 167 22 Division

1307 3155 93 22 Roodt
1455 3153 192 26 Walferdingen
1669 3152 112 26 (forfait)
1822 3152 36 22 14:
1877 3153 12 21 0

1306 3185 115 22 Remich
1475 3183 109 22 Altwies
1837 3182 51 22 1:13

1307 3214 214 26 Rollingergrund
1592 3213 103 27 Beggen
1837 3212 53 22 0:14

1307 3242 138 27 Oetringen
1516 3241 167 27 Bettemburg
1811 3241 13 21 •
1838 3241 52 21 2:12

2123 2214 182 25 Reserven

1923 2248 92 26 Spora
2071 2250 108 22 Howald
2454 2256 51 21 3:11

1923 2278 149 22 Ettelbrück
2147 2280 180 28 Differdingen
2456 2286 21 21 6:
2495 2286 12 21 8

1922 2307 181 24 Esch-Grenz
2163 2310 74 22 Wiltz
2455 2315 21 20 9:
2495 2316 12 20 5

1922 2336 226 28 Dommeldingen
2207 2341 82 22 Roodt
2440 2344 35 22 10:
2495 2345 12 20 4

2007 2424 168 22 FUSSBALL
2201 2427 39 22 IM
2264 2429 157 22 AUSLAND

2094 2461 241 29 Länderspiel

1924 2495 126 23 Schweiz
2103 2499 111 22 Holland
2468 2504 38 22 7:5

2126 2551 54 22 Aus
2199 2526 154 52 England

1922 2585 109 23 Arsenal
2096 2589 162 22 Manchester
2276 2591 94 22 United
2467 2595 38 21 3:0

1922 2615 126 27 Burnley
2101 2618 123 22 Charlton
2241 2620 113 22 Athletic
2468 2625 36 21 5:1

1923 2645 107 22 Chelsea
2101 2648 152 23 Tottenham
2274 2651 126 27 Hotspurs
2468 2654 37 22 0:2

1922 2675 111 22 Everton
2102 2678 92 22 Bolton
2214 2680 150 23 Wanderers
2468 2684 35 21 1:1

1922 2705 183 23 Huddersfield
2124 2708 84 22 Town
2267 2711 80 22 Aston
2365 2712 68 22 Villa
2467 2701 38 33 4:2

1923 2735 226 29 Middlesbrough
2208 2739 162 24 Sunderland
2468 2744 35 22 1:1

1921 2765 143 23 Newcastle
2083 2767 107 23 United
2242 2771 87 27 Derby
2348 2771 100 27 County
2467 2774 37 21 3:1

1921 2794 180 24 Portsmouth
2158 2799 140 27 Blackpool
2467 2804 38 21 2:0

1921 2825 127 25 Sheffield
2068 2827 97 22 Wedn.
2221 2829 226 29 Wolverhampton
2466 2833 38 21 2:2

1922 2854 77 22 Stoke
2023 2856 58 26 City
2153 2858 108 23 Fulham
2467 2863 36 22 1:1

1921 2884 68 22 West
2009 2886 109 22 Bromw.
2139 2887 56 22 Alb.
2263 2889 136 28 Liverpool
2468 2893 35 22 1:1

2098 2932 54 22 Aus
2172 2933 155 22 Frankreich

1921 2965 126 23 Toulouse
2112 2968 87 23 Nimes
2468 2974 34 21 1:1

1921 2995 131 22 Sochaux
2108 2998 85 22 Reims
2465 3003 38 21 2:0

1921 3025 129 22 Marseille
2120 3028 89 27 Nancy
2333 3045 18 18 m
2466 3033 36 21 2:1

1921 3055 112 22 Rennes
2088 3057 136 23 Bordeaux
2464 3061 55 23 4:2

1921 3085 127 22 Roubaix
2102 3087 35 22 St.
2155 3088 107 22 Etienne
2466 3081 38 33 2:2

1921 3114 59 22 Sete
2031 3116 81 22 Lille
2466 3123 36 21 1:1
2492 3124 10 20 1

1921 3144 77 22 Lens
2054 3146 154 29 Strasbourg
2467 3152 35 21 1:1

1921 3174 61 22 Nice
1998 3176 142 27 Racing
2465 3182 38 22 2:0

1920 3203 36 22 Le
1973 3204 95 22 Havre
2123 3207 78 22 Stade
2219 3208 119 27 Frangais
2465 3212 38 22 3:0

1921 3250 78 22 Metz
2054 3251 106 23 Amiens
2465 3257 37 21 3:1

2089 3296 63 22 Die
2169 3296 165 24 Tabelle:

1966 3331 19 22 1.
2004 3332 154 27 Strasbourg
2181 3334 27 22 15
2228 3335 110 27 Punkte;

1965 3361 20 22 2.
2003 3362 108 27 Rennes,
2134 3363 27 21 14
2180 3363 66 27 Pkt.;

1965 3391 20 21 3.
2003 3391 71 27 Lille,
2094 3392 86 23 Reims
2202 3394 25 21 11
2248 3394 65 27 Pkt.;

1949 3421 20 21 4.
1987 3421 35 22 Le
2042 3422 93 27 Havre,
2155 3423 137 27 Marseille,
2313 3424 93 27 Nimes,
2427 3427 27 22 R.
2476 3427 26 22 C.

2002 3451 79 27 Paris,
2098 3451 34 22 St.
2150 3452 107 22 Etienne
2274 3455 27 21 10
2318 3455 65 26 Pkt.;

1950 3480 33 22 10.
2002 3480 143 27 Bordeaux,
2164 3482 59 22 Sete
2239 3484 13 21 8
2269 3484 66 26 Pkt.;

1950 3510 33 21 12.
2002 3510 68 27 Nice,
2086 3511 124 27 Roubaix,
2225 3512 78 22 Stade
2319 3514 72 22 Fran.
2408 3514 12 22 7
2435 3515 66 26 Pkt.;

1950 3539 33 21 15.
2001 3539 72 27 Lens,
2101 3540 96 27 Nancy,
2224 3542 125 27 Sochaux,
2376 3544 126 23 Toulouse

2003 3570 12 21 6
2032 3569 108 22 Punkte.

2120 3616 54 22 Aus
2193 3616 105 26 Belgien

1918 3649 135 22 Berchem
2109 3650 144 28 Beeringen
2463 3655 38 21 3:0

1918 3679 158 24 Anderlecht
2138 3682 27 22 R.
2185 3682 26 22 C.
2229 3683 108 22 Malines
2465 3685 35 22 1:1

1916 3710 26 22 F.
1964 3711 26 22 C.
2012 3711 119 23 Malinois
2188 3713 54 22 Ol.
2262 3715 132 23 Charleroi
2463 3716 38 22 4:1

1919 3738 133 22 Charleroi
2071 3740 23 22 S.
2115 3740 26 22 C.
2200 3741 133 27 Antwerp
2463 3744 38 22 6:0

1918 3768 36 22 La
1975 3769 121 23 Gantoise
2166 3771 97 22 Tilleur
2462 3775 38 21 3:0

1918 3798 96 27 Racing
2032 3798 26 22 C.
2075 3799 28 22 B.
2165 3800 97 27 Daring
2464 3804 36 22 1:1
2490 3804 11 21 1

1918 3827 138 23 Beerschot
2120 3829 26 22 F.
2166 3830 26 22 C.
2211 3830 123 27 Brugeois
2464 3833 36 22 1:1

2096 3919 227 22 RADSPORT

1917 3953 27 22 L.
1966 3954 86 22 Gillen
2075 3955 35 21 tan
2131 3955 187 26 Antwerpener
2341 3957 160 27 Sportpalast

1951 3990 19 22 1.
1998 3990 215 27 Schulte-Peters;
2242 3992 20 21 2.
2291 3989 208 31 Acou-Depauw;

1918 4019 20 22 3.
1958 4019 55 22 Van
2032 4020 242 27 Est-Middelkamp;
2293 4022 44 22 auf
2356 4022 57 22 eine
2432 4024 68 22 Run-

2529 247 20 22 de
2599 247 20 21 4.
2642 243 246 25 Ollivier-Gosselin;
2931 243 19 21 5.
2971 242 137 22 Adriaens-

2530 276 138 25 sens-Naeye
2728 275 19 21 6.
2773 273 163 22 Koblet-Van
2960 272 94 24 Buren;
3088 271 20 22 7.

2530 305 203 25 Gillen-Ockers;
2760 304 20 21 8.
2806 303 256 27 Boyen-Wagtmans;
3089 301 20 22 9.

2530 333 316 29 Bruneel-Debeukelaere
2867 339 61 16 usw.

2669 407 303 22 SCHWERATHLETIK

2610 444 287 22 Weltmeisterschaften
2916 444 26 21 in
2962 442 71 22 Paris

2562 481 28 21 In
2606 481 71 22 Paris
2693 481 56 22 sind
2766 481 92 22 soeben
2874 480 40 21 die
2930 479 182 22 Weltmeister-

2533 511 115 22 schaften
2669 510 48 26 im,
2733 510 192 26 Gewichtheben
2946 515 50 16 von
3019 510 94 20 statten

2533 546 137 21 gegangen.
2693 541 46 21 Die
2762 546 82 15 neuen
2866 539 170 22 Weltmeister
3059 538 53 21 hei-

2534 569 58 22 βen:

2565 613 60 26 Coq:
2649 613 127 27 Namdjou
2801 614 82 24 (Iran)
2909 614 43 22 310
2973 614 40 26 kg.

2564 642 97 22 Plume:
2683 644 84 26 Fayad
2791 643 158 27 (Aegypten)
2973 644 65 25 327,5
3059 643 39 27 kg.

2564 672 88 27 Leger:
2676 673 130 21 Pittmann
2830 673 89 24 (USA)
2944 673 65 25 352,5
3031 673 40 26 kg.

2565 703 100 25 Moyen:
2683 703 28 21 El
2729 703 88 25 Touny
2832 702 162 27 <Aegypten)
3014 702 43 22 400
3074 702 40 27 kg.

2565 732 131 22 Mi-lourd:
2722 733 140 26 Stanczyck
2887 733 89 24 (USA)
3002 733 43 21 420
3067 733 40 26 kg.

2566 762 93 22 Lourd:
2679 762 77 22 Davis
2779 762 89 24 (USA)
2891 762 66 26 462,5
2977 762 40 27 kg.

2682 844 288 22 LEICHTATHLETIK

2678 882 161 25 Zehnkampf
2857 882 26 21 in
2904 882 71 21 Paris

2568 918 18 21 1.
2606 917 121 22 Heinrich
2746 918 56 21 6501
2823 918 65 25 Pkt.;
2909 918 19 21 2.
2948 917 82 22 Bobin
3049 917 66 26 6094;

2537 947 20 22 3.
2581 948 94 25 Frayer
2700 948 66 25 6055;
2791 949 20 20 4.
2837 947 143 22 Sehneitter
3005 948 66 25 5468;
3097 948 19 21 5.

2538 977 104 22 Grossin
2664 977 57 21 5317
2740 977 55 21 Pkt.
2816 983 62 16 usw.

2816 1022 21 21 :>[.

2775 1066 103 18 BOXEN

2579 1096 59 17 Hein
2657 1096 38 17 ten
2716 1096 56 17 Hoff
2791 1096 78 17 macht
2887 1096 187 18 Unentschieden

2566 1131 28 22 In
2620 1132 95 22 seinem
2741 1126 22 27 8.
2787 1132 156 27 Titelkampf
2967 1133 153 26 verteidigte

2535 1162 45 21 der
2595 1162 121 22 deutsche
2730 1162 104 22 Meister
2849 1163 34 21 im
2898 1162 221 26 Schwergewicht,

2535 1191 44 22 der
2595 1191 172 22 Berufsboxer
2782 1192 66 21 Hein
2862 1193 42 20 ten
2915 1192 62 21 Hoff
2987 1198 44 15 aus
3040 1192 81 21 Ham-

2537 1220 71 26 burg,
2635 1221 87 21 seinen
2748 1221 66 22 Titel
2840 1222 80 21 durch
2954 1221 41 22 ein
3021 1221 99 22 Unent-

2536 1246 136 26 schieden
2686 1251 65 22 nach
2776 1252 27 20 12
2827 1251 121 22 Runden.
2968 1257 79 21 gegen
3071 1252 49 21 den

2537 1279 215 22 Herausforderer
2794 1281 79 22 Heinz
2915 1281 121 22 Neuhaus
3076 1287 44 15 aus

2536 1308 143 23 Dortmund
2712 1316 45 15 vor
2782 1309 27 22 40
2825 1309 41 22 000
2890 1309 163 22 Zuschauern
3086 1310 35 22 im

2535 1338 173 22 Dortmunder
2727 1340 112 22 Stadion.

2713 1426 231 22 OLYMPISCHES

2562 1462 47 21 Die
2627 1463 99 21 Russen
2744 1463 102 22 melden
2864 1463 53 22 sich
2936 1463 25 20 in
2980 1463 117 22 Helsinki

2568 1505 72 22 Beim
2667 1506 153 22 Finnischen
2854 1507 182 26 Olympischen
3070 1507 52 22 Ko-

2539 1535 77 22 mitee
2635 1535 32 22 ist
2687 1535 56 22 eine
2762 1536 114 27 Anfrage
2896 1537 44 21 der
2960 1537 98 22 Russen
3078 1538 44 21 be-

2520 1565 117 41 züglich
2662 1566 44 21 der
2731 1566 182 27 Olympischen
2946 1567 85 27 Spiele
3065 1568 56 21 1952

2539 1595 181 27 eingegangen,
2761 1602 99 16 woraus
2904 1596 146 22 ersichtlich
3083 1596 38 27 ist,

2548 1625 41 33 daß
2611 1625 137 22 immerhin
2772 1626 41 21 ein
2844 1627 119 26 gewisses
2997 1627 126 22 Interesse

2519 1645 60 31 für
2601 1655 40 22 die
2662 1655 199 27 Veranstaltung
2884 1656 93 22 seitens
2998 1656 44 22 der
3064 1656 57 22 Ost-

2539 1684 176 22 blockstaaten
2766 1686 106 22 besteht.
2926 1686 48 22 Die
3024 1687 99 22 Russen

2538 1714 150 22 wünschten
2706 1715 133 27 abgeklärt
2859 1722 31 15 zu
2907 1716 91 27 haben,
3017 1717 31 21 ob
3067 1717 55 22 ihre

2539 1744 122 22 Athleten
2681 1744 26 22 in
2727 1743 190 30 Speziallagern
2939 1746 25 22 in
2985 1746 44 22 der
3050 1746 73 22 Nähe

2538 1774 158 27 Leningrads
2722 1776 199 26 untergebracht
2948 1777 52 22 und
3027 1776 95 27 täglich

2520 1807 12 21 i
2545 1807 25 21 zu
2600 1805 49 21 den
2681 1805 205 22 Wettbewerben
2918 1812 44 20 per
2994 1805 146 28 Flugzeug

2520 1830 198 43 transportiert
2742 1835 103 22 werden
2870 1836 99 22 dürfen.
2995 1836 46 22 Die
3065 1836 58 22 Fin-

2520 1857 68 32 nen
2612 1864 130 22 stimmten
2766 1865 96 22 diesem
2885 1866 140 27 Vorschlag
3048 1872 53 15 zu..

2819 1897 18 22 ♦

2734 1927 191 20 TURNSPORT

2567 1955 120 21 Nummer
2699 1956 27 20 20
2738 1956 44 21 des
2794 1957 151 24 “Gymnaste
2959 1957 162 22 luxembour-

2539 1985 80 24 geois"
2639 1986 31 20 ist
2689 1987 151 20 erschienen.
2859 1987 151 22 Aus-ihrem
3029 1987 92 21 Inhalt:

2539 2015 94 21 Unsere
2654 2015 182 22 Turnerschule
2856 2016 81 21 öffnet
2956 2016 93 22 wieder
3068 2017 55 21 ihre

2539 2045 69 20 Tore.
2671 2046 229 25 Subsidienfragen.
2966 2047 110 26 Splitter.-

2538 2075 35 20 La
2589 2075 44 20 Vie
2650 2075 126 22 Federale.
2836 2076 34 21 La
2886 2076 44 21 Vie
2947 2076 42 21 des
3006 2076 115 22 Societes.

2577 2105 95 20 Wohin
2689 2105 33 21 im
2742 2106 272 25 Sektionsgerätturnen
3029 2106 14 25 ?
3062 2113 60 16 usw.

2545 2143 10 11 c,
2817 2148 22 21 :>[.

2647 2186 107 24 Spartak
2777 2186 106 20 Moskau
2906 2187 110 24 gewinnt

2567 2214 44 21 das
2632 2215 66 20 erste
2719 2216 203 24 Norwegenspiel
2943 2217 55 20 7-1
3000 2218 93 24 (2-0)

2567 2251 49 21 Vor
2634 2252 26 21 25
2674 2252 38 21 000
2731 2253 160 22 Zuschauern
2909 2254 88 26 schlug
3015 2255 119 26 Spartak,

2539 2281 105 21 Moskau
2663 2282 33 21 im
2715 2283 198 22 Bislet-Stadion
2931 2291 49 15 von
2998 2285 59 21 Oslo
3075 2286 49 20 den

2539 2312 187 24 norwegischen
2741 2313 62 21 Club
2820 2314 95 24 Sagene
2929 2314 54 20 7-1
2998 2315 87 23 (2-0).'
3095 2316 27 19 In

2539 2340 44 22 der
2600 2342 82 22 ersten
2700 2342 115 22 Halbzeit
2832 2343 112 22 konnten
2962 2344 39 22 die
3020 2346 103 20 Norwe-

2538 2374 44 20 ger
2600 2371 47 21 den
2667 2373 82 25 guten,
2768 2374 59 21 aber
2845 2374 69 22 nicht
2932 2374 121 21 höchsten
3069 2375 54 20 An-

2537 2401 124 24 sprüchen
2702 2401 101 26 gerecht
2842 2403 150 22 werdenden
3025 2406 97 20 Russen

2537 2430 63 20 noch
2629 2431 186 25 einigermaßen
2844 2434 38 20 die
2910 2435 92 25 Stange
3029 2435 93 20 halten.

2538 2459 67 21 Aber
2631 2461 35 20 als
2695 2462 38 21 ein
2762 2462 198 26 Gewitterregen
2987 2465 65 21 nach
3078 2465 44 21 der

2538 2490 79 21 Pause
2633 2490 44 21 das
2693 2491 59 26 Feld
2767 2493 25 19 in
2807 2493 72 21 einen
2895 2495 95 21 Morast
3005 2501 116 15 verwan-

2538 2519 72 26 delte,
2633 2521 76 21 setzte
2731 2523 51 20 sich
2805 2523 38 21 die
2866 2524 98 20 bessere
2985 2525 137 20 Kondition

2537 2550 51 20 und
2606 2551 286 27 Körperbeherrschung
2910 2554 44 21 der
2973 2555 76 21 Gäste
3068 2556 53 20 ein-

2538 2578 128 22 drücklich
2681 2581 85 25 durch,
2780 2588 25 16 so
2820 2583 47 22 daß
2879 2583 44 21 das
2938 2584 63 21 hohe
3015 2585 106 21 Schluß-

2537 2610 115 23 ergebnis
2660 2610 126 22 durchaus
2794 2613 189 25 gerechtfertigt
2991 2615 132 20 erscheint.

2566 2647 109 25 Spartak
2689 2650 100 25 verfügt
2804 2650 61 20 über
2880 2650 55 21 eine
2949 2652 171 25 ausgegliche-

2538 2682 30 16 ne
2587 2678 167 26 Mannschaft,
2782 2685 44 16 aus
2843 2681 109 21 welcher
2978 2682 88 24 jedoch-

2538 2706 77 21 außer
2630 2708 55 21 dem
2700 2709 122 22 Torhüter
2838 2711 180 26 Tsjarnysjew
3062 2712 59 21 kein

2537 2737 96 25 Spieler
2647 2738 169 24 herausstach.
2829 2740 44 21 Die
2888 2742 161 21 Mannschaft
3062 2744 59 20 kam

2538 2767 68 20 nicht
2620 2772 63 20 ganz
2697 2775 32 15 an
2743 2769 49 22 den
2805 2771 126 21 Standard
2945 2777 49 15 von
3008 2773 114 24 Dynamo

2537 2797 105 22 Moskau
2655 2799 85 24 heran,
2755 2799 44 21 das
2814 2806 44 15 vor
2872 2801 52 21 drei
2938 2802 94 21 Jahren
3048 2803 73 20 einen

2537 2828 186 24 norwegischen
2742 2830 188 25 Spitzenverein
2948 2832 55 19 8-0
3004 2832 116 25 schlug.

2537 2856 128 22 Teilweise
2679 2859 87 22 schuld
2780 2860 87 21 hieran
2882 2860 83 22 dürfte
2980 2862 38 20 die
3031 2863 89 20 künst-

2537 2886 63 22 liche
2619 2887 171 27 Beleuchtung
2809 2890 60 24 sein,
2886 2891 45 22 mit
2949 2892 43 21 der
3011 2892 50 21 sich
3081 2893 39 21 die

2536 2916 96 21 Russen
2657 2918 184 22 offensichtlich
2874 2926 47 15 nur
2953 2921 94 22 schwer
3077 2929 43 14 zu-

2536 2947 171 22 rechtfanden.
2725 2949 67 20 Aber
2809 2955 25 15 es
2849 2950 78 21 bleibt
2943 2950 114 22 dennoch
3073 2959 47 15 un-

2536 2976 165 27 verkennbar,
2720 2978 47 21 daß
2784 2980 108 25 Spartak
2910 2981 69 22 nicht
2997 2982 61 20 über
3077 2982 43 21 das

2536 3005 121 24 glänzend
2698 3008 117 22 laufende
2854 3010 265 27 Mannschaftsgefüge

2537 3041 48 16 von
2601 3036 114 25 Dynamo
2732 3039 107 25 verfügt.
2857 3040 45 21 Die
2919 3042 115 24 Angriffe
3052 3048 67 15 wur-

2517 3061 66 25 den
2599 3067 119 23 meistens
2732 3069 45 20 mit
2786 3070 159 25 Kurzpassen
2954 3072 165 25 vorgetragen

2537 3096 49 21 und
2601 3096 80 22 lösten
2695 3097 50 21 sich
2762 3098 36 21 oft
2811 3099 25 20 in
2852 3100 203 22 Einzelaktionen
3070 3102 50 23 auf,

2537 3125 78 21 wobei
2639 3127 80 24 einige
2745 3128 113 23 Stürmer
2882 3130 57 21 sehr
2963 3131 157 26 eigennützig

2536 3156 147 24 operierten.
2709 3158 123 22 Während
2858 3159 179 26 Schnelligkeit
3068 3162 52 21 und

2535 3185 135 22 Kondition
2690 3186 44 21 der
2752 3188 113 21 Stürmer
2882 3191 92 24 großen
2994 3191 126 21 Eindruck

2536 3215 122 25 machten,
2687 3217 83 22 schien
2799 3224 25 15 es
2854 3219 44 20 mit
2926 3220 67 21 ihrer
3023 3222 95 21 Schuß-

2536 3246 159 24 genauigkeit
2711 3247 69 21 nicht
2797 3254 55 15 zum
2870 3250 86 20 besten
2973 3251 99 21 bestellt
3089 3257 30 16 zu

2534 3274 60 20 sein.
2619 3275 193 22 Mittelstürmer
2836 3279 131 25 Simonjan
3000 3281 51 21 und
3075 3280 45 22 der

2534 3304 151 22 Halbrechte
2700 3307 142 26 Terentjew
2855 3309 95 25 zeigten
2963 3311 52 21 sich
3030 3311 37 22 als
3079 3312 40 21 die

2534 3335 167 23 gerissensten
2724 3337 144 22 Techniker.
2892 3339 81 22 Ueber
2996 3340 38 21 die
3056 3341 62 20 Ver-

2534 3363 128 27 teidigung
2679 3366 66 24 kann
2761 3368 68 21 nicht
2844 3368 49 21 viel
2909 3370 86 25 gesagt
3010 3371 108 25 werden,

2534 3393 31 21 da
2600 3394 34 21 sie
2667 3395 161 25 größtenteils
2854 3399 81 25 wenig
2968 3400 150 26 beschäftigt

2534 3429 59 16 war.
2620 3424 49 21 Der
2693 3426 122 22 Torhüter
2840 3429 127 21 meisterte
2990 3429 40 21 die
3057 3436 61 20 paar

2534 3455 186 24 norwegischen
2750 3456 105 22 Schüsse
2886 3458 152 23 bestechend
3066 3460 52 21 und

2534 3482 67 23 kann
2628 3484 41 21 für
2694 3484 44 22 das
2763 3486 122 22 Ehrentor
2910 3488 44 21 der
2979 3489 138 26 Gastgeber

2534 3512 68 21 nicht
2617 3515 204 22 verantwortlich
2838 3518 114 24 gemacht
2966 3519 108 21 werden.

2562 3550 51 21 Auf
2629 3551 105 22 Wunsch
2753 3553 43 21 der
2810 3555 96 21 Russen
2922 3556 86 22 wurde
3025 3557 24 21 in
3064 3557 52 21 die-

2534 3585 52 15 sem
2617 3581 66 25 Spiel
2711 3578 44 25 das
2786 3585 152 23 sogenannte
2970 3587 146 25 "parallele"

2534 3609 292 28 Schiedsrichtersystem
2854 3615 151 26 verwendet,
3034 3616 82 22 indem

2534 3638 43 21 der
2594 3640 124 22 russische
2733 3643 105 22 Referee
2855 3644 121 26 Arlupow
2991 3652 49 16 von
3057 3648 59 20 zwei

2534 3669 44 20 auf
2606 3669 131 24 derselben
2760 3673 66 20 Seite
2857 3675 136 24 postierten
3014 3676 101 22 Linien-

2534 3699 117 26 richtern,
2672 3701 93 21 welche
2795 3703 154 27 gleichzeitig
2977 3705 37 21 als
3037 3705 78 22 Hilfs-

2534 3728 196 23 Schiedsrichter
2749 3732 132 22 amtierten
2909 3735 49 21 und
2987 3736 130 22 sämtliche

2533 3758 193 25 Regelverstöße
2744 3762 132 27 meldeten,
2896 3765 128 21 assistiert.
3043 3766 72 20 Diese

2534 3787 116 22 Methode
2664 3790 96 22 scheint
2773 3789 60 23 aber
2847 3794 142 24 gegenüber
3001 3795 44 21 der
3058 3796 57 21 her-

2534 3818 151 23 gebrachten
2710 3821 73 21 keine
2809 3822 109 22 Vorteile
2943 3831 28 15 zu
2998 3826 116 25 besitzen,

2534 3847 30 21 da
2583 3848 53 21 sich
2655 3849 36 20 oft
2709 3850 39 21 die
2766 3853 204 24 unerquickliche
2990 3855 66 25 Lage
3075 3861 41 15 er-

2533 3877 54 26 gab,
2602 3878 47 22 daß
2662 3880 197 23 Schiedsrichter
2871 3883 51 21 und
2937 3884 178 22 Hilfsschieds-

2533 3907 92 22 richter
2657 3909 61 22 über
2750 3912 146 23 angebliche
2922 3914 193 25 Regelverstöße

2533 3937 100 25 uneinig
2651 3944 84 16 waren
2755 3941 51 21 und
2826 3948 32 16 an
2876 3942 44 21 der
2939 3944 71 21 Linie
3027 3944 87 22 disku-

2532 3966 98 22 tierten.
2650 3969 59 21 Man
2730 3971 124 27 erwartet,
2883 3973 48 21 daß
2960 3974 38 21 die
3019 3975 95 21 Russen

2532 3996 121 22 Vorstöße
2672 3999 182 23 unternehmen
2874 4003 107 25 werden,
2999 4009 42 16 um
3059 4004 54 21 ihre

2531 4025 118 22 Methode
2667 4028 177 24 international
2864 4032 171 22 einzuführen.

712 4560 47 22 Die
774 4558 85 27 luxbg.
873 4557 42 27 Elf
928 4556 53 23 und
995 4555 55 22 eine
1064 4552 154 29 Spielszene
1234 4552 46 29 aus
1297 4552 46 29 dem
1356 4551 94 22 Match.
1579 4550 105 24 (Photos
1701 4550 71 27 Tony
1789 4527 115 49 Krier)

1918 4136 79 33 Das
2008 4135 206 44 Rodinger
2228 4133 291 60 Boxmeeting

1947 4190 27 22 B.
1991 4190 27 22 C.
2034 4191 121 27 Rodange
2172 4191 126 22 eröffnete
2315 4199 40 15 am
2373 4184 144 36 gestrigen
2512 4184 5 35 I

1916 4220 115 27 Sonntag
2051 4220 68 27 seine
2134 4220 164 27 'diesjährige
2318 4222 182 23 Wintersaison

1915 4250 48 22 mit
1979 4250 83 22 einem
2080 4250 110 22 schönen
2208 4251 148 22 nationalen
2374 4251 126 22 Boxmee-

1915 4279 55 27 ting
1988 4279 36 22 im
2043 4279 75 22 Saale
2138 4279 138 23 Weintzen.

1945 4316 54 22 Auf
2015 4316 60 22 dem
2092 4316 150 27 Programm
2261 4318 108 22 standen
2388 4318 13 22 8
2419 4318 79 22 Ama-

1915 4345 163 27 teurkämpfe
2092 4345 53 22 und
2159 4346 38 22 als
2211 4345 64 22 Clou
2289 4347 46 22 der
2349 4347 149 22 Veranstal-

1915 4376 65 25 tung
2015 4376 46 22 der
2090 4374 163 27 Profikampf
2289 4376 127 22 zwischen
2445 4377 55 26 Ray

1916 4404 98 22 Schmit
2037 4405 52 22 und
2114 4405 149 27 Cardarelli,
2296 4406 40 22 die
2361 4412 138 20 sozusagen

1915 4433 49 22 alle
1984 4434 74 22 einen
2077 4435 165 26 spannenden
2261 4435 108 22 Verlauf
2387 4437 111 22 nahmen

1915 4463 52 22 und
1982 4464 120 27 folgende
2118 4464 151 27 Ergebnisse
2279 4466 116 26 zeitigten

1945 4492 215 27 Amateurkämpfe
2231 4494 62 22 Hoff
2319 4494 81 24 (Gant
2424 4495 72 25 d'Or)

1915 4522 169 27 Punktsieger
2098 4522 63 22 über
2169 4522 82 22 Assan
2263 4523 155 27 (Rodange);
2435 4525 64 26 Brys

1917 4551 144 27 (Rodange)
2098 4552 97 27 besiegt
2226 4553 157 27 Heuschling
2418 4554 80 25 (Gant

2529 4135 73 26 d'Or)
2623 4143 23 16 n.
2664 4137 36 27 P.;
2719 4138 115 28 Mendjel
2854 4141 144 27 (Rodanse)
3017 4144 97 29 besiegt

2530 4171 22 16 n.
2572 4165 26 22 P.
2617 4166 103 23 Dostert
2738 4168 23 22 II
2782 4169 80 23 (Gant
2880 4171 84 27 d'Or);
2984 4173 131 25 Oberweis

2533 4194 139 27 (C.B.C.L.)
2704 4197 169 29 Punktsieger
2903 4201 63 22 über
2989 4203 125 23 Schuma-

2529 4224 60 22 cher
2615 4225 156 28 (Rodange);
2811 4229 130 23 Streveler
2967 4232 144 27 (Rodange)

2528 4254 51 22 und
2600 4255 118 23 Fixemer
2741 4257 80 23 (Gant
2841 4259 72 25 d'Or)
2937 4262 108 22 machen
3064 4269 49 16 un-

2529 4284 145 27 entschieden
2726 4286 130 23 Reisdorff
2880 4289 144 28 (Rodange)
3049 4292 65 27 siegt

2528 4319 23 15 n.
2566 4312 26 22 P.
2606 4313 63 23 über
2683 4304 76 33 Risch
2774 4316 80 25 (Gant
2867 4318 83 27 d'Or);
2965 4319 104 27 Myrteza
3085 4319 30 27 II

2531 4342 158 28 (Rodange)
2738 4345 106 22 Wehrer
2861 4347 138 26 (C.B.C.L.)
3019 4352 93 21 unent-

2528 4372 103 27 schieden
2674 4374 115 26 Myrteza
2805 4376 11 21 I
2834 4376 160 27 (Rodange)
3043 4379 69 22 Reu-

2528 4400 60 23 land
2606 4391 139 38 (C.B.C.L.)
2761 4406 85 22 match
2861 4406 53 26 nul;
2930 4406 100 23 Pertele
3048 4408 63 23 (Ro-

2530 4431 94 27 dange)
2654 4433 65 27 siegt
2745 4433 62 22 über
2834 4434 106 22 Scheich
2970 4436 138 26 (C.B.C.L.)

2528 4461 64 22 nach
2611 4461 125 23 Punkten.

2559 4496 149 28 Profikampf
2746 4499 55 26 Ray
2810 4499 98 22 Schmit
2920 4500 188 29 (Luxemburg)

2531 4527 53 22 und
2610 4527 144 23 Cardarelli
2782 4528 204 27 (Differdingen)
3022 4532 86 22 match

2526 4555 52 22 nul
