3237 4721
99 122 147 23 MONTAG,
267 122 33 21 16.
320 122 111 21 Oktober
450 123 57 20 1950
554 122 43 21 Nr.
615 122 42 21 238

1490 117 252 25 TAGEBLATT

3046 106 66 21 Seite
3128 107 12 20 2

99 209 435 104 Schoner
579 212 318 126 Erfolg
944 212 174 102 der
1163 208 694 127 Europa-Tage

122 359 44 21 Die
187 359 195 25 Organisatoren
403 358 81 21 dieser
502 358 180 25 Eurapo-Tage

94 389 24 20 in
142 388 168 25 Luxemburg,
335 387 51 21 und
409 388 33 21 all
468 391 39 17 die
530 387 88 24 vielen,
643 387 39 22 die

93 418 46 20 mit
160 418 66 20 Herz
246 417 50 21 und
317 417 71 21 Seele
409 417 39 21 bei
470 416 44 22 der
535 416 147 22 Verwirkli-

94 447 81 24 chung
195 447 42 20 des
258 447 108 20 schönen
386 445 151 22 Gedankens
556 446 68 21 eines
644 445 38 22 fö-

93 475 125 21 derierten
239 475 98 24 Europa
358 474 61 24 sind,
442 474 90 21 dürfen
553 474 46 21 mit
619 474 62 21 eini-

93 509 56 21 gem
165 505 66 21 Stolz
247 505 75 20 heute
337 504 44 21 das
397 503 121 25 Ergebnis
533 503 44 21 der
592 504 25 20 in
632 503 49 21 Lu-

93 533 121 26 xemburg
245 533 221 25 stattgefundenen
496 532 186 21 Manifestatio-

93 568 49 15 nen
161 563 151 21 verbuchen.
334 563 47 20 Mit
403 562 169 24 Genugtuung
591 561 91 21 dürfen

93 587 34 27 sie
151 591 147 25 feststellen,
321 590 48 22 daß
392 590 39 22 ihr
453 591 46 20 mit
522 590 77 21 soviel
623 590 59 20 Tat-

93 621 68 21 kraft
186 621 50 21 und
261 620 104 25 Energie
390 619 121 25 erfolgter
535 619 90 25 Appell
651 624 32 15 an

93 651 39 21 die
153 649 93 26 großen
268 650 101 20 Massen
390 649 70 21 nicht
480 649 124 24 ungehört
624 654 57 15 ver-

93 679 63 22 hallt
173 679 38 21 ist.
229 679 49 20 Das
296 679 104 21 beweist
419 678 93 21 sowohl
530 678 44 21 der
589 678 93 21 schöne

94 708 93 21 Absatz
214 707 44 22 der
282 706 264 26 Europa-Abzeichen,
573 706 39 21 die
638 706 44 20 be-

93 737 102 22 sonders
215 738 25 20 in
254 735 70 22 Esch
343 736 51 21 und
413 736 26 20 in
458 735 162 24 Luxemburg
639 739 44 20 gar

92 767 59 21 bald
170 767 25 20 in
214 766 82 21 vielen
316 765 189 25 Knopflöchern
525 764 156 21 aufleuchte-

93 796 49 24 ten,
162 795 36 21 als
218 795 64 22 auch
301 800 45 16 vor
367 795 75 21 allem
462 794 38 21 die
520 793 49 22 fast
589 793 93 24 einzig-

93 825 79 25 artige
193 824 149 26 Apotheose,
364 829 29 15 zu
414 822 44 22 der
480 822 39 21 die
541 822 143 22 Konferenz

93 854 43 22 des
164 853 156 25 ehemaligen
342 851 196 22 sozialistischen
560 850 122 22 französi-

93 883 75 22 schen
192 882 249 22 Pensionsministers
465 881 51 21 und
541 880 141 25 Vizepräsi-

93 912 93 22 denten
226 911 44 21 der
306 911 263 25 Europa-Bewegung,
605 909 78 21 Henri

93 940 104 26 Frenay,
214 946 40 15 am
269 937 177 28 vergangenen
463 938 116 25 Samstag
595 938 34 21 im
645 938 38 21 bis

93 970 44 22 auf
157 970 48 21 den
225 970 92 21 letzten
336 969 70 21 Platz
426 968 127 21 besetzten
573 967 110 21 Luxem-

93 999 93 25 burger
208 999 179 24 Stadttheater,
410 997 109 26 geführt.

121 1043 44 21 Ich
187 1042 125 22 bedauere
334 1047 26 16 es
381 1047 49 15 von
452 1044 104 21 ganzem
579 1039 104 24 Herzen,

94 1071 47 22 daß
160 1072 55 24 mir,
236 1071 197 26 notgedrungen,
459 1075 47 16 nur
533 1069 40 21 ein
593 1054 105 34 relativ

93 1101 97 22 kleiner
212 1100 70 22 Platz
306 1105 44 16 zur
373 1098 147 25 Verfügung
544 1098 72 24 steht,
641 1103 42 15 um

93 1131 62 21 über
175 1130 39 21 die
234 1129 129 22 einzelnen
381 1128 99 21 Phasen
499 1127 82 21 dieser
600 1126 83 21 ersten

92 1159 191 22 Manifestation
305 1162 103 16 unseres
430 1155 187 22 Nationalrates
640 1154 45 22 der

93 1188 258 26 Europa-Bewegung
366 1192 29 15 zu
413 1186 136 24 berichten,
566 1184 66 22 denn
649 1184 35 21 sie

93 1218 88 22 hätten
197 1223 27 15 es
240 1217 55 24 alle,
311 1216 65 21 ohne
392 1214 152 24 Ausnahme,
562 1214 121 24 verdient,

93 1253 27 16 so
143 1246 61 27 groß
226 1246 48 21 wie
298 1251 48 15 nur
369 1243 108 26 möglich
500 1242 183 25 hervorgestri-

94 1276 62 22 chen
172 1281 29 15 zu
217 1274 109 22 werden.
342 1274 33 21 So
391 1272 60 22 muß
468 1273 39 21 ich
523 1272 66 21 mich
605 1271 79 22 leider

93 1305 78 22 damit
193 1304 138 25 begnügen,
352 1303 26 21 in
399 1302 62 22 aller
480 1302 83 20 Kürze
585 1306 99 16 zusam-

93 1334 176 22 menzufassen
298 1332 51 22 und
380 1337 49 15 nur
458 1330 143 22 bestimmte
624 1330 59 21 Ein-

93 1363 93 22 drücke
216 1361 213 26 wiederzugeben,
466 1359 40 22 die
535 1365 48 15 nur
611 1358 73 21 einen

93 1392 148 22 schwachen
265 1391 139 22 Schimmer
435 1389 112 25 abgeben
577 1388 107 24 können,

96 1428 49 15 von
179 1421 57 21 dem
276 1419 214 26 unvergeßlichen
524 1417 159 22 Gesamtein-

94 1451 85 25 druck,
199 1450 48 21 den
267 1449 34 22 sie
321 1448 44 22 auf
384 1448 49 20 alle
452 1446 160 22 Teilnehmer
630 1446 53 21 die-

94 1485 40 16 ser
151 1479 110 21 schönen
278 1479 66 24 Tage
361 1476 175 22 hinterlassen.

122 1530 123 24 Empfang
270 1529 78 21 Henri
370 1529 111 22 Frenays
505 1526 78 22 durch
607 1525 48 21 den

306 1557 166 22 Nationalrat.

125 1604 82 22 Schon
231 1602 62 22 kurz
319 1601 65 22 nach
409 1601 82 20 seiner
516 1598 117 25 Ankunft
658 1597 26 21 in

94 1632 160 25 Luxemburg
270 1630 87 22 wurde
375 1629 44 22 der
435 1628 190 26 Vizepräsident
640 1626 44 22 der

93 1662 264 26 Europa-Bewegung,
387 1659 44 21 der
459 1657 113 25 zugleich
600 1656 84 21 Präsi-

95 1692 59 21 dent
175 1691 44 22 der
240 1689 187 22 französischen
449 1685 235 22 Föderalisten-Be-

94 1724 113 22 wegung,
226 1719 33 21 ist
276 1719 34 21 im
327 1717 187 26 Bürgerkasino
531 1716 26 20 in
574 1715 110 21 Luxem-

94 1750 63 24 burg
177 1749 79 22 durch
276 1748 48 21 den
343 1745 160 22 Nationalrat
522 1744 44 21 der
585 1744 100 21 luxem-

95 1778 149 26 burgischen
261 1776 265 26 Europa-Bewegung,
543 1778 41 16 am
600 1773 85 20 Sams-

94 1809 42 25 tag
160 1811 77 22 gegen
260 1807 26 20 16
309 1805 60 24 Uhr,
392 1804 151 25 empfangen
567 1801 52 22 und
641 1801 44 21 be-

95 1837 81 27 grüßt.
191 1837 65 20 Herr
270 1834 99 22 Hubert
383 1833 121 24 Clement,
519 1832 44 21 der
578 1831 49 21 den
640 1830 44 21 be-

94 1866 93 22 ruflich
209 1864 179 22 verhinderten
409 1861 171 23 Präsidenten,
603 1860 82 21 Herrn

94 1893 251 27 Kammerpräsident
382 1891 79 22 Emile
491 1890 100 23 Reuter,
629 1888 56 21 ent-

96 1924 146 25 schuldigte,
258 1922 85 21 führte
359 1921 48 21 den
422 1920 98 22 Vorsitz
535 1917 45 26 und
596 1917 90 26 sprach

95 1955 39 21 die
164 1950 277 24 Willkommensworte.
478 1949 29 20 In
544 1947 143 22 herzlichen

95 1983 101 22 Worten
212 1982 75 21 feiert
303 1987 27 15 er
347 1981 26 20 in
391 1979 44 22 der
451 1979 94 20 Person
563 1976 43 21 des
623 1976 62 21 emi-

95 2013 93 22 nenten
203 2011 89 21 Gastes
307 2009 48 21 den
369 2007 168 25 aufrichtigen
552 2004 134 26 Europäer,

100 2043 34 24 “le
154 2040 144 27 promoteur
325 2037 121 24 idealiste,
472 2036 64 21 mais
563 2033 123 22 cartesien

77 2059 49 33 de
146 2069 168 23 l'unification
334 2065 179 27 europeenne".

125 2115 88 24 "Vous,
235 2112 130 22 Monsieur
386 2111 23 21 le
432 2109 123 24 Ministre,
579 2106 52 22 etes
653 2112 33 15 un

96 2142 130 27 Europeen
241 2142 145 23 convaincu,
401 2137 129 27 peut-etre
543 2142 73 21 parce
631 2141 55 20 que,

97 2174 55 26 plus
173 2173 76 24 qu'un
270 2170 77 24 autre,
369 2174 62 16 vous
452 2173 60 16 avez
534 2166 71 23 senti,
625 2164 61 22 dans

96 2203 25 20 la
143 2202 70 21 chair
233 2201 25 21 et
280 2200 62 21 dans
363 2198 24 21 le
408 2203 81 19 coeur,
511 2196 36 21 les
569 2194 117 22 douleurs

98 2232 30 21 de
142 2231 117 25 l'homme
275 2229 24 21 et
314 2228 33 21 du
363 2226 108 27 patriote
486 2223 67 23 force
569 2229 49 16 aux
634 2228 53 15 me-

97 2252 81 29 riäces'
188 2259 59 21 d'ün
263 2254 177 25 totalitarisme
457 2254 49 26 qui,
524 2250 78 24 helas!
622 2257 66 16 sem-

98 2291 40 20 ble
154 2288 110 22 renaitre
282 2281 95 26 comme
393 2284 104 22 l'ivraie.
514 2280 173 27 Rappellerai-

82 2319 39 25 je
141 2324 48 20 que
208 2322 62 16 vous
289 2320 60 16 avez
369 2313 39 22 ete
426 2313 23 20 le
469 2312 135 22 fondateur
622 2310 24 21 et
665 2309 23 21 le

77 2346 85 25 rrchef
176 2346 28 25 du
219 2344 162 23 mouvement
397 2341 139 22 clandestin
554 2338 132 27 “Combat"

95 2378 33 21 de
148 2374 102 22 l'armee
271 2373 94 22 secrete
386 2378 31 16 en
438 2372 95 20 France
554 2375 33 14 au
607 2368 82 24 temps

98 2407 31 21 de
163 2403 178 26 l'occupation?
384 2398 199 27 Rappellerai-je
612 2397 76 25 qu'un

99 2433 197 27 gouvernement
313 2438 32 15 au
361 2430 68 22 solde
447 2429 30 21 de
493 2427 116 22 l'ennemi
627 2431 61 16 vous

99 2471 13 15 a
134 2461 138 24 condamne
293 2466 63 21 pour
377 2459 71 22 votre
471 2457 106 22 attitude
599 2455 89 22 haute-

98 2494 70 22 ment
183 2491 159 27 patriotique,
357 2489 70 21 voire
441 2485 165 26 europeenne.
622 2484 67 24 Rap-

99 2522 143 27 pellerai-je
280 2520 77 25 qu'un
387 2517 99 22 ennemi
533 2512 156 27 implacable,

99 2552 42 26 qui
165 2551 39 21 fut
226 2555 95 19 encore,
345 2548 25 21 et
392 2546 104 23 surtout,
519 2543 118 22 l'ennemi
660 2542 30 21 de

99 2582 121 24 l'Europe,
237 2584 62 16 vous
317 2577 69 22 avait
403 2573 96 23 destine
516 2574 24 20 la
558 2573 71 25 peine
648 2577 41 15 ca-

100 2611 77 27 pitale
240 2614 46 20 par
303 2606 158 22 contumace
513 2602 50 22 fort
581 2601 108 21 heureu-

100 2639 97 23 sement
215 2643 62 21 pour
293 2637 24 20 le
336 2633 176 27 "Mouvement
530 2628 158 27 Europeen"?

100 2667 198 28 Rappellerai-je
317 2671 48 20 que
382 2669 62 16 vous
463 2661 51 22 etes
531 2660 111 22 titulaire
661 2658 30 21 de

100 2700 25 20 la
139 2695 123 27 premiere
278 2694 68 22 croix
362 2694 30 21 de
406 2693 25 21 la
446 2690 144 22 Liberation
604 2687 86 22 decer-

101 2727 46 22 nee
164 2733 30 15 en
210 2727 95 20 France
323 2720 215 27 metropolitaine?
557 2716 134 27 Rappelle-

711 359 77 25 rai-je
811 358 71 22 enfin
905 364 55 22 que,
984 358 30 22 de
1039 358 54 20 1945
1117 357 14 21 ä
1154 361 44 16 nos
1222 357 77 43 jours,
1312 355 5 85 I

711 389 71 21 votre
801 386 108 26 activitS,
930 381 30 28 en
980 387 55 21 tant
1054 386 142 25 qu'homme
1215 385 83 26 politi-

712 423 55 20 que,
780 417 101 21 orateur
895 416 25 22 et
933 415 138 27 publiciste,
1085 415 38 21 est
1136 414 164 26 uniquement

712 445 132 22 consacree
861 445 14 22 ä
890 445 24 21 la
931 450 74 16 cause
1022 444 29 22 de
1069 443 143 26 l'Europe?"

739 483 86 20 Dieses
842 481 110 22 Portrait
970 480 67 21 eines
1054 480 64 21 noch
1135 479 69 22 nicht
1220 478 79 22 Fünf-

711 511 154 25 zigjährigen
888 510 110 24 beweist,
1021 508 108 22 welcher
1152 508 47 20 Art
1222 508 77 20 Henri

711 541 98 23 Frenay
828 540 38 24 ist,
885 539 88 21 dessen
993 537 161 25 dynamische
1175 536 126 22 Aktivität

712 575 26 15 so
760 574 62 20 ganz
844 569 34 20 im
902 568 154 25 Gegensatze
1079 566 66 22 steht
1167 572 29 15 zu
1220 566 81 21 seiner

711 598 110 21 äußeren
849 596 227 24 liebenswürdigen
1109 595 51 22 und
1195 595 105 25 ruhigen

711 627 171 25 Erscheinung
903 625 51 22 und
977 631 29 15 zu
1029 625 80 21 seiner
1131 624 50 21 fast
1204 623 95 25 sprich-

711 656 115 22 wörtlich
844 655 165 26 gewordenen
1027 653 214 22 Bescheidenheit.

740 693 29 20 In
789 692 101 25 kurzen,
908 691 83 21 lieben
1009 690 90 21 Sätzen
1118 689 79 22 dankt
1214 695 27 15 er
1259 688 42 21 für

712 722 48 21 den
784 721 143 21 herzlichen
951 719 124 25 Empfang
1100 718 51 21 und
1176 717 52 25 gibt
1253 717 48 21 den

712 750 182 25 Anwesenden,
914 749 39 22 die
974 749 46 20 mit
1042 748 51 21 ihm
1114 747 77 21 schon
1211 746 89 24 Einge-

712 779 90 22 weihte
822 778 61 25 sind,
903 777 140 22 Aufschluß
1062 777 62 21 über
1143 776 48 21 den
1209 775 92 22 letzten

712 808 80 22 Stand
808 808 44 22 der
868 807 79 25 Dinge
964 807 26 20 in
1005 806 51 22 und
1073 811 43 16 um
1133 805 39 21 die
1189 801 112 27 Europa-

712 839 149 24 Bewegung,
877 836 39 22 die
933 835 127 26 Tätigkeit
1075 834 44 21 der
1134 833 167 21 verantwort-

711 867 82 21 lichen
816 866 108 21 Männer
946 865 44 21 auf
1012 864 56 22 dem
1091 862 211 22 internationalen

699 890 110 32 Sektor,
828 895 39 22 die
887 894 92 22 letzten
999 892 158 27 getroffenen
1176 891 125 21 Maßnah-

699 890 71 65 men
787 924 51 22 und
856 924 39 21 die
913 928 49 16 neu
981 927 49 16 von
1048 922 76 22 ihnen
1142 920 160 26 ausgearbei-

712 955 70 21 teten
799 954 77 21 Pläne
894 958 44 16 zur
955 951 154 24 Erreichung
1127 950 43 21 des
1188 949 113 26 gesteck-

712 984 44 21 ten
771 983 87 21 Zieles.

741 1020 60 21 Eine
815 1018 77 22 kurze
905 1017 149 22 Diskussion
1068 1014 105 22 schließt
1188 1014 52 22 sich
1249 1013 53 22 die-

712 1054 43 16 sen
778 1048 198 24 Ausführungen
1007 1051 38 15 an.
1082 1043 69 21 Doch
1181 1043 39 22 die
1249 1043 54 20 Zeit

713 1077 97 25 drängt.

712 1120 51 22 Der
780 1118 128 27 Empfang
926 1115 81 23 durch
1023 1115 40 22 die
1081 1112 221 27 hauptstädtische

855 1143 305 27 Gemeindeverwaltung

743 1185 50 31 Um
816 1192 65 22 17.30
903 1191 55 22 Uhr
979 1189 66 23 wird
1074 1188 119 22 Minister
1222 1185 81 23 Henri

713 1224 100 25 Frenay
830 1220 98 24 sodann
944 1220 27 22 in
990 1220 44 22 der
1052 1218 69 22 Salle
1138 1217 32 22 de
1187 1215 115 27 Mariage

713 1260 50 16 von
788 1250 205 28 Bürgermeister
1016 1247 134 26 Hamilius,
1176 1246 127 27 umgeben

712 1290 50 16 von
784 1282 50 22 den
855 1280 136 24 Schöffen-
1014 1278 53 22 und
1095 1275 207 24 Gemeinderats-

712 1311 165 28 mitgliedern
899 1309 139 27 Rollinger,
1068 1306 148 26 Fischbach,
1245 1304 57 22 Bie-

712 1348 53 20 ver,
788 1341 105 27 Jacoby,
914 1338 101 27 Koenig
1038 1337 53 23 und
1111 1336 86 27 Jempi
1219 1335 84 22 Bauer

700 967 121 427 offiziell
850 1370 35 22 im
912 1369 99 22 Namen
1040 1368 46 22 der
1122 1366 99 26 Bürger
1258 1364 45 22 der

713 1401 158 27 Hauptstadt
892 1399 163 27 empfangen.

744 1439 48 22 Die
822 1437 122 23 üblichen
974 1433 252 29 Begrüßungsworte
1257 1437 46 16 vor

712 1469 46 22 der
778 1467 190 28 aufgehängten
988 1463 201 29 Europa-Fahne
1207 1461 98 28 spricht

714 1499 66 22 Herr
801 1496 135 23 Hamilius.
958 1496 33 22 Er
1012 1495 62 22 hebt
1095 1493 41 23 die
1163 1490 141 28 unermüd-

1327 355 66 22 liche
1417 355 129 25 Tätigkeit
1575 355 44 20 des
1651 355 198 18 Konterenziers
1879 356 35 16 im

1325 385 106 22 Dienste
1455 384 45 22 der
1524 382 260 27 Europa-Bewegung
1814 381 100 26 hervor,

1328 413 183 24 unterstreicht
1530 413 79 22 deren
1630 412 152 26 Bedeutung
1803 410 42 22 für
1866 410 49 22 den

1328 444 154 22 Neuaufbau
1507 449 90 16 unsers
1628 440 287 27 zusammengebroche-

1328 480 49 16 nen
1394 472 155 23 Kontinents
1566 472 52 22 und
1636 471 69 22 einer
1722 470 59 22 sehr
1798 469 118 22 kranken

1329 503 72 26 Welt,
1433 502 145 27 verspricht
1609 501 40 22 die
1681 500 113 22 Mithilfe
1827 506 89 16 unsers

1328 532 104 23 kleinen
1450 531 99 22 Landes
1567 538 33 15 an
1617 530 98 22 diesem
1731 530 97 22 hehren
1846 529 70 22 Wer-

1329 563 32 22 ke
1377 562 53 22 und
1446 562 82 22 trinkt
1546 560 181 23 abschließend
1744 559 45 22 auf
1805 559 41 22 die
1862 558 54 22 bal-

1329 592 58 27 dige
1401 590 225 27 Verwirklichung
1639 590 142 25 desselben,
1795 589 23 22 d.
1834 589 22 22 h.
1872 589 45 21 auf

1330 623 49 22 den
1395 622 116 22 Frieden.

1359 651 81 22 Henri
1457 651 100 25 Frenay
1573 650 81 22 dankt
1672 650 26 21 in
1715 654 114 16 warmen
1846 647 71 22 Wor-

1330 683 43 21 ten
1390 681 42 22 für
1448 681 50 22 den
1517 679 145 22 herzlichen
1680 679 127 26 Empfang
1824 677 26 22 in
1867 678 49 22 Lu-

1329 712 133 25 xemburg.
1480 711 28 21 In
1527 710 88 22 seinen
1633 706 190 27 Ausführungen
1839 706 79 27 weist

1330 747 27 16 er
1372 739 93 22 darauf
1482 739 50 26 hin,
1550 739 50 22 daß
1616 745 27 15 es
1659 738 26 22 in
1700 738 45 21 der
1761 736 157 27 Hauptstadt

1330 776 89 16 unsers
1435 769 99 22 Landes
1551 774 123 21 gewesen,
1691 773 40 16 wo
1748 767 41 22 die
1805 767 112 27 Europa-

1330 800 147 26 Bewegung
1495 805 44 16 aus
1557 799 44 22 der
1618 797 81 22 Taufe
1718 796 115 27 gehoben
1851 802 66 16 wur-

1329 830 39 22 de.
1385 829 32 22 Er
1435 828 89 22 erhebt
1540 828 54 22 sein
1611 823 61 26 Glas
1688 827 44 22 auf
1749 826 41 22 die
1805 825 113 27 gemein-

1330 866 69 16 same
1418 856 238 23 Zusammenarbeit
1674 855 63 22 aller
1755 855 130 27 Europäer
1895 861 23 16 u.

1334 889 44 22 auf
1412 888 56 22 eine
1501 887 145 27 glückliche
1679 885 115 22 Zukunft
1828 891 89 15 unsers

1330 918 107 22 Landes.

1361 948 66 22 Herr
1446 946 99 22 Arthur
1565 945 116 26 Calteux,
1703 944 35 22 im
1757 944 98 22 Namen
1876 944 44 22 des

1331 977 197 26 Nationalrates,
1553 975 55 22 hält
1632 974 100 26 darauf,
1757 972 162 27 Bürgermei-

1330 1008 54 22 ster
1403 1005 127 23 Hamilius
1551 1005 49 22 den
1622 1004 75 22 Dank
1717 1004 45 22 der
1783 1003 137 27 Organisa-

1331 1037 72 22 toren
1425 1036 46 22 der
1495 1034 182 27 Europa-Tage
1699 1033 43 22 für
1772 1032 40 22 die
1842 1032 77 22 wirk-

1330 1072 71 16 same
1419 1065 113 22 Mithilfe
1550 1064 52 22 und
1618 1063 41 22 die
1677 1062 78 27 große
1773 1061 147 22 Unterstüt-

1331 1100 66 22 zung
1414 1093 211 27 auszusprechen,
1641 1093 42 22 die
1700 1092 36 23 sie
1751 1092 43 22 bei
1810 1091 110 27 Bürger-

1330 1125 104 22 meister
1454 1124 53 22 und
1526 1121 237 27 Stadtverwaltung
1783 1120 137 27 gefunden.

1369 1176 52 22 Der
1439 1176 78 27 große
1536 1176 92 21 Abend
1645 1174 35 22 im
1700 1173 175 22 Stadttheater

1362 1220 58 22 Alle
1441 1220 211 27 Befürchtungen
1672 1218 65 22 aller
1756 1217 165 22 Pessimisten

1320 1247 118 27 wurden
1468 1249 144 27 angenehm
1644 1247 152 26 enttäuscht,
1827 1245 94 28 gleich-

1330 1280 61 23 falls
1411 1280 62 27 aber
1493 1279 67 22 auch
1579 1279 50 22 alle
1651 1278 187 25 Erwartungen
1857 1275 65 22 aller

1332 1303 162 33 Optimisten.
1513 1308 86 27 Lange
1617 1308 78 22 schon
1713 1308 80 22 bevor
1810 1305 54 23 sich
1881 1305 41 22 die

1332 1340 64 22 Tore
1419 1339 46 22 des
1487 1338 190 22 Stadttheaters
1700 1336 116 22 öffneten
1847 1335 76 23 stand

1332 1375 60 16 man
1412 1368 155 27 “Schlange"
1584 1367 54 22 und
1656 1372 44 22 gar
1717 1365 61 23 bald
1798 1364 80 27 zeigte
1896 1370 26 16 es

1332 1399 60 26 sich,
1411 1398 49 22 daß
1475 1398 46 22 das
1538 1397 70 22 Haus
1624 1403 31 16 zu
1670 1396 70 22 klein
1756 1395 54 23 sein
1825 1394 97 26 würde,

1335 1435 42 16 um
1402 1428 50 22 alle
1476 1425 274 24 Konferenzbesucher
1775 1431 30 16 zu
1829 1424 93 22 fassen.

1333 1459 60 21 Fast
1409 1457 50 22 alle
1476 1455 306 29 Regierungsmitglieder
1800 1460 43 16 um
1860 1453 62 22 Hrn.

1333 1487 204 23 Staatsminister
1554 1486 116 27 Dupong,
1689 1485 77 22 Melle
1784 1484 138 27 Campana,

1940 202 178 27 Legationsrat
2153 202 46 22 der
2243 199 191 23 französischen
2479 198 83 22 Ge-

1941 231 160 24 sandtschaft
2115 231 27 22 in
2158 231 156 27 Vertretung
2330 230 44 22 des
2390 228 138 27 Ministers,

1933 261 74 22 Herr
2030 260 261 26 Bischof-Koadjutor
2313 258 122 27 Lommel,
2457 258 71 22 Hun-
2556 256 6 21 ]

1943 291 71 22 derte
2032 297 22 16 u.
2073 289 198 23 Aberhunderte
2288 295 47 16 aus
2352 288 68 22 allen
2437 287 92 22 Volks-

1943 320 109 26 klassen,
2072 320 124 22 darunter
2276 317 168 23 erfreuliches
2473 316 55 22 Zei-

1943 350 77 22 chen
2089 348 138 27 ungemein
2256 347 66 22 viele
2353 345 176 27 Jugendliche,

1943 380 88 22 hatten
2048 379 55 22 sich
2121 377 179 27 eingefunden,
2319 376 37 22 als
2373 381 92 16 unsere
2482 375 48 22 Mi-

1944 408 162 27 litärkapelle
2125 408 75 22 unter
2216 408 53 26 der,
2286 406 49 22 wie
2353 406 98 25 immer,
2468 404 62 22 mei-

1944 438 142 23 sterhaften
2116 437 110 27 Leitung
2255 442 50 16 von
2344 435 188 22 Oberleutnant

1944 468 91 22 Albert
2048 467 87 22 Thorn
2149 467 45 22 das
2211 464 195 28 symphonische
2422 463 110 22 Gedicht

1945 497 27 22 0.
1993 496 134 27 Respighis
2148 496 62 25 "Les
2230 495 136 22 Fontaines
2386 494 31 22 de
2438 488 125 29 Rome"

1945 528 26 22 in
1972 527 97 29 selten
2087 525 119 27 gehörter
2221 524 163 26 Vollendung
2401 523 37 22 als
2454 523 77 22 musi-

1945 553 113 26 kalische
2080 555 146 27 Einleitung
2247 554 140 22 aufführte.

1976 595 32 22 Es
2027 599 55 16 war
2103 592 44 22 der
2168 593 66 21 erste
2255 590 77 27 große
2353 590 115 27 Applaus
2488 590 44 22 des

1948 623 109 26 Abends,
2077 623 45 22 der
2142 621 81 22 durch
2243 621 49 22 den
2312 620 61 22 Saal
2391 619 126 22 rauschte.

2123 673 234 26 Preiseverteilung

2040 711 33 15 an
2092 704 41 22 die
2153 701 287 28 "Europa-Laureaten"

1975 728 68 43 Herr
2065 748 117 22 Minister
2204 747 102 22 Nicolas
2328 745 206 25 Braunshausen,

1947 778 118 27 Mitglied
2087 778 44 22 des
2155 777 196 26 Nationalrates,
2374 775 160 22 verkündete

1946 808 103 22 hierauf
2065 808 45 22 das
2127 806 123 27 Ergebnis
2268 806 43 22 des
2327 811 60 16 vom
2403 804 131 22 National-

1947 839 40 21 rat
2005 837 185 27 organisierten
2208 834 268 23 Preisausschreibens
2493 833 43 22 für

1948 867 40 22 die
2009 868 89 21 besten
2119 866 182 27 eingesandten
2320 864 125 22 Arbeiten
2473 863 63 22 über

1946 898 46 22 das
2011 897 96 22 Thema
2125 896 46 22 der
2190 894 209 27 Notwendigkeit
2417 894 44 22 des
2487 893 49 22 Zu-

1947 927 226 23 standekommens
2198 925 69 22 eines
2298 922 238 23 foederalistischen

1949 957 107 27 Europa.
2077 956 27 22 37
2126 955 125 22 Arbeiten
2270 960 50 16 von
2349 951 187 28 Jugendlichen

1947 985 125 23 beiderlei
2092 984 165 23 Geschlechts
2279 989 105 16 unserer
2405 982 131 22 Mittleren

1949 1016 197 22 Lehranstalten
2165 1020 87 16 waren
2270 1012 171 27 eingelaufen.

1979 1053 62 22 Hier
2059 1052 46 22 das
2131 1051 116 22 Resultat
2274 1050 44 22 des
2336 1049 201 22 Wettbewerbes

1949 1082 53 22 und
2024 1082 42 22 die
2089 1081 98 22 Namen
2210 1080 45 22 der
2279 1079 163 27 glücklichen
2472 1078 65 22 Lau-

1949 1112 95 25 reaten,
2068 1111 82 21 denen
2173 1109 44 22 auf
2239 1109 101 22 offener
2362 1108 91 22 Bühne
2482 1108 55 22 ihre

1949 1141 87 22 Preise
2065 1141 75 21 unter
2170 1139 58 22 dem
2246 1138 104 22 'Beifall
2377 1138 44 22 des
2450 1137 88 22 Saales

1949 1169 148 23 überreicht
2115 1169 93 22 wurden

1952 1208 18 21 1.
1987 1206 64 22 Preis

1989 1244 25 22 F.
2033 1243 105 26 Becker,
2159 1242 165 26 Niedercorn,
2344 1241 57 23 1500
2420 1241 39 22 Fr.

1950 1274 20 22 2.
1988 1273 63 22 Preis

1989 1303 70 22 Arm.
2076 1302 152 26 Blaschette,
2246 1300 162 27 Ehleringen,
2426 1299 57 22 1000
2499 1299 39 22 Fr.

1951 1333 20 21 3.
1988 1331 64 22 Preis

1990 1361 77 27 Egide
2087 1361 120 27 Hentges,
2226 1359 148 28 Oetringen,
2392 1359 43 22 750
2454 1358 39 22 Fr.

1951 1391 20 22 4.
1988 1391 64 23 Preis

1990 1421 98 22 Arthur
2105 1420 100 26 Biever,
2225 1419 147 27 Oetringen,
2391 1418 43 23 500
2453 1419 38 22 Fr.

1952 1452 20 22 5.
1989 1450 63 22 Preis

1990 1479 147 22 Rosemarie
2158 1479 109 27 Kieffer,
2287 1478 98 27 Luxbg.
2407 1478 43 22 500
2470 1477 39 22 Fr.

816 1645 84 66 Um
936 1623 96 86 das
1065 1640 226 65 Thema:
1339 1583 550 113 Defense
1940 1574 504 116 Sociale

743 1746 49 21 Am
808 1745 34 21 31.
858 1745 97 20 Januar
971 1742 55 21 1950
1043 1739 115 22 erschien
1173 1739 41 20 ein
1231 1736 74 26 groß-

713 1774 171 27 herzoglicher
906 1770 132 25 Beschluß,
1061 1769 44 22 der
1127 1768 39 21 die
1190 1766 115 26 ,defense

715 1804 104 22 sociale"
851 1803 26 21 in
908 1806 93 16 unsern
1025 1797 198 23 Strafanstalten
1254 1794 51 22 und

714 1832 254 26 Erziehungsheimen
988 1828 86 26 regelt.
1110 1827 49 21 Der
1181 1822 123 23 Beschluß

715 1863 65 22 sieht
795 1862 42 21 für
852 1861 38 21 die
907 1856 212 24 entscheidenden
1135 1854 171 22 Maßnahmen

715 1893 66 21 beim
805 1889 116 27 "Institut
944 1888 29 24 de
998 1886 102 22 defense
1123 1883 103 22 sociale"
1251 1882 55 20 eine

714 1921 171 22 Kommission
904 1923 52 19 vor,
976 1916 39 21 die
1034 1914 99 22 besteht
1160 1918 44 15 aus
1224 1911 82 21 einem

715 1947 271 29 Regierungsvertreter,
1051 1943 132 21 mehreren
1224 1940 82 21 hohen

716 1978 277 27 Magistratspersonen,
1032 1972 121 22 darunter
1181 1971 43 20 Hr.
1243 1968 63 22 Paul

714 2009 88 24 Faber,
829 2005 133 22 Präsident
990 2003 44 22 der
1055 2002 81 26 "Cour
1156 1998 150 27 Superieure

715 2038 31 22 de
764 2036 116 25 Justice",
900 2035 49 21 den
967 2032 76 22 Chefs
1062 2031 43 22 des
1124 2027 182 23 administrati-

717 2073 48 16 ven
782 2065 140 24 Personals,
942 2063 75 21 sowie
1037 2061 56 21 dem
1114 2056 193 27 Gefängnisarzt

715 2096 52 22 und
786 2096 57 21 dem
862 2089 295 28 Gefängnisgeistlichen.

744 2134 50 20 Das
818 2131 154 22 Strafwesen
1004 2125 145 24 entwickelt
1180 2123 52 22 sich
1262 2122 44 21 be-

717 2161 98 26 ständig
825 2161 42 26 im
882 2158 81 23 Laufe
978 2153 217 29 der-Geschichte.
1212 2153 38 21 Zu
1264 2155 42 21 ge-

716 2188 93 24 wissen
825 2188 93 24 Zeiten
937 2186 64 22 wird
1023 2181 25 24 es
1071 2182 165 27 gründlichen
1250 2177 57 23 'Re-

716 2221 99 21 formen
833 2219 160 22 unterzogen.
1011 2215 45 20 Die
1075 2219 50 15 von
1144 2212 44 21 der
1207 2209 99 22 franzö-

717 2249 98 22 sischen
839 2246 151 22 Revoldtion
1014 2243 52 22 und
1089 2240 129 27 Napoleon
1242 2238 65 22 voll-

713 2283 94 22 zogene
831 2274 164 22 Großreform
1016 2272 45 26 gilt
1082 2271 75 21 heute
1178 2270 29 20 in
1225 2268 82 22 vielen

717 2305 97 27 Dingen
838 2305 36 21 als
897 2302 114 22 veraltet.
1036 2302 38 21 Im
1096 2297 158 27 Augenblick
1276 2297 32 21 ist

717 2336 39 22 die
773 2335 88 22 Praxis
880 2333 42 22 des
939 2330 167 22 Strafwesens
1124 2328 44 21 der
1184 2325 124 26 Legalität

717 2363 175 27 vorausgeeilt.
910 2362 60 21 Eine
987 2360 48 22 Art
1052 2357 110 29 Zustand
1176 2354 90 30 7,apres
1284 2354 24 21 la

717 2393 66 22 mort
801 2394 25 20 et
844 2392 77 22 avant
938 2390 24 21 la
979 2384 152 27 naissance",
1148 2391 43 15 um
1209 2381 46 24 mit
1272 2384 35 21 ei-

717 2429 57 15 nem
794 2421 139 22 keltischen
952 2418 100 22 Barden
1071 2421 30 16 zn
1119 2415 84 22 reden.
1222 2413 87 21 Dieser

717 2451 112 22 Zustand
847 2449 114 22 existiert
977 2448 26 21 in
1020 2446 48 22 den
1084 2442 225 24 Nachbarländern

718 2486 81 22 genau
819 2480 48 21 wie
887 2479 40 21 bei
947 2483 78 22 uns,
1027 2475 65 22 und
1120 2479 27 15 er
1167 2473 44 21 hat
1231 2472 78 21 etwas

719 2509 182 22 Bedenkliches
916 2513 33 15 an
963 2504 58 26 sich,
1037 2505 31 21 da
1083 2509 26 15 so
1124 2501 126 23 eventuell
1265 2500 44 22 der

718 2539 107 22 Willkür
842 2534 206 28 sperrangelweit
1065 2533 51 21 Tür
1132 2531 52 22 und
1200 2531 49 20 Tor
1266 2534 43 21 ge-

718 2568 82 22 öffnet
821 2566 102 22 werden
944 2564 100 22 könnte.

748 2598 43 20 Hr.
801 2594 112 23 'Attache
928 2593 97 25 Weiler,
1040 2592 44 21 der
1093 2591 25 21 in
1127 2588 182 23 obenerwähn-

717 2628 38 21 ter
786 2624 171 22 Kommission
987 2622 44 22 das
1061 2617 248 24 Justizministerium

718 2655 109 25 vertritt,
860 2653 96 22 zitierte
988 2656 47 16 uns
1059 2650 55 21 eine
1138 2646 172 23 holländische

719 2683 102 25 Schrift,
840 2683 25 21 in
884 2682 44 22 der
946 2679 150 27 festgestellt
1114 2677 70 25 wird,
1203 2676 48 22 daß
1270 2675 39 22 die

719 2711 235 27 augenblicklichen
978 2709 136 22 Reformen
1138 2706 44 22 der
1207 2705 103 22 formel-

1333 1735 42 21 len
1391 1733 161 27 juristischen
1568 1732 71 21 Basis
1655 1730 138 22 entbehren
1809 1728 51 22 und
1876 1728 79 22 daß

1334 1763 49 22 den
1399 1761 189 22 ausführenden
1605 1761 118 24 Organen
1740 1758 183 22 vollkommene

1334 1792 110 22 Freiheit
1463 1791 114 21 belassen
1595 1789 71 22 wird.

1363 1822 44 21 Die
1424 1820 136 22 Reformen
1575 1820 25 20 in
1617 1819 48 21 den
1680 1816 162 22 zivilisierten
1857 1816 66 21 Län-

1336 1850 61 21 dern
1424 1849 150 25 inspirieren
1601 1848 52 21 sich
1678 1846 89 26 jedoch
1793 1851 49 15 von
1868 1844 87 22 dem

1334 1879 100 25 Prinzip
1463 1878 68 21 eines
1560 1877 131 22 stärkeren
1718 1875 122 26 Respekts
1882 1874 44 21 der

1334 1907 187 22 menschlichen
1546 1905 199 22 Persönlichkeit
1769 1904 51 22 und
1846 1903 80 26 gehen

1335 1943 49 16 von
1402 1937 44 21 der
1463 1936 152 21 Erkenntnis
1632 1940 52 19 aus,
1701 1933 48 22 daß
1767 1933 39 21 die
1822 1932 132 21 Reform

1335 1965 46 22 des
1397 1965 168 22 Strafwesens
1583 1970 49 16 von
1651 1964 48 21 den
1716 1962 148 21 Resultaten
1882 1961 44 21 der

1335 1994 187 25 Wissenschaft,
1539 1993 44 21 der
1598 1992 221 24 Biokriminologie
1837 1994 88 21 ausge-

1335 2025 49 21 hen
1405 2023 66 22 muß.
1514 2022 143 25 Allerdings
1688 2020 56 22 darf
1772 2026 59 15 man
1853 2020 73 21 dabei

1336 2054 69 21 nicht
1438 2052 149 25 übersehen,
1622 2050 48 22 daß
1706 2048 220 25 Biokriminologie

1335 2082 65 21 noch
1417 2082 55 21 eine
1489 2081 91 21 relativ
1596 2081 77 25 junge
1690 2078 180 22 Wissenschaft
1888 2078 38 21 ist.

1365 2112 28 20 In
1409 2111 117 21 Ländern
1543 2110 47 21 wie
1607 2109 139 22 Schweden
1764 2108 51 21 und
1833 2107 48 22 den
1897 2107 29 20 U.

1336 2142 23 21 S.
1375 2142 37 24 A.,
1430 2141 39 21 die
1486 2140 69 21 nicht
1572 2145 58 15 vom
1646 2139 92 23 Kriege
1755 2136 172 26 heimgesucht

1336 2170 104 22 wurden
1460 2170 47 21 wie
1527 2169 53 25 wir,
1599 2169 33 20 ist
1651 2168 40 22 die
1710 2166 149 27 gesetzliche
1877 2165 49 20 Re-

1336 2200 66 21 form
1439 2199 43 21 des
1505 2197 168 22 Strafwesens
1717 2196 93 22 bereits
1839 2194 88 22 weiter

1336 2227 246 26 fortgeschritten..
1597 2227 87 26 Unsere
1692 2224 166 26 Gesetzgeber
1881 2223 46 21 ha-

1335 2258 49 22 ben
1402 2257 159 24 einstweilen
1580 2256 64 21 noch
1664 2255 55 26 eine
1740 2253 96 24 Anzahl
1857 2252 70 21 drin-

1336 2283 107 28 gendere
1467 2286 101 24 Sorgen.
1590 2281 45 25 Die
1657 2283 80 25 legale
1759 2279 104 24 Reform
1884 2279 51 23 des

1331 2312 172 27 7S,träfwesens
1526 2314 96 21 kommt
1645 2313 51 21 also
1718 2310 46 22 der
1787 2307 140 25 effektiven

1336 2345 103 21 Reform
1459 2341 217 26 nachgehumpelt,
1697 2346 40 16 an
1750 2341 51 21 sich
1821 2340 41 21 ein
1881 2339 46 24 hy-

1337 2372 85 22 brider
1455 2369 117 27 Zustand,
1609 2371 57 21 der
1685 2370 96 21 nicht
1783 2368 145 24 allzulange

1337 2403 104 21 währen
1460 2401 92 22 dürfte.

1366 2432 69 21 Doch
1473 2431 39 21 die
1543 2429 143 26 praktische
1717 2428 103 21 Reform
1852 2426 77 22 selbst

1337 2461 93 21 konnte
1460 2460 66 21 wohl
1557 2459 69 21 nicht
1649 2458 71 21 mehr
1744 2456 185 26 aufgeschoben

1337 2490 109 25 werden,
1463 2489 102 21 wollten
1582 2489 46 20 wir
1645 2487 70 21 nicht
1731 2487 25 20 in
1773 2485 44 22 das
1835 2484 93 22 schiefe

1340 2519 72 21 Licht
1453 2518 44 21 der
1538 2516 226 25 Rückständigkeit
1805 2515 123 20 kommen.

1337 2548 132 22 Praktisch
1500 2547 32 21 ist
1554 2551 76 16 unser
1651 2545 155 22 Strafwesen
1837 2543 92 22 bereits

1338 2583 55 16 zum
1415 2577 53 21 Teil
1490 2576 144 22 reformiert
1654 2574 66 21 nach
1741 2573 187 22 anerkennens-

1338 2606 95 21 werten
1457 2605 196 25 Auffassungen.
1679 2603 49 21 Für
1753 2602 39 21 die
1816 2601 113 22 Ausfüh-

1339 2639 64 21 rung
1421 2634 92 22 wollen
1531 2634 46 20 wir
1596 2633 48 21 den
1664 2631 205 22 exekutierenden
1885 2631 44 22 In-

1340 2666 102 22 stanzen
1457 2668 76 20 gerne
1549 2663 48 21 den
1612 2661 89 22 Kredit
1717 2661 43 21 des
1777 2661 153 21 Vertrauens

1339 2694 141 26 gewähren,
1498 2693 44 21 der
1558 2692 65 21 noch
1640 2692 89 20 immer
1746 2689 55 22 eine
1820 2689 110 22 Ermüti-

1339 2727 66 21 gung
1430 2727 60 19 war,
1517 2722 44 21 das
1586 2719 245 25 menschenmöglich
1857 2718 73 21 Beste

1340 2758 29 16 zu
1386 2752 53 21 tun.
1458 2751 70 21 Doch
1546 2750 33 21 ist
1596 2755 26 15 es
1641 2748 220 24 wünschenswert,
1882 2746 48 22 daß

1340 2782 38 21 die
1402 2780 124 25 Legalität
1549 2779 70 21 nicht
1642 2777 126 22 allzuweit
1790 2777 139 21 nachhum-

1341 2810 62 25 pele.

1369 2876 46 20 Die
1438 2874 103 21 Reform
1566 2873 43 21 des
1633 2871 168 22 Strafwesens
1826 2871 105 25 drängte

1341 2904 52 21 sich
1408 2904 51 25 auf,
1472 2909 63 16 neue
1550 2903 165 23 Hoffnungen
1728 2900 51 22 und
1794 2899 138 22 Praktiken

1340 2932 105 22 wurden
1467 2932 76 25 nötig,
1564 2932 57 21 weil
1643 2931 39 21 die
1705 2930 103 21 frühere
1829 2929 102 21 Bestra-

1341 2963 61 24 fung
1421 2962 53 21 sich
1488 2961 76 21 meist
1581 2960 37 21 als
1636 2959 84 21 sterile
1738 2959 136 24 Handlung
1891 2963 40 16 er-

1341 2992 67 21 wies.
1445 2991 29 20 In
1496 2990 48 21 den
1565 2995 82 16 neuen
1669 2987 190 25 Auffassungen
1881 2987 51 21 und

1341 3014 138 28 Praktiken
1496 3019 64 22 wird
1575 3019 71 21 mehr
1664 3017 114 22 Gewicht
1794 3017 36 20 als
1848 3016 84 21 bisher

1342 3049 44 22 auf
1408 3049 48 21 den
1477 3048 93 21 Faktor
1591 3047 104 22 Mensch
1717 3047 89 25 gelegt.

1370 3080 50 20 Das
1445 3078 154 22 Strafwesen
1623 3076 52 21 will
1700 3075 48 21 den
1772 3075 92 21 Schutz
1889 3074 43 22 der

1343 3107 168 22 Gesellschaft
1527 3106 51 21 und
1595 3105 71 21 sucht
1684 3104 52 21 dies
1754 3104 44 20 auf
1814 3104 60 20 drei
1889 3104 44 20 We-

1342 3142 47 21 gen
1415 3143 29 15 zu
1469 3136 139 22 erreichen:
1642 3132 81 23 durch
1753 3133 180 24 Intimidation,

1345 3166 160 22 Elimination
1532 3165 51 21 und
1610 3165 141 22 Besserung
1777 3163 43 21 des
1846 3163 86 20 Delin-

1343 3197 116 25 quenten.
1481 3195 45 21 Die
1548 3200 81 15 neuen
1651 3192 191 24 Auffassungen
1862 3191 71 21 beto-

1343 3231 49 15 nen
1412 3224 98 21 stärker
1529 3224 36 21 als
1584 3223 88 21 früher
1692 3221 49 22 den
1758 3221 111 25 Respekt
1888 3226 45 15 vor

1345 3255 44 21 der
1413 3253 92 21 Würde
1539 3252 44 21 der
1615 3251 187 22 menschlichen
1826 3250 108 21 Persön-

1343 3283 110 22 lichkeit.
1475 3283 32 20 So
1529 3281 111 21 schwebt
1660 3279 70 21 nicht
1750 3285 49 17 nur
1820 3279 39 22 die
1882 3279 52 21 Ab-

1345 3313 133 24 schaffung
1501 3311 44 22 der
1567 3309 160 22 Todesstrafe
1750 3308 36 21 als
1809 3308 51 21 Ziel
1882 3313 51 18 vor,

1345 3341 107 22 sondern
1475 3346 22 15 u.
1522 3346 20 15 a.
1566 3340 39 21 die
1627 3338 147 25 möglichste
1797 3337 137 21 Ausschal-

1344 3372 62 23 tung
1427 3370 44 21 der
1490 3368 129 24 Ranküne,
1642 3367 64 21 auch
1727 3367 44 20 der
1792 3366 143 24 bisherigen

1345 3399 187 22 Promiskuität.
1572 3397 57 21 Und
1669 3395 39 22 die
1736 3395 115 21 Urheber
1879 3401 56 15 zum

1346 3429 127 20 Besseren.
1491 3428 49 20 Der
1557 3425 152 26 Delinquent
1727 3424 45 21 soll
1790 3430 57 15 zum
1864 3424 71 24 "bes-

1346 3463 71 16 seren
1438 3456 149 22 Menschen"
1609 3454 108 24 werden,
1738 3454 22 20 d.
1781 3454 23 20 h.
1825 3453 48 21 den
1893 3453 42 20 In-

1331 3486 171 82 adaptierten
1528 3485 45 20 soll
1598 3484 38 21 die
1661 3484 152 24 Anpassung
1836 3488 32 15 an
1892 3481 44 22 das

1347 3516 89 21 soziale
1452 3515 83 20 Leben
1554 3512 149 24 erleichtert,
1722 3512 60 20 statt
1800 3511 137 20 erschwert

1331 3505 122 64 werden.
1486 3542 182 25 (Bedauerlich,
1700 3540 48 22 daß
1772 3540 64 21 noch
1867 3540 69 20 nicht

1346 3572 226 23 wissenschaftlich
1595 3576 81 24 genau
1700 3570 124 23 feststeht,
1848 3569 88 21 inwie-

1346 3603 59 21 weit
1425 3601 142 22 kriminelle
1589 3599 146 26 Neigungen
1756 3598 96 22 erblich
1873 3597 62 25 sind,

1347 3632 52 21 also
1418 3632 25 20 in
1461 3630 47 21 den
1528 3630 87 21 Genen
1633 3628 44 21 der
1695 3627 177 21 Chromosome
1893 3627 44 21 der

1347 3660 107 21 Eizellen
1475 3659 143 21 verankert.
1640 3657 44 21 Die
1707 3656 151 25 Forschung,
1880 3661 55 19 spe-

1347 3689 55 21 ziell
1426 3689 44 20 das
1493 3687 160 22 Beobachten
1676 3686 43 21 des
1743 3686 107 20 sozialen
1873 3685 63 44 Ver-
1949 3672 5 37 l

1347 3719 99 20 haltens
1470 3717 44 21 der
1537 3715 196 23 verschiedenen
1757 3715 79 20 Arten
1861 3710 93 24 Zwil-

1347 3749 73 23 linge,
1444 3745 93 22 schafft
1559 3746 115 23 langsam
1696 3743 63 21 auch
1783 3743 54 20 hier
1859 3743 77 20 etwas

1348 3776 131 24 Klarheit.)

1377 3805 44 21 Die
1438 3804 121 25 "Defense
1576 3802 103 22 sociale"
1697 3801 64 21 sieht
1777 3801 39 21 die
1832 3801 104 21 Zusam-

1348 3833 139 22 menarbeit
1507 3838 49 15 von
1576 3831 98 25 Polizei,
1695 3830 171 25 Magistratur,
1888 3829 49 21 Ge-

1349 3863 99 25 fängnis
1470 3862 51 21 und
1542 3861 143 23 Patronage-
1703 3865 52 15 vor.
1778 3859 49 21 Der
1849 3858 89 22 Zweck

1349 3892 44 21 der
1413 3891 129 21 einzelnen
1565 3889 131 22 Branchen
1719 3888 45 20 soll
1786 3887 90 25 richtig
1897 3892 40 15 er-

1348 3921 80 20 kannt
1456 3920 108 24 werden,
1606 3917 48 22 daß
1689 3917 26 20 in
1744 3917 194 24 gemeinsamem

1349 3950 106 21 Streben
1474 3949 99 20 bessere
1592 3947 128 21 Resultate
1740 3946 36 20 als
1795 3945 84 21 bisher
1898 3950 39 16 er-

1350 3979 57 21 zielt
1427 3977 108 22 werden.

1379 4008 56 20 Was
1456 4007 46 20 wir
1524 4012 45 15 vor
1590 4006 56 21 dem
1667 4004 77 24 Krieg
1765 4003 94 23 hatten,
1880 4008 58 15 ver-

1351 4036 118 22 schwand
1496 4035 36 21 als
1551 4034 122 22 überlebt.
1706 4032 69 21 Doch
1801 4037 25 15 es
1847 4032 92 24 genügt

1350 4065 75 24 nicht,
1446 4064 47 22 daß
1513 4069 63 15 neue
1596 4061 207 24 Etablissemente
1823 4060 115 26 geschaf-

1351 4095 43 20 fen
1413 4093 111 24 werden;
1544 4092 123 21 Dreiborn
1686 4091 51 21 und
1757 4090 93 21 Feulen
1869 4090 70 20 lösen

1351 4124 44 21 das
1414 4122 116 21 Problem
1551 4121 63 21 noch
1634 4120 75 21 nicht.
1728 4119 31 20 Es
1780 4119 95 21 kommt
1896 4118 44 21 auf

1352 4152 70 22 Geist
1442 4151 51 21 und
1514 4150 102 22 Wirken
1636 4155 38 15 an.
1715 4147 127 25 Dringend
1871 4147 68 24 nötig

1352 4181 60 21 aber
1430 4180 67 21 wäre
1515 4185 45 15 vor
1578 4179 74 21 allem
1670 4178 39 22 die
1728 4178 149 24 Anpassung
1896 4176 43 21 der

1352 4209 188 25 Gesetzgebung
1564 4214 32 15 an
1619 4207 38 21 die
1681 4213 82 15 neuen
1786 4206 153 21 Auffassun-

1352 4244 54 21 gen.
1429 4238 69 25 (Sind
1518 4237 66 21 diese
1606 4236 188 24 Auffassupgen
1816 4235 60 21 aber
1895 4234 44 21 be-

1352 4268 60 21 reits
1441 4268 46 20 mit
1518 4265 160 26 genügender
1700 4264 115 21 Klarheit
1844 4264 26 20 in
1893 4263 47 21 den

1352 4296 99 25 Köpfen
1475 4295 113 26 gereift?)

1382 4354 145 21 Immerhin:
1571 4353 46 20 wir
1639 4352 110 20 besitzen
1778 4351 93 21 bereits
1900 4351 40 21 ein

1354 4383 116 25 "Institut
1491 4382 30 21 de
1543 4381 102 22 defense
1667 4380 111 24 sociale",
1800 4381 55 20 eine
1877 4380 64 20 Zen-

1353 4412 71 24 trale,
1446 4412 25 19 in
1491 4411 43 21 der
1555 4416 75 16 unser
1651 4410 139 21 eminenter
1811 4408 131 26 Spezialist

1354 4441 43 21 der
1419 4439 227 27 Biokriminologie,
1667 4438 64 21 Herr
1751 4438 103 21 Armand
1872 4438 69 21 Mer-

1354 4474 47 21 gen
1418 4469 53 23 (der
1485 4467 162 22 bekanntlich
1662 4467 63 22 auch
1740 4467 55 20 eine
1810 4466 132 22 Professur

1354 4499 44 21 der
1420 4497 220 24 Biokriminologie
1668 4501 33 16 an
1722 4495 47 21 der
1787 4494 156 22 Universität

1356 4527 83 20 Mainz
1489 4525 167 25 bekleidet)
1672 4525 108 24 seine
1781 4524 161 24 vielseitigen

1357 4555 152 22 Kenntnisse
1542 4554 51 22 und
1619 4554 67 20 seine
1712 4547 179 31 Begeisterung
1917 4553 26 20 in

1356 4584 49 21 den
1419 4583 88 22 Dienst
1524 4583 44 22 der
1582 4583 77 25 guten
1674 4583 79 20 Sache
1771 4582 74 21 stellt.
1862 4582 27 24 In
1903 4582 40 24 ge-

1354 4613 151 21 meinsamer
1529 4611 89 22 Arbeit
1639 4611 48 22 mit
1711 4610 56 22 dem
1791 4610 151 24 Gefängnis-

1955 1727 50 22 arzt
2024 1726 50 22 und
2093 1726 57 22 dem
2170 1725 287 26 Gefängnisgeistlichen
2476 1722 83 27 sam-

1955 1755 58 22 melt
2043 1755 50 22 und
2125 1755 89 22 ordnet
2243 1761 27 15 er
2299 1754 156 22 methodisch
2478 1753 65 22 Auf-

1955 1784 108 21 schlüsse
2088 1784 62 21 über
2175 1784 39 21 die
2240 1783 163 22 individuelle
2429 1783 113 21 Charak-

1955 1813 209 26 terveranlagung
2186 1813 44 21 der
2249 1812 97 21 älteren
2367 1811 51 22 und
2439 1811 44 22 der
2502 1812 40 24 ju-

1955 1843 146 25 gendlichen
2121 1842 192 25 Delinquenten.

1982 1872 31 20 Es
2029 1871 64 21 wird
2109 1876 175 21 ausgegangen
2299 1876 59 16 vom
2372 1871 106 25 Prinzip,
2495 1869 48 22 daß

1955 1901 67 21 nicht
2042 1900 44 21 der
2104 1900 146 24 Gefangene
2269 1899 31 22 da
2320 1900 31 21 ist
2370 1899 42 21 für
2429 1899 44 21 das
2494 1899 49 21 Ge-

1955 1930 105 25 fängnis,
2081 1925 109 26 sondern
2210 1929 44 21 das
2274 1928 138 26 Gefängnis
2434 1928 42 21 für
2496 1927 48 22 den

1955 1959 226 25 Strafgefangenen
2207 1958 123 22 erfunden
2355 1957 93 22 wurde.

1983 1988 44 20 Bei
2054 1993 46 15 uns
2122 1987 103 22 handelt
2252 1993 26 15 es
2305 1987 52 21 sich
2377 1987 166 25 glücklicher-

1955 2018 74 20 weise
2045 2023 48 15 nur
2109 2022 43 15 um
2167 2016 166 25 "prisonniers
2350 2015 29 21 de
2396 2015 65 21 droit
2477 2020 66 16 com-

1955 2047 409 21 mun".

1984 2076 28 20 In
2037 2075 131 22 normalen
2192 2075 86 21 Zeiten
2302 2074 55 21 sind
2382 2080 33 18 es,
2439 2073 38 22 bis
2501 2073 44 22 auf

1955 2104 170 24 Ausnahmen,
2145 2104 89 20 immer
2254 2103 133 24 dieselben,
2408 2103 38 21 die
2467 2102 79 22 durch

1955 2134 39 22 die
2014 2133 166 25 Gefängnisse
2198 2132 127 22 wandern.
2345 2131 54 22 Daß
2418 2131 127 22 dieselben

1957 2162 62 22 stets
2032 2160 226 27 wiederkommen,
2272 2159 54 22 dies
2339 2159 33 22 ist
2384 2159 161 23 bedenklich.

1984 2193 49 21 Das
2072 2192 116 25 "Institut
2233 2192 30 21 de
2300 2191 103 22 defense
2440 2191 104 21 sociale"

1955 2222 84 21 macht
2059 2222 66 20 seine
2142 2220 226 25 Untersuchungen
2388 2219 50 22 und
2457 2219 88 21 ordnet

1955 2246 44 26 der
2031 2250 156 21 Konklusion
2219 2249 183 25 entsprechend
2423 2248 50 21 die
2497 2249 48 20 Be-

1955 2279 141 25 handlung
2108 2285 38 15 an.
2191 2278 73 21 Dank
2287 2278 123 21 Givenich
2432 2278 33 20 ist
2488 2283 58 16 vom

1956 2308 141 24 strengsten
2117 2308 38 21 bis
2175 2313 56 15 zum
2250 2307 202 25 weitherzigsten
2471 2306 74 25 Regi-

1955 2343 40 16 me
2013 2337 55 25 jede
2087 2335 167 26 Behandlung
2271 2335 115 25 möglich.
2404 2335 45 20 Die
2468 2335 78 21 Kom-

1956 2367 103 20 mission
2076 2366 128 21 bestimmt
2223 2365 49 20 alle
2289 2364 127 21 Momente
2435 2363 44 22 der
2498 2364 48 20 Be-

1956 2396 129 24 handlung
2121 2394 51 22 und
2198 2394 43 21 des
2259 2394 148 24 Patronage.
2444 2393 104 20 Kommt

1957 2424 44 22 der
2020 2424 152 26 Delinquent
2190 2423 93 22 wieder
2302 2423 55 21 aufs
2379 2422 109 24 Gericht,
2506 2428 40 15 er-

1959 2451 55 22 hält
2033 2451 46 22 der
2099 2451 104 22 Richter
2225 2450 119 22 Einblick
2362 2449 27 22 in
2410 2449 54 22 sein
2484 2449 62 22 Dos-

1957 2484 55 20 sier.
2037 2483 44 21 Die
2104 2482 165 25 Behandlung
2293 2487 53 15 war
2368 2481 127 21 eventuell
2518 2486 29 15 zu

1957 2512 68 24 kurz,
2050 2517 43 15 um
2117 2512 48 21 den
2190 2511 179 25 gewünschten
2392 2510 86 25 Erfolg
2502 2510 46 20 ha-

1958 2541 48 20 ben
2022 2547 29 15 zu
2068 2540 107 21 können.
2192 2540 44 22 Die
2254 2540 130 26 "sentence
2401 2538 146 22 indetermi-

1957 2569 67 26 nee",
2047 2569 22 22 d.
2090 2570 22 20 h.
2135 2569 161 21 Elimination
2318 2568 38 21 bis
2377 2573 44 16 zur
2442 2567 106 25 endgül-

1958 2600 67 24 tigen
2044 2599 149 25 Besserung,
2211 2598 67 21 wäre
2297 2597 66 22 dann
2384 2597 38 21 die
2441 2597 107 24 Lösung.

1959 2628 60 20 Hier
2035 2628 33 21 ist
2084 2628 52 21 also
2153 2628 39 21 die
2211 2626 115 26 "defense
2344 2626 104 21 sociale"
2467 2626 81 21 stren-

1959 2661 43 21 ger
2020 2657 36 20 als
2075 2661 89 16 unsere
2182 2656 143 25 bisherigen
2344 2655 144 22 Praktiken.

1987 2723 31 20 Es
2037 2722 111 21 leuchtet
2166 2722 47 25 ein,
2231 2721 49 22 daß
2299 2721 39 21 bei
2357 2720 193 25 Psychopathen

1959 2751 73 24 (doch
2048 2751 39 21 die
2103 2750 202 24 allerwenigsten
2321 2749 228 24 Strafgefangenen

1960 2780 55 21 sind
2031 2779 60 25 dies)
2108 2779 51 22 und
2175 2779 39 21 bei
2230 2779 204 25 hartgesottenen
2450 2777 99 22 Recidi-

1959 2810 82 21 visten
2065 2809 39 21 die
2130 2809 131 24 "sentence
2286 2806 193 22 indeterminee"
2506 2807 44 21 das

1959 2838 152 25 Angezeigte
2126 2838 38 21 ist.
2182 2838 44 21 Bei
2243 2838 86 24 Typen
2346 2837 46 21 mit
2408 2836 141 21 krankhaf-

1959 2868 50 21 tem
2031 2866 111 22 Zustand
2163 2866 58 22 hilft
2241 2865 85 22 weder
2346 2865 204 24 Abschreckung,

1960 2897 64 20 noch
2041 2896 91 25 Strafe,
2149 2896 65 21 noch
2231 2895 173 24 Behandlung.
2423 2895 41 21 Sie
2481 2894 69 21 müs-

1960 2932 44 16 sen
2027 2932 44 15 aus
2096 2926 44 21 der
2164 2925 157 22 Zirkulation
2345 2923 198 22 verschwinden.

1990 2954 48 22 Die
2060 2952 119 27 “defense
2208 2952 108 22 sociale"
2346 2951 120 27 verlangt
2493 2949 58 22 eine

1960 2982 179 27 weitgehende
2154 2981 77 26 “mise
2248 2988 33 15 au
2297 2981 87 27 point"
2400 2981 45 21 der
2462 2980 89 23 Geset-

1960 3020 35 16 ze.
2017 3013 54 22 Wie
2092 3012 61 22 weit
2174 3012 45 22 der
2241 3011 171 27 Gesetzgeber
2433 3010 56 22 hier
2510 3010 41 22 die

1961 3043 138 22 Reformen
2118 3041 158 23 mitmachen
2294 3040 73 27 wird,
2386 3040 33 22 ist
2437 3040 35 22 im
2499 3039 52 22 Au-

1960 3072 121 27 genblick
2098 3071 72 22 nicht
2187 3070 176 22 bestimmbar.
2382 3070 51 22 Das
2451 3070 101 22 böseste

1961 3103 76 26 Haar,
2055 3102 45 22 das
2119 3101 26 22 in
2164 3101 44 22 der
2225 3101 87 26 Suppe
2330 3099 130 27 gefunden
2479 3098 72 27 wird,

1962 3132 33 22 ist
2017 3130 214 23 voraussichtlich
2261 3130 46 22 der
2337 3129 133 27 Umstand,
2501 3128 50 22 daß

1960 3163 46 21 das
2024 3161 169 22 Justizwesen
2210 3167 27 15 so
2254 3160 26 21 in
2297 3159 103 22 weitem
2418 3158 77 22 Maße
2511 3158 41 22 die

1961 3191 136 22 Kontrolle
2111 3191 82 22 durch
2208 3190 41 22 die
2266 3188 215 22 Oeffentlichkeit
2495 3194 56 16 ver-

1962 3221 81 22 lieren
2072 3220 71 22 wird.
2173 3219 48 22 Die
2249 3218 225 23 demokratischen
2502 3218 49 22 Ge-

1961 3251 132 26 setzgeber
2120 3249 98 22 sowohl
2242 3248 49 22 wie
2318 3247 41 22 die
2384 3247 168 26 Magistratur

1961 3280 81 22 selbst
2063 3279 93 27 neigen
2177 3279 42 22 bei
2240 3285 49 16 uns
2317 3284 30 15 zu
2375 3278 50 21 den
2456 3276 96 27 großen

1963 3309 154 27 Prinzipien,
2134 3308 99 22 welche
2252 3307 41 22 die
2312 3307 173 22 französische
2504 3307 48 22 Re-

1962 3339 116 22 volution
2098 3337 48 22 mit
2164 3338 46 22 der
2228 3337 138 26 Trennung
2386 3336 45 22 der
2451 3335 101 22 Gewal-

1963 3370 44 21 ten
2022 3368 35 22 im
2073 3368 169 22 Justizwesen
2257 3367 138 22 einführte.
2413 3365 50 22 Das
2479 3365 73 22 Prin-

1964 3398 47 27 zip,
2041 3397 40 22 die
2109 3396 110 22 Willkür
2249 3395 193 22 auszuschalten
2471 3394 82 22 durch

1964 3427 136 22 Kontrolle
2131 3427 44 21 der
2207 3424 214 23 Oeffentlichkeit
2450 3424 47 27 gilt
2526 3424 27 26 ja

1965 3456 138 27 eigentlich
2122 3462 49 15 nur
2192 3456 27 22 in
2239 3456 49 21 den
2308 3455 149 22 totalitären
2478 3453 75 27 Regi-

1963 3493 60 16 men
2041 3486 36 22 als
2095 3485 124 26 “veraltet
2236 3484 53 22 und
2305 3484 141 22 überlebt."

1996 3517 31 22 Es
2046 3515 71 22 heißt
2136 3516 54 22 also
2208 3514 42 22 die
2269 3514 55 22 sich
2341 3513 213 27 aufdrängenden

1965 3546 139 22 Reformen
2125 3544 186 27 durchführen,
2332 3543 66 22 doch
2419 3543 45 22 das
2487 3543 66 22 rich-

1965 3575 51 27 tige
2036 3574 62 22 Maß
2115 3574 97 22 finden.
2232 3573 75 22 Auch
2325 3572 42 22 die
2387 3572 167 22 zivilisierten

1965 3605 108 26 Länder,
2088 3604 42 22 bei
2144 3604 84 21 denen
2242 3603 87 22 bisher
2343 3601 148 27 praktische
2506 3602 48 22 Re-

1965 3634 68 22 form
2054 3633 55 22 und
2130 3633 157 27 Legislation
2311 3632 116 27 gleichen
2458 3631 97 22 Schritt

1965 3663 104 26 hielten,
2085 3663 82 26 geben
2181 3668 38 20 zu,
2234 3661 50 22 daß
2298 3661 72 22 nicht
2385 3661 92 22 immer
2491 3661 63 22 alles

1966 3693 78 22 leicht
2063 3693 33 22 ist
2114 3692 54 22 und
2186 3691 50 22 daß
2254 3697 61 16 man
2335 3691 66 22 noch
2420 3692 79 21 etwas
2519 3690 36 22 im

1965 3721 121 22 Dunkeln
2106 3721 80 27 tappt.

1996 3751 47 22 Die
2078 3750 180 27 Erfahrungen
2291 3750 47 22 der
2380 3749 174 23 Kommission

1967 3781 105 22 werden
2105 3780 129 27 übrigens,
2267 3779 81 22 daran
2381 3779 70 22 kann
2491 3778 60 22 kein

1967 3810 106 22 Zweifel
2094 3810 130 26 bestehen,
2246 3815 45 15 zur
2313 3808 77 26 "mise
2413 3815 33 16 au
2467 3807 87 27 point"

1967 3840 44 22 der
2042 3839 191 22 Gesetzestexte
2263 3837 150 22 wesentlich
2440 3837 114 22 nützlich

1966 3869 61 23 sein.

1997 3899 49 22 Mit
2064 3898 46 22 der
2130 3898 49 26 “loi
2197 3898 32 22 de
2248 3896 105 23 defense
2374 3896 107 22 sociale"
2501 3896 53 22 und

1965 3929 46 22 der
2035 3928 134 25 "sentence
2191 3925 200 23 indeterminee"
2413 3925 141 27 verlangen

1965 3958 42 22 die
2026 3957 115 22 Neuerer
2166 3955 254 22 Zusammenwirken
2445 3954 48 22 mit
2509 3955 45 22 der

1968 3986 154 27 "Education
2145 3985 151 23 Nationale"
2327 3985 54 22 und
2412 3984 143 27 Schaffung

1969 4017 69 22 einer
2060 4015 96 27 "police
2179 4014 147 27 feminine",
2349 4021 44 15 um
2422 4014 61 22 früh
2514 4014 40 22 die

1967 4046 194 27 Jugendlichen,
2180 4045 41 22 die
2239 4045 43 22 für
2298 4044 93 22 soziale
2412 4043 144 22 Sicherheit

1966 4075 144 28 gefährlich
2131 4075 63 26 sind,
2214 4080 31 15 zu
2264 4074 162 27 depistieren.

1998 4105 74 22 Auch
2099 4110 66 16 neue
2193 4103 115 22 Arbeits-
2336 4103 53 22 und
2424 4102 131 22 Lohnver-

1967 4134 123 22 hältnisse
2111 4134 44 22 für
2185 4133 40 22 die
2254 4133 169 26 Gefangenen
2452 4132 104 22 müssen

1966 4163 151 27 geschaffen
2134 4163 111 22 werden.
2263 4162 57 22 Daß
2337 4162 47 22 wir
2401 4162 27 22 in
2445 4162 110 22 Luxem-

1966 4194 66 26 burg
2049 4192 66 22 noch
2133 4192 77 26 nicht,
2228 4191 49 22 wie
2295 4191 27 22 in
2338 4191 50 22 den
2406 4191 99 22 andern
2521 4191 34 22 zi-

1971 4223 143 22 vilisierten
2138 4222 127 26 Ländern,
2289 4221 43 22 die
2364 4221 191 27 Versicherung

1967 4252 47 22 der
2036 4251 232 27 Strafgefangenen
2297 4251 110 26 kennen,
2437 4251 33 22 ist
2500 4250 56 22 eine

1969 4282 58 22 sehr
2043 4280 181 23 bedauerliche
2241 4279 237 27 Rückständigkeit.

1998 4311 47 22 Die
2065 4310 193 22 Gesetzestexte
2277 4309 106 22 dürften
2405 4309 60 22 aber
2485 4309 71 22 nicht

1969 4340 103 22 einfach
2098 4340 69 22 beim
2192 4339 137 22 Nachbarn
2357 4339 199 27 abgeschrieben

1968 4370 112 22 werden.
2099 4369 34 22 So
2153 4369 99 22 scheint
2271 4375 19 15 z.
2310 4367 27 22 B.
2357 4368 42 22 die
2418 4374 66 16 neue
2502 4368 53 22 bel-

1968 4400 87 27 gische
2076 4399 195 26 Gesetzgebung
2291 4398 65 22 über
2377 4397 119 26 "defense
2517 4405 38 16 so-

1971 4429 85 26 ciale",
2070 4428 49 22 wie
2131 4429 47 26 gut
2192 4428 36 22 sie
2242 4428 66 22 auch
2322 4427 26 22 in
2362 4428 45 22 der
2423 4428 58 22 Idee
2495 4433 60 20 war,

1970 4459 54 22 sich
2045 4458 25 22 in
2089 4458 46 22 der
2154 4457 170 27 Ausführung
2342 4456 72 22 nicht
2434 4457 73 22 recht
2525 4463 32 16 zu

1969 4488 146 26 bewähren,
2132 4487 66 22 denn
2214 4493 59 16 man
2289 4485 110 25 arbeitet
2414 4486 94 22 bereits
2524 4493 32 16 an

1971 4517 84 22 einem
2071 4522 83 16 neuen
2174 4516 182 22 Gesetzestext.

2001 4544 98 24 Unsere
2129 4545 166 22 Bedürfnisse
2326 4545 57 22 sind
2420 4545 137 27 qualitativ

1971 4576 131 22 dieselben
2116 4576 49 22 wie
2181 4575 27 22 in
2223 4581 95 16 unsern
2332 4574 127 27 größeren
2473 4574 82 22 Nach-

1969 4605 165 27 barländern,
2170 4604 156 28 quantitativ
2363 4604 93 27 jedoch
2499 4610 57 16 ver-

2560 196 123 24 schieden.
2702 195 55 22 Wie
2776 194 41 22 die
2838 193 211 22 Etablissemente
3067 193 75 22 reali-

2560 226 59 22 siert
2636 226 114 26 wurden,
2769 225 64 22 wird
2852 223 149 23 schließlich
3020 223 65 22 auch
3102 223 42 22 die

2560 255 102 22 Reform
2697 255 46 22 der
2780 254 194 27 Gesetzgebung
3018 254 127 22 realisiert

2560 285 109 26 werden,
2693 285 52 22 und
2767 285 45 22 das
2837 285 119 25 "Institut
2977 285 32 22 de
3040 283 104 23 defense

2560 314 105 22 sociale"
2685 314 76 22 sowie
2780 314 39 22 die
2838 314 171 22 Kommission
3027 314 57 22 sind
3102 314 43 22 be-

2560 344 82 26 rufen,
2662 343 41 22 bei
2724 344 45 21 der
2788 343 287 27 Vorbereitungsarbeit
3095 350 49 16 we-

2560 373 123 22 sentliche
2700 373 113 22 Mithilfe
2831 380 31 15 zu
2880 373 97 22 leisten.

2843 410 22 21 :£.

2589 439 44 23 Hr.
2651 439 116 22 Armand
2785 440 113 27 Mergen,
2916 440 45 22 der
2981 440 165 22 biokrimino-

2561 469 96 27 logisch
2685 469 130 26 geschulte
2843 469 86 22 Leiter
2956 469 44 23 des
3030 470 118 25 "Institut

2560 498 32 22 de
2606 497 106 23 defense
2727 498 115 27 sociale",
2859 500 48 26 gab
2923 506 47 15 uns
2986 499 82 27 einige
3083 500 64 22 Auf-

2560 528 115 22 schlüsse
2692 529 65 22 über
2775 529 41 22 die
2833 529 82 22 Arbeit
2959 529 49 22 wie
3026 530 41 22 die
3086 529 62 23 Dos-

2561 557 63 22 siers
2643 558 142 26 entstehen,
2804 558 98 22 welche
2920 558 228 27 Schwierigkeiten

2562 587 155 22 auftauchen
2742 588 53 22 und
2817 588 49 22 wie
2889 588 41 22 die
2954 589 194 22 Konklusionen

2562 622 110 22 gezogen
2692 617 111 22 werden.

2593 654 28 21 In
2640 653 83 23 einem
2744 653 107 34 "travail
2869 653 133 28 d'equipe"
3021 655 66 23 wird
3105 655 45 23 das

2561 683 121 22 Material
2704 683 64 22 über
2790 684 41 22 die
2855 684 167 27 Gefangenen
3053 690 98 22 gesam-

2562 712 69 22 melt.
2653 712 51 22 Der
2725 712 163 22 Kriminalist
2917 714 109 22 arbeitet
3053 721 98 16 zusam-

2563 748 57 16 men
2639 742 48 22 mit
2705 742 58 22 dem
2781 742 204 27 Gefängnisarzt,
3004 744 59 22 dem
3082 745 70 22 Seel-

2564 777 87 22 sorger
2666 772 54 22 und
2734 772 46 22 der
2797 773 167 27 Verwaltung
2981 773 46 22 der
3043 773 109 23 Etablis-

2564 802 120 21 semente.
2704 801 31 22 Es
2752 801 93 22 dauert
2862 802 117 22 ziemlich
2998 803 75 27 lange
3090 804 62 27 Zeit,

2565 830 38 22 bis
2619 830 56 22 eine
2692 831 183 27 Beobachtung
2890 833 78 27 fertig
2984 833 40 22 ist.
3041 833 111 22 Deshalb

2565 860 103 22 werden
2687 861 115 22 Dossiers
2822 861 65 22 auch
2906 868 49 15 nur
2974 862 119 27 angelegt
3110 863 44 22 für

2564 889 190 27 Delinquenten
2775 890 44 23 des
2838 892 134 26 gemeinen
2992 892 101 27 Rechts,
3112 893 42 23 die

2565 926 31 15 zu
2626 920 158 22 mindestens
2814 921 13 22 3
2858 921 122 22 Monaten
3018 923 137 22 verurteilt

2566 949 63 22 sind.
2655 949 47 22 Die
2729 949 115 23 Dossiers
2865 950 57 22 sind
2949 952 73 26 "tope
3049 953 104 26 secret",

2565 985 50 15 von
2635 985 89 21 wegen
2752 980 58 22 dem
2838 980 103 27 Prinzip
2968 981 49 22 des
3041 984 114 24 "respect

2564 1008 129 27 humain",
2714 1010 53 22 und
2787 1016 49 16 nur
2855 1010 43 22 für
2918 1010 45 22 das
2986 1011 119 25 "Institut
3123 1012 32 22 de

2567 1037 105 24 defense
2698 1038 107 22 sociale"
2816 1039 138 22 bestimmt.
2964 1040 54 22 Auf
3027 1041 127 23 verschie-

2566 1068 82 22 denen
2685 1069 168 22 Formularen
2891 1070 103 22 werden
3031 1071 125 27 Angaben

2567 1098 151 26 gesammelt
2736 1098 27 24 a)
2794 1098 64 22 über
2884 1099 41 22 die
2953 1099 129 27 bisherige
3108 1100 48 22 Be-

2567 1127 169 27 schäftigung,
2757 1128 31 22 ob
2807 1128 46 22 der
2871 1128 158 27 Delinquent
3048 1130 108 23 resozia-

2567 1157 82 22 lisiert
2670 1158 106 22 werden
2798 1158 69 22 kann
2889 1159 54 22 und
2966 1159 55 26 wie,
3044 1159 28 24 b)
3097 1165 60 16 vom

2567 1186 204 27 Bürgermeister
2793 1187 82 22 seines
2895 1188 147 27 bisherigen
3064 1189 93 22 Wohn-

2567 1217 53 21 orts
2636 1223 33 15 zu
2694 1216 126 22 liefernde
2846 1217 126 27 Angaben
2998 1219 65 22 über
3087 1219 70 22 seine

2567 1246 176 22 Verhältnisse
2758 1247 53 22 und
2825 1247 55 22 sein
2895 1247 141 27 bisheriges
3049 1248 108 22 Verhal-

2568 1273 49 30 ten,
2642 1276 24 24 c)
2693 1275 182 23 medizinische
2897 1277 132 27 Angaben,
3053 1278 28 25 d)
3107 1285 50 16 von

2568 1305 44 22 der
2628 1306 168 27 Verwaltung
2810 1306 45 22 des
2870 1307 210 23 Etablissements
3094 1308 64 23 über

2567 1335 55 22 sein
2640 1336 141 22 Verhalten
2799 1336 133 27 gelieferte
2949 1336 132 27 Angaben.

2599 1364 51 22 Der
2672 1366 67 22 erste
2760 1365 55 22 Teil
2837 1366 46 22 der
2905 1366 199 29 Untersuchung
3125 1368 33 22 ist

2568 1394 240 27 kriminologischer
2821 1395 55 22 Art.
2890 1395 47 22 Die
2950 1397 132 22 erblichen
3096 1397 62 22 Ver-

2568 1424 163 27 anlagungen
2751 1425 104 22 werden
2873 1425 111 27 geprüft,
3003 1426 42 22 die
3064 1427 93 22 Aussa-

2567 1459 57 22 gen,
2640 1454 41 22 die
2697 1455 46 21 der
2759 1455 158 27 Delinquent
2932 1456 64 22 über
3009 1456 55 22 sich
3080 1457 80 23 selbst

2567 1484 94 27 macht,
2675 1484 69 22 seine
2756 1484 226 27 kriminologische
2994 1485 165 27 Vergangen-

2570 1513 60 27 heit,
2647 1514 49 22 wie
2716 1520 27 16 er
2760 1514 55 22 sich
2832 1514 49 22 mit
2898 1515 107 22 Gericht
3022 1516 53 22 und
3092 1517 67 22 Poli-

2570 1543 152 27 zeiorganen
2739 1544 119 27 verhielt,
2875 1544 49 22 wie
2942 1551 27 16 er
2986 1545 54 22 sich
3057 1546 36 22 im
3110 1546 49 22 Ge-

2569 1573 103 27 fängnis
2686 1573 81 22 selbst
2780 1573 127 22 benimmt
2920 1574 54 22 und
2987 1575 49 22 wie
3049 1575 46 22 das
3110 1576 49 22 Ge-

2570 1603 102 27 fängnis
2687 1600 46 25 auf
2748 1603 45 22 ihn
2808 1603 85 22 wirkt.
2909 1604 58 22 Was
2983 1611 27 16 er
3026 1605 64 22 über
3106 1606 54 22 sich

2570 1636 80 22 selbst
2672 1635 100 22 erzählt
2810 1635 66 22 wird
2898 1635 130 22 natürlich
3051 1635 46 22 auf
3119 1635 42 22 die

2560 1665 185 34 Objektivität
2772 1665 47 22 der
2848 1665 135 27 Aussagen
3011 1665 46 22 hin
3085 1665 75 23 über-

2571 1695 79 27 prüft.

2600 1725 52 22 Der
2671 1724 89 22 zweite
2777 1724 55 22 Teil
2849 1724 46 22 der
2912 1724 199 28 Untersuchung
3128 1724 33 23 ist

2573 1755 46 22 der
2645 1754 138 27 eigentlich
2807 1754 278 27 biokriminolögische.
3111 1755 49 22 Ge-

2572 1784 60 22 mäß
2645 1785 49 22 den
2706 1784 147 27 Prinzipien
2866 1784 46 22 der
2925 1784 186 27 Psycho-Som"
3138 1785 22 26 't,

2573 1815 22 22 d.
2614 1815 24 22 h.
2659 1815 45 22 des
2725 1814 303 27 körperlich-seelischen
3048 1815 71 22 Part,
3134 1815 28 22 s-

2573 1844 95 27 lismus,
2690 1844 66 22 wird
2778 1844 42 22 die
2842 1844 205 22 Persönlichkeit
3068 1845 11 26 f
3092 1845 70 26 eatgs-

2572 1874 65 22 stellt
2685 1873 83 22 durch
2787 1873 149 22 Vornahme
2961 1874 46 22 der
3033 1874 129 27 nötigsten

2573 1903 259 27 anthropologischen
2858 1904 77 22 Maße
2963 1904 124 23 während
3121 1904 41 22 bei

2573 1933 47 22 der
2668 1932 322 27 psycho-pathologischen
3038 1933 123 22 Untersu-

2573 1963 83 27 chung
2673 1963 38 22 als
2728 1962 154 22 Hilfsmittel
2898 1963 42 22 die
2956 1963 78 22 heute
3051 1964 111 26 gangba-

2573 1999 47 15 ren
2632 1993 72 21 Tests
2717 1993 139 22 verwertet
2870 1993 92 22 werden
3006 1993 156 22 Rorschach-

2573 2023 66 26 Test,
2661 2022 174 26 Szondi-Test,
2856 2022 173 27 Graphologie
3052 2029 61 16 usw.

2604 2052 115 22 Drittens
2736 2052 106 22 werden
2858 2052 98 22 sodann
2972 2053 42 22 die
3031 2053 132 22 Resultate

2573 2081 45 22 des
2639 2081 95 22 vorher
2754 2081 160 22 Erfahrenen
2935 2082 158 26 gesammelt.
3113 2081 51 23 Das

2574 2110 110 23 Resume
2721 2111 152 27 ermöglicht
2908 2111 118 25 Einblick
3060 2112 43 25 in.
3123 2112 41 22 die

2573 2141 169 27 Psychologie
2763 2141 46 22 der
2831 2141 211 27 Persönlichkeit,
3073 2141 91 23 Schüt-

2574 2176 66 22 zung
2665 2177 51 16 von
2742 2170 122 22 Intellekt
2889 2171 53 22 und
2960 2171 204 27 Temperament.

2575 2200 47 22 Die
2642 2199 93 27 soziale
2755 2200 130 27 Prognose
2904 2200 66 22 wird
2990 2201 127 27 gemacht;
3138 2208 27 16 es

2573 2230 66 22 wird
2661 2230 115 27 studiert,
2814 2230 76 21 unter
2909 2230 117 22 welchen
3046 2230 119 22 Verhält-

2574 2255 87 26 nissen
2679 2259 45 22 der
2744 2259 158 27 Delinquent
2936 2259 54 22 sich
3009 2266 28 16 so
3051 2260 114 27 verhält,

2575 2289 75 22 unter
2667 2289 116 21 welchen
2802 2289 280 27 anders.

2606 2319 28 21 In
2656 2318 69 22 allen
2746 2318 95 27 Fällen,
2863 2324 40 15 wo
2924 2313 243 28 Geisteskrankheit

2575 2348 131 21 vermutet
2722 2347 73 27 wird,
2814 2347 63 22 muß
2894 2347 42 22 ein
2955 2347 150 27 Psychiater
3124 2355 42 16 zu-

2575 2382 113 22 gezogen
2710 2377 110 22 werden.
2843 2377 74 22 Denn
2939 2384 26 16 es
2986 2378 49 22 soll
3063 2378 104 22 verhin-

2575 2407 59 22 dert
2655 2407 113 27 werden,
2790 2406 50 22 daß
2862 2413 150 16 zusammen
3040 2407 48 22 mit
3117 2407 49 22 den

2578 2436 162 26 “normalen"
2757 2436 89 22 Fällen
2862 2436 193 27 pathologische
3071 2437 95 22 behan-

2575 2467 56 22 delt
2650 2466 112 27 werden,
2783 2466 43 22 die
2848 2466 39 22 ins
2908 2467 65 26 Asyl
2993 2467 120 26 gehören,
3134 2468 33 22 da

2576 2495 57 22 hier
2663 2495 41 22 die
2735 2495 113 26 "maison
2878 2495 176 23 d'education"
3093 2496 74 22 ihren

2578 2525 93 22 Zweck
2689 2525 120 22 verloren
2827 2525 52 22 hat.
2914 2525 67 22 Herr
2998 2525 107 27 Mergen
3124 2527 43 22 be-

2577 2556 93 26 merkt,
2701 2555 50 22 daß
2783 2555 197 27 Psychopathen
3011 2556 77 21 unter
3118 2556 49 22 den

2578 2584 178 22 Verbrechern
2785 2585 53 22 und
2866 2584 191 27 Delinquenten
3086 2586 82 22 selten

2578 2614 63 22 sind.
2663 2614 71 22 Doch
2754 2614 71 22 stellt
2843 2620 61 16 man
2924 2614 244 27 außergewöhnlich

2577 2644 68 22 viele
2660 2644 71 22 Fälle
2746 2650 51 16 von
2812 2644 133 22 Neurosen
2959 2644 57 22 fest.
3036 2644 131 25 (Neuroti-

2578 2674 47 21 ker
2644 2674 112 27 gehören
2773 2673 27 27 ja
2816 2673 72 22 nicht
2906 2673 38 22 ins
2961 2674 72 27 Asyl,
3052 2675 62 22 aber
3131 2675 36 22 sie

2578 2704 104 22 werden
2704 2710 26 16 so
2758 2703 78 22 leicht
2863 2703 142 27 irgendwie
3032 2711 32 16 zu
3090 2705 78 22 sozial

2578 2733 169 27 schwierigen
2764 2733 110 26 Fällen.)

2610 2770 46 22 Die
2683 2770 77 22 letzte
2781 2770 99 27 Etappe
2906 2770 46 22 der
2978 2770 190 29 Umerziehung

2578 2799 69 22 wäre
2667 2799 47 22 das
2738 2799 150 27 Patronage.
2916 2800 29 22 In
2972 2800 82 23 dieser
3081 2801 86 22 Bezie-

2578 2829 71 27 hung
2671 2829 84 22 haben
2777 2829 49 22 wir
2847 2829 166 23 hierzulande
3035 2831 66 22 noch
3124 2837 44 23 gar

2578 2859 91 22 nichts.
2694 2859 53 22 Wir
2770 2859 114 22 besitzen
2906 2860 27 26 ja
2955 2860 66 22 noch
3043 2860 60 23 kein
3125 2866 43 22 ge-

2578 2888 114 22 schultes
2723 2888 130 22 Personal.
2885 2889 141 22 Immerhin
3056 2889 33 22 ist
3127 2890 41 22 ein

2579 2918 119 22 Komitee
2720 2918 143 27 gegründet
2881 2919 106 23 worden
3015 2920 103 26 "contre
3146 2920 22 22 le

2581 2948 77 22 crime
2674 2948 25 22 et
2715 2948 25 22 la
2755 2947 193 28 delinquence".

2865 2985 22 22 :£.

2611 3021 51 23 Das
2677 3022 104 22 Dossier
2795 3021 65 23 wird
2873 3021 136 28 beständig
3024 3021 15 23 ä
3053 3022 59 27 jour
3126 3029 42 22 ge-

2579 3051 96 23 halten.
2711 3052 47 22 Die
2780 3052 156 22 Richtlinein
2965 3053 122 22 befinden
3116 3053 53 22 sich

2579 3081 46 22 auf
2644 3081 59 22 dem
2721 3081 95 22 letzten
2833 3081 142 22 Formular.
2992 3082 106 22 Bericht
3116 3083 52 22 und

2862 3125 110 25 (Schluß
2990 3127 46 22 auf
3053 3126 69 22 Seite
3141 3127 24 23 5)

2584 3242 423 34 Gewerkschaftliche
3041 3243 129 34 Lohn-

2650 3301 152 44 politik
2829 3302 39 33 in
2897 3302 81 33 den
3001 3302 104 33 USA

2613 3362 52 22 Der
2705 3362 204 22 amerikanische
2948 3362 221 23 Gewerkschafts-

2580 3391 71 22 bund
2667 3391 41 24 (A.
2722 3392 26 22 F.
2762 3398 21 16 o.
2795 3391 39 25 L.)
2851 3392 170 22 unternimmt
3032 3393 41 22 die
3086 3393 83 22 stärk-

2582 3423 55 21 sten
2659 3421 193 27 Bemühungen,
2875 3422 49 22 den
2947 3423 224 22 Lebensstandard

2581 3451 46 22 der
2647 3451 206 23 Arbeiterschaft
2871 3452 147 26 gegenüber
3038 3453 49 22 den
3108 3453 63 22 fort-

2582 3482 129 25 gesetzten
2730 3481 254 27 Preissteigerungen
3002 3488 32 16 zu
3050 3482 121 23 verteidi-

2583 3516 55 21 gen.
2655 3511 33 22 Er
2705 3511 156 22 unterstützt
2877 3511 41 22 die
2935 3511 153 27 Regierung,
3104 3511 66 22 inso-

2582 3540 61 22 weit
2669 3539 37 22 sie
2733 3540 81 22 durch
2833 3540 261 28 Wiedereinführung
3121 3547 51 16 von

2582 3569 295 22 Kontrollmaßnahmen
2897 3570 42 22 die
2959 3570 150 23 Wirtschaft
3129 3571 43 22 be-

2582 3599 105 27 fähigen
2704 3600 60 25 will,
2782 3600 49 22 den
2848 3605 84 16 neuen
2947 3600 225 27 Anforderungen,

2583 3628 41 22 die
2640 3628 45 23 das
2703 3628 78 27 große
2799 3628 280 27 Rüstungsprogramm
3094 3630 77 27 stellt,

2584 3658 104 26 gerecht
2704 3665 31 15 zu
2751 3658 110 22 werden.
2879 3659 51 21 Für
2948 3659 41 22 die
3005 3659 167 27 Lohnpolitik

2584 3688 98 22 kommt
2696 3688 44 22 der
2755 3687 283 23 Gewerkschaftsbund
3052 3688 79 22 dabei
3141 3696 31 15 zu

2583 3716 138 27 folgenden
2738 3716 176 27 Festlegungen
2965 3717 67 26 "Wir
3049 3718 59 22 sind
3125 3725 48 16 uns

2583 3747 108 22 darüber
2712 3748 34 21 im
2766 3748 95 26 klaren,
2883 3748 48 21 daß
2953 3749 53 20 sich
3026 3749 55 21 eine
3103 3749 69 21 Kon-

2583 3775 75 22 trolle
2682 3774 46 22 der
2749 3774 88 22 Löhne
2860 3776 45 22 auf
2928 3776 42 22 die
2992 3776 87 22 Dauer
3102 3776 71 22 nicht

2584 3804 149 22 vermeiden
2756 3804 84 22 lassen
2865 3804 72 22 wird.
2976 3805 54 22 Wir
3053 3806 119 22 möchten

2582 3833 92 26 jedoch
2689 3833 93 22 darauf
2798 3833 150 27 hinweisen,
2964 3835 51 22 daß
3031 3835 42 22 ein
3088 3836 83 22 Lohn-

2575 3865 69 25 stop,
2675 3864 56 22 dem
2755 3865 40 21 die
2825 3865 119 25 heutigen
2966 3866 139 22 Lohnsätze
3130 3873 43 15 zu-

2582 3891 99 27 grunde
2710 3892 85 27 gelegt
2822 3892 111 27 werden,
2962 3899 106 16 unserer
3097 3893 76 23 Wirt-

2584 3920 84 22 schaft
2684 3920 75 26 einen
2773 3921 72 22 nicht
2861 3922 96 22 wieder
2974 3923 198 26 gutzumachen-

2583 3949 49 22 den
2651 3950 116 22 Schaden
2788 3951 110 27 zufügen
2916 3952 89 22 würde
3023 3953 53 22 und
3094 3950 77 30 unge-

2584 3979 71 22 recht
2684 3980 146 27 gegenüber
2859 3981 49 22 den
2929 3981 243 30 Lohnempfängern

2583 4010 74 21 wäre.
2675 4012 46 20 Die
2738 4012 85 21 Löhne
2842 4012 55 21 sind
2913 4013 93 21 bereits
3024 4013 82 22 hinter
3125 4014 48 21 den

2583 4037 177 23 fortwährend
2797 4038 149 27 steigenden
2981 4040 193 23 Lebenskosten

2584 4067 240 27 zurückgeblieben.
2863 4069 32 22 Es
2916 4069 62 22 muß
3001 4069 106 22 deshalb
3130 4075 42 21 ge-

2584 4097 90 22 stattet
2692 4097 61 26 sein,
2772 4097 42 22 die
2832 4097 88 22 Löhne
2939 4098 35 22 im
2993 4098 116 22 Rahmen
3128 4100 44 22 des

2584 4126 289 27 Tarifvertragswesens
2894 4128 53 22 und
2969 4128 48 22 mit
3036 4128 70 23 Hilfe
3128 4135 44 16 an-

2572 4155 88 22 derer
2687 4156 139 22 Methoden
2854 4157 50 22 den
2933 4157 165 27 gestiegenen
3125 4158 46 22 Le-

2573 4183 288 29 benshaltungskosten
2900 4186 190 27 anzugleichen.
3127 4187 46 23 Bei

2584 4215 242 27 Lohnerhöhungen
2860 4215 62 22 muß
2957 4216 144 27 gleichfalls
3136 4218 36 22 als

2584 4244 203 27 Kompensation
2813 4245 43 22 für
2881 4245 42 22 die
2948 4246 154 27 Steigerung
3127 4246 44 22 der

2584 4273 192 22 Produktivität
2805 4273 40 22 ein
2872 4274 154 22 besonderer
3047 4275 126 28 Zuschlag

2585 4303 115 27 gewährt
2714 4303 127 22 werden."

2615 4340 85 22 Ueber
2716 4340 43 22 die
2777 4340 256 28 Wirtschaftspolitik
3051 4342 53 22 und
3121 4342 50 22 ins-

2584 4371 137 22 besondere
2758 4371 62 21 über
2849 4372 39 21 die
2919 4373 184 26 Forderungen,
3133 4374 39 21 die

2584 4399 41 21 die
2643 4398 221 22 amerikanischen
2882 4399 229 24 Gewerkschaften
3128 4401 44 22 da-

2584 4427 42 22 bei
2645 4433 31 16 zu
2695 4428 93 22 stellen
2807 4428 92 27 haben,
2919 4428 66 22 wird
3003 4429 27 22 in
3050 4429 49 22 den
3119 4430 52 22 An-

2584 4457 61 26 fang
2662 4456 145 22 November
2824 4457 204 22 stattfindenden
3045 4460 127 22 amerika-

2584 4486 105 22 nischen
2708 4486 106 22 Wahlen
2832 4493 59 16 zum
2909 4487 79 22 Senat
3005 4488 50 28 und
3073 4488 100 28 Reprä-

2586 4516 200 22 sentantenhaus
2804 4516 171 23 entschieden.
2994 4516 46 22 Die
3059 4517 29 22 A.
3108 4518 24 22 F.
3150 4525 21 16 o.

2584 4545 27 22 L.
2628 4545 54 22 und
2697 4544 42 22 die
2755 4544 109 22 meisten
2881 4545 231 24 Gewerkschaften
3127 4547 44 23 des

2586 4574 27 22 C.
2633 4575 18 22 I.
2672 4574 29 22 O.
2721 4575 88 22 setzen
2827 4574 55 22 sich
2902 4575 43 22 für
2965 4575 42 22 die
3027 4576 73 23 Wahl
3120 4583 50 16 von

2585 4604 222 22 demokratischen
2822 4604 164 23 Kandidaten
3003 4605 49 22 ein.

105 2799 331 61 Luxembourgeois
464 2807 165 40 illustres
658 2804 44 39 de
732 2802 205 47 l'élranger

101 2888 94 88 Aux
225 2885 225 89 tombeaux
480 2882 77 86 des
590 2870 380 94 Funck-Brentano
982 2875 23 84 à
1038 2868 292 120 Montfermeil

132 3009 62 20 Sous
219 3007 24 21 le
269 3004 70 22 soleil
364 3003 143 22 d'automne
532 2999 36 20 les
594 2996 99 22 feuilles
723 2994 10 21 c

103 3038 43 21 des
167 3036 86 22 arbres
275 3035 30 21 de
325 3034 25 20 la
371 3031 66 22 forêt
457 3030 30 22 de
509 3027 88 24 Bondy
618 3031 75 21 pren-
723 3023 10 20 I

103 3067 61 22 nent
184 3065 43 21 des
247 3064 56 21 tons
323 3067 64 16 roux
408 3061 24 20 et
452 3064 34 16 or.
507 3059 39 20 Au
567 3053 127 23 cimetière

104 3097 33 21 du
158 3095 92 24 village
271 3092 30 21 de
323 3087 179 25 Montfermeil,
524 3092 49 16 aux
597 3084 96 22 confins
723 3086 9 15 s

105 3125 32 22 de
154 3124 65 21 cette
236 3120 71 25 forêt,
325 3119 59 22 c'est
400 3113 237 30 l'épanouissement
653 3111 43 22 des
722 3109 8 21 1

104 3151 78 24 fleurs
197 3152 30 21 de
241 3152 24 21 la
280 3148 139 22 Toussaint.
434 3147 71 20 Deux
519 3140 175 26 Luxembour-
723 3139 10 21 t

106 3183 68 26 geois
193 3180 110 22 illustres
322 3176 116 27 reposent
456 3175 62 22 dans
543 3178 34 16 un
602 3175 93 17 caveau
724 3174 8 15 c

104 3213 30 22 de
152 3218 28 15 ce
200 3210 62 27 petit
281 3207 135 23 cimetière:
437 3211 27 16 ce
484 3204 55 21 sont
558 3201 136 26 Théophile
724 3202 8 15 c

104 3242 25 20 et
144 3241 90 22 Frantz
251 3235 236 24 Funck-Brentano,
503 3234 55 21 tous
574 3231 37 21 les
629 3230 66 21 deux
724 3231 8 15 r

104 3269 147 26 originaires
270 3268 30 21 de
318 3266 71 21 notre
408 3264 43 24 sol,
470 3263 42 25 qui
530 3260 115 22 dorment
664 3258 30 21 ici
728 3260 5 15 (

104 3300 55 21 leur
179 3297 99 22 dernier
298 3295 120 22 sommeil.
642 3290 55 37 «~n

121 3326 152 26 Théophile
291 3321 235 24 Funck-Brentano,
544 3318 30 22 né
593 3324 30 16 en
642 3317 90 21 18JU

105 3357 15 22 à
137 3356 184 24 Luxembourg,
340 3353 69 21 avait
426 3350 80 27 quitté
524 3355 44 16 son
587 3353 60 21 pays
666 3346 66 22 de

106 3387 82 21 bonne
221 3385 77 20 heure
332 3387 63 21 pour
428 3379 110 22 s'établir
571 3377 14 21 à
618 3376 77 21 Paris.

107 3417 102 20 Comme
225 3419 30 16 en
271 3418 26 15 sa
312 3409 94 28 qualité
422 3410 30 21 de
467 3407 113 22 médecin
595 3406 17 21 il
629 3405 104 21 avait

106 3444 111 26 pendant
244 3443 24 20 la
298 3445 89 21 guerre
416 3439 29 21 de
475 3438 54 21 1870
559 3434 78 22 rendu
667 3434 66 22 de

106 3473 92 27 grands
223 3471 108 22 services
356 3474 49 16 aux
431 3467 93 22 soldats
549 3463 100 24 blessés,
673 3463 23 20 le

106 3500 198 27 gouvernement
333 3498 110 24 français
472 3495 35 21 lui
537 3493 105 22 décerna
673 3492 24 20 la
727 3496 5 14 i

108 3532 68 21 croix
197 3530 30 21 de
248 3528 126 22 chevalier
395 3527 30 21 de
444 3526 25 20 la
489 3523 93 25 Légion
603 3522 93 22 d'Hon-

108 3566 62 16 neur
187 3560 24 20 et
228 3559 37 20 lui
282 3556 105 22 accorda
404 3556 25 20 la
448 3553 107 26 ,,grande
573 3550 160 22 naturali-

109 3578 623 36 sation".
726 3578 6 20 1

138 3618 102 20 Comme
265 3601 117 35 d'autres
398 3610 230 25 Luxembourgeois
654 3608 44 21 de-
728 3613 5 14 (

108 3652 80 16 venus
202 3644 118 25 Français
336 3644 24 20 et
375 3642 77 25 ayant
465 3640 84 25 acquit
564 3644 30 15 en
604 3639 128 19 France
727 3642 5 14 i

109 3674 118 22 célébrité
255 3674 25 21 et
308 3672 84 26 gloire,
413 3671 36 20 les
470 3667 262 22 Funck-Brentano

110 3705 56 20 sont
182 3704 114 25 toujours
314 3699 78 22 restés
411 3699 51 22 très
482 3695 111 24 attachés
612 3695 14 21 à
645 3695 88 21 leur

110 3739 60 20 pays
193 3732 127 25 d'origine.
342 3731 51 20 Peu
417 3729 29 21 de
469 3728 82 23 temps
573 3725 77 21 avant
673 3729 59 15 sa

110 3763 66 21 mort
193 3761 91 21 Frantz
302 3757 229 23 Funck-Brentano
550 3754 86 22 venait
655 3758 77 16 en-

110 3797 56 15 core
186 3790 114 25 toujours
321 3793 49 16 aux
391 3787 63 21 fêtes
475 3784 129 22 annuelles
625 3782 30 21 de
676 3782 56 20 la*

110 3821 95 21 colonie
228 3815 234 26 luxembourgeoise
485 3814 14 21 à
522 3813 70 21 Paris
622 3810 33 22 où
684 3811 16 20 il

111 3849 81 21 savait
215 3853 62 16 nous
302 3847 114 24 charmer
439 3849 45 20 par
508 3848 44 15 son
574 3841 78 25 esprit
677 3840 25 21 et

112 3884 26 16 sa
154 3878 82 20 bonne
251 3876 113 21 humeur.
377 3875 40 20 Un
432 3873 30 21 de
478 3877 38 16 ses
531 3870 112 22 derniers
660 3869 63 21 ar-

111 3907 71 22 ticles
199 3905 68 21 avait
284 3903 38 22 été
339 3909 62 20 pour
417 3903 36 20 les
471 3900 103 22 Cahiers
590 3897 132 22 Luxem-
724 3890 8 27 1

111 3935 132 25 bourgeois
263 3939 32 15 au
313 3931 110 22 moment
441 3930 30 22 de
490 3930 55 21 leur
563 3927 139 26 réapparu-

111 3965 54 21 tion
186 3970 30 15 en
239 3963 60 21 1945.
321 3962 33 20 Sa
375 3955 143 30 réputation
540 3958 25 21 et
585 3962 38 16 ses
646 3961 56 16 suc-

113 3993 39 22 cès
175 3992 145 22 touchaient
351 3990 36 21 les
411 3986 229 25 Luxembourgeois
673 3985 30 20 de

112 4022 71 22 Paris
204 4025 95 16 comme
320 4025 62 15 ceux
403 4018 58 21 d'un
483 4015 89 27 parent
592 4020 32 15 ou
645 4013 88 22 d'un

113 4051 115 22 membre.
242 4049 31 21 de
289 4049 24 20 la
330 4047 104 22 famille.
451 4046 65 21 Mais
533 4047 171 17 revenons-en

114 4080 14 22 à
148 4086 44 15 son
210 4078 59 27 père
288 4075 143 26 Théophile.
451 4073 49 22 Dès
518 4074 24 21 le
560 4071 143 22 lendemain

115 4109 30 21 de
160 4108 26 21 la
203 4113 89 20 guerre
309 4106 30 21 de
357 4106 53 20 1870
428 4102 101 22 celui-ci
546 4101 82 22 s'était
644 4106 60 16 con-

115 4136 69 22 sacré
200 4135 165 23 entièrement
381 4133 14 21 à
411 4133 43 21 des
470 4131 86 22 études
574 4130 130 24 sociologi-

115 4172 60 21 ques
196 4166 25 20 et
240 4163 210 27 philosophiques.
471 4162 36 20 De
527 4158 140 27 profession
688 4157 16 21 il

113 4194 64 22 'était
200 4193 57 22 chef
281 4193 30 21 de
335 4191 94 22 service
452 4196 32 16 au
508 4187 131 22 Ministère
662 4186 43 22 des

116 4225 121 21 Finances
254 4223 25 21 et
292 4221 144 26 professeur
452 4219 30 21 de
498 4218 71 21 Droit
585 4218 43 21 des
638 4217 67 21 Gens

117 4253 13 21 à
149 4252 90 22 l'Ecole
259 4251 43 21 des
321 4251 114 21 Sciences
453 4247 137 25 Politiques
609 4246 60 22 dont
689 4245 16 21 il

117 4282 61 22 était
200 4280 127 22 d'ailleurs
348 4284 34 15 un
404 4278 43 21 des
469 4276 124 21 membres
615 4273 91 22 fonda-

117 4312 76 20 teurs.
210 4308 71 22 Voilà
299 4306 56 26 déjà
372 4312 49 16 une
437 4306 66 21 belle
519 4303 107 23 carrière
645 4308 62 20 pour

117 4345 34 16 un
183 4336 229 25 Luxembourgeois
445 4340 66 15 venu
542 4340 31 15 en
605 4334 102 20 France.

118 4370 68 20 Nous
205 4367 37 22 lui
261 4367 93 21 devons
375 4370 48 16 une
444 4363 62 21 série
527 4362 129 21 d'oeuvres
678 4361 30 21 de

119 4398 88 22 valeur
228 4400 104 16 comme:
354 4392 172 27 "Philosophie
547 4391 43 21 des
610 4390 46 21 lois
678 4389 30 21 de

118 4424 143 25 l'histoire",
281 4424 60 25 "Les
360 4422 109 21 sciences
488 4419 152 24 humaines",
661 4418 47 24 ,,La

121 4455 91 27 pensée
226 4454 88 21 exacte
329 4458 31 15 en
375 4450 168 27 philosophie"
558 4449 25 21 et
598 4448 43 21 des
655 4448 53 20 tra-

121 4490 68 16 vaux
204 4482 52 22 très
273 4481 104 22 étendus
393 4485 42 15 sur
449 4479 36 20 les
502 4478 121 26 sophistes
640 4481 69 20 grecs

122 4515 25 21 et
163 4514 25 21 la
205 4510 155 28 philosophie
379 4507 147 24 allemande,
543 4506 125 24 française
685 4505 24 20 et

123 4542 568 28 anglaise.

151 4566 51 26 La
204 4570 55 21 voie
276 4568 33 21 du
325 4568 74 24 jeune
414 4565 98 24 Frantz,
526 4563 33 22 né
574 4564 23 21 le
614 4564 26 20 15
657 4563 55 25 juin

127 4600 55 22 1862
208 4598 14 22 à
247 4595 148 24 Munsbach,
421 4594 60 22 était
508 4594 57 20 bien
590 4590 121 27 préparée

127 4634 63 21 pour
210 4627 37 22 lui
266 4624 137 29 permettre
430 4623 25 22 le
483 4620 167 27 déploiement
670 4620 44 22 des

723 2993 61 22 dons
802 2992 65 22 réels
885 2992 60 22 dont
962 2991 24 21 le
1005 2990 82 22 destin
1104 2989 88 22 l'avait
1209 2988 136 21 comble,
1341 2998 5 9 i

723 3023 20 21 Il
763 3016 100 32 grandit
884 3026 32 16 au
937 3020 87 22 milieu
1044 3019 33 22 du
1099 3017 99 22 cénacle
1220 3017 30 21 de
1272 3022 40 15 sa-

722 3052 74 21 vants
819 3051 24 21 et
866 3050 31 22 de
919 3048 160 27 philosophes
1101 3048 43 26 qui
1167 3043 25 24 se
1214 3045 131 26 réunis-

723 3081 80 21 saient
820 3080 90 21 autour
925 3078 29 22 de
971 3083 44 16 son
1030 3076 66 27 père.
1112 3076 20 21 Il
1148 3075 39 22 fut
1202 3081 34 15 un
1251 3075 61 21 bril-

722 3109 55 21 lant
799 3108 69 22 élève
890 3108 30 21 de
941 3105 88 23 l'école
1049 3106 43 22 des
1115 3105 104 22 Chartes
1241 3104 25 21 et
1287 3109 58 16 sa

723 3137 71 22 thèse
813 3143 43 15 sur
875 3137 36 21 les
933 3131 128 30 "Origines
1081 3135 30 21 de
1130 3134 24 21 la
1175 3138 88 21 guerre
1284 3133 61 29 de

724 3168 56 21 cent
799 3166 58 21 ans"
877 3165 39 22 fut
935 3171 32 15 en
985 3164 108 26 quelque
1113 3163 65 21 sorte
1195 3163 23 21 le
1237 3161 77 22 début

724 3196 31 22 de
779 3196 25 21 la
829 3194 94 27 grande
950 3191 107 24 carrière
1083 3192 145 22 d'historien
1255 3186 65 30 qu'il

724 3225 62 21 n'est
812 3230 44 20 pas
882 3223 99 26 besoin,
996 3223 28 26 de
1049 3222 110 22 retracer
1185 3220 31 22 ici
1241 3225 104 21 parce

728 3253 89 27 qu'elle
843 3252 38 22 est
905 3251 62 27 trop
988 3247 103 24 connue.
1125 3250 220 22 Bornons-nous

725 3283 138 22 seulement
894 3281 14 21 à
938 3280 115 26 rappeler
1083 3279 121 26 quelques
1233 3279 112 26 titres:

729 3311 141 27 ,,Légendes
893 3311 24 21 et
944 3309 115 22 archives
1087 3308 31 21 de
1145 3307 25 22 la
1192 3307 125 25 Bastille",

729 3343 46 24 "Le
802 3341 86 21 drame
915 3340 44 21 des
983 3339 121 26 poisons",
1126 3337 132 26 "L'affaire
1285 3336 33 21 du

728 3371 109 25 collier";
855 3370 48 24 "La
920 3369 66 21 mort
1002 3368 29 21 de
1047 3368 25 21 la
1087 3368 101 25 Reine";
1206 3366 110 26 "Lettres

728 3401 30 21 de
774 3400 108 25 cachet",
898 3398 162 26 "L'ancienne
1075 3398 93 21 France
1184 3396 25 22 et
1222 3396 22 21 le
1259 3396 58 24 roi",

730 3429 139 27 ..Féodalité
888 3429 25 21 et
929 3427 163 25 chevalerie",
1110 3427 45 21 etc.

758 3460 41 25 Ici,
822 3459 13 22 à
856 3457 178 25 Montfermeil,
1057 3456 32 22 où
1110 3455 207 22 Funck-Brenta-

727 3495 32 15 no
780 3495 13 15 a
816 3488 63 22 vécu
901 3489 29 21 de
955 3488 54 21 1893
1031 3486 99 27 jusqu'à
1152 3492 26 15 sa
1198 3485 66 21 mort
1286 3490 31 15 en

728 3520 54 19 1947
800 3519 24 20 et
841 3517 33 22 où
890 3522 44 16 son
951 3522 93 15 oeuvre
1061 3515 138 27 principale
1217 3515 38 21 est
1270 3513 46 22 née

730 3548 61 21 dans
811 3547 23 21 le
853 3546 79 21 calme
951 3546 26 20 et
994 3545 23 21 le
1037 3543 187 22 recueillement
1242 3548 77 21 pour-

726 3578 55 20 tant
801 3583 68 15 assez
889 3575 57 27 près
966 3575 43 21 des
1028 3573 183 26 bibliothèques
1231 3573 25 21 et
1275 3578 41 15 ar-

728 3607 84 20 chives
833 3605 30 21 de
883 3605 77 24 Paris,
982 3610 32 15 on
1035 3603 134 25 comprend
1190 3601 127 26 peut-être

727 3636 85 20 mieux
834 3634 144 25 qu'ailleurs
1000 3633 108 22 certains
1130 3632 72 21 traits
1225 3631 30 21 de
1275 3636 42 15 ca-

728 3664 96 22 ractère
840 3664 30 21 de
885 3663 147 21 l'historien:
1048 3660 158 26 l'honnêteté,
1220 3660 24 20 la
1260 3664 57 21 gra-

716 3693 64 22 vité
795 3694 24 20 et
834 3694 25 20 la
873 3692 106 21 minutie
995 3691 33 21 du
1042 3689 236 25 Luxembourgeois,
1293 3688 24 20 la

729 3722 133 25 souplesse,
881 3721 24 21 la
925 3719 122 27 précision
1065 3719 33 22 du
1117 3718 117 25 Français
1253 3718 25 20 et
1295 3717 23 21 le

729 3752 68 20 souci
814 3751 33 21 du
864 3755 76 16 menu
956 3749 77 22 détail
1049 3749 43 25 qui
1109 3748 37 21 est
1164 3746 154 22 essentielle-

729 3781 69 20 ment
817 3780 116 25 parisien.

758 3810 99 21 Devant
877 3814 27 15 ce
923 3807 118 22 tombeau
1061 3806 29 22 de
1110 3806 24 20 la
1154 3805 77 25 petite
1251 3810 67 15 com-

734 3843 74 16 mune
828 3837 30 21 de
877 3835 194 24 Seine-et-Oise,
1092 3833 32 22 où
1142 3832 117 27 reposent
1278 3832 43 21 des

724 3868 123 25 Français
870 3866 110 21 illustres
1004 3865 64 20 issus
1091 3864 33 21 du
1154 3864 35 20 sol
1220 3863 99 21 luxem-

724 3890 144 31 bourgeois,
889 3895 16 21 il
927 3895 38 20 est
986 3893 144 26 impossible
1159 3892 30 21 de
1216 3898 32 15 ne
1275 3897 44 20 pas

731 3925 110 25 évoquer
869 3930 27 15 ce
918 3927 104 22 passage
1050 3922 29 21 de
1108 3921 25 21 la
1161 3920 100 27 préface
1290 3920 30 21 de

732 3953 121 26 "Luther"
884 3953 61 22 dans
976 3951 109 27 laquelle
1107 3950 90 21 Frantz
1220 3949 99 21 Funck-

732 3983 127 21 Brentano
878 3988 14 14 a
913 3980 122 22 condensé
1055 3986 31 15 en
1107 3979 120 25 quelques
1247 3983 73 20 paro-

731 4013 36 20 les
789 4018 26 15 ce
838 4011 59 25 qu'il
919 4016 14 15 a
955 4008 128 23 considéré
1104 4014 95 15 comme
1220 4007 23 21 le
1265 4012 55 15 sens

732 4040 82 22 même
830 4040 30 21 de
877 4045 27 15 sa
919 4039 49 21 vie:
986 4039 55 24 ,,Me
1057 4034 64 24 voici
1138 4041 112 21 parvenu
1267 4035 14 22 à
1297 4036 24 20 la

734 4070 37 20 fin
787 4069 29 21 de
833 4075 40 15 ma
889 4069 47 24 vie,
954 4067 14 21 à
983 4067 25 21 la
1026 4067 37 21 fin
1079 4066 72 22 d'une
1167 4065 91 25 longue
1274 4064 47 21 vie.

733 4099 29 21 Je
782 4098 63 21 crois
865 4097 104 25 pouvoir
988 4097 54 21 dire
1060 4095 90 26 qu'elle
1170 4100 14 15 a
1203 4093 39 22 été
1262 4099 59 15 con-

734 4126 83 22 sacrée
841 4132 32 15 au
895 4125 99 24 travail,
1017 4124 14 21 à
1054 4130 33 15 un
1111 4124 92 21 travail
1226 4123 43 25 qui
1291 4128 32 15 ne

734 4157 57 21 s'est
807 4156 90 25 jamais
913 4154 99 25 ralenti,
1029 4159 56 15 sans
1103 4152 71 21 autre
1191 4152 67 21 souci
1275 4157 48 20 que

738 4185 64 22 celui
825 4185 29 21 de
877 4183 119 26 parvenir
1018 4181 14 22 à
1054 4180 139 25 découvrir,
1215 4179 55 26 puis
1294 4179 30 21 de

734 4215 53 21 dire
805 4213 181 25 franchement,
1004 4211 165 26 simplement,
1187 4210 66 21 aussi
1270 4209 52 21 for-

734 4244 95 22 tement
845 4242 60 26 qu'il
920 4240 95 22 m'était
1030 4240 115 26 possible,
1161 4245 26 16 ce
1203 4239 42 25 qui
1261 4244 61 20 pou-

734 4273 54 21 vait
808 4271 52 22 être
879 4271 25 21 la
924 4269 86 22 vérité.
1031 4270 30 20 Et
1081 4269 20 21 si
1120 4274 33 16 un
1175 4268 71 21 autre
1266 4273 56 15 sen-

734 4301 91 22 timent
843 4306 14 15 a
876 4306 33 19 pu
928 4300 35 25 s'y
981 4298 84 25 mêler,
1083 4303 27 16 ce
1128 4303 31 15 ne
1177 4297 39 21 fut
1234 4297 89 24 jamais

736 4336 49 20 que
799 4330 105 21 l'amour
920 4329 29 21 de
964 4334 41 15 ma
1020 4328 80 25 patrie
1115 4327 25 21 et
1154 4332 58 15 mon
1226 4325 98 25 respect

737 4365 62 20 pour
821 4359 23 20 le
867 4357 79 26 grand
969 4357 25 21 et
1016 4356 113 25 glorieux
1154 4354 71 27 passé
1248 4355 29 20 de
1300 4354 24 21 la

736 4387 115 22 France."

765 4417 35 20 La
817 4417 101 23 France,
937 4420 61 20 pays
1017 4413 129 22 d'élection
1165 4412 42 22 des
1225 4411 99 22 Funck-

737 4445 127 23 Brentano
887 4445 25 20 et
934 4444 23 21 le
980 4443 183 24 Luxembourg,
1187 4442 55 20 leur
1264 4446 61 20 pays

738 4475 126 24 d'origine,
882 4472 109 26 peuvent
1007 4471 52 22 être
1076 4471 60 21 fiers
1154 4470 29 21 de
1198 4470 67 21 leurs
1284 4470 41 20 fils

738 4504 43 25 qui
800 4502 116 26 reposent
934 4500 157 22 maintenant
1109 4500 61 21 dans
1189 4499 23 21 le
1232 4504 93 16 caveau

742 4533 33 21 du
793 4530 127 22 cimetière
938 4529 29 21 de
984 4527 171 22 Montfermeil
1173 4527 24 21 et
1214 4527 60 21 dont
1292 4526 36 21 les

739 4561 127 22 habitants
886 4560 30 21 de
934 4560 24 21 la
978 4559 76 26 petite
1073 4562 131 16 commune
1224 4556 30 21 de
1272 4556 54 21 Sei-

742 4589 144 22 ne-et-Oise
908 4587 123 23 cultivent
1050 4585 155 27 pieusement
1225 4584 24 21 le
1271 4589 57 16 sou-

740 4620 79 22 venir.
1016 4616 108 22 Carmen
1143 4614 154 22 ENNESCH.
