3224 4715
108 107 146 24 MONTAG,
276 109 33 21 IG.
328 109 111 21 Oktober
459 110 57 20 1950
563 110 42 21 Nr.
624 110 42 21 238

1501 107 288 27 TAGEBLATT

3054 95 66 21 Seite
3135 95 14 20 4

108 199 609 120 Schifflinger
773 189 1076 127 Gemeinderatsbericht

165 343 104 22 Bericht
289 349 60 16 vom
369 343 35 22 13.
425 343 115 22 Oktober
560 343 66 22 1950.

132 387 145 22 Anwesend
297 388 49 22 alle
364 388 71 26 Räte,
455 388 38 22 bis
513 388 44 22 auf
575 388 40 22 die
635 388 55 22 HH.

103 420 85 24 Nilles,
220 419 165 21 Wintersdorf
419 419 50 21 und
496 419 72 24 Thill,
595 420 94 20 welche

102 449 52 20 sich
188 449 189 25 entschuldigen
412 449 90 20 lassen.
537 449 45 20 Die
617 449 73 20 Dank

101 478 130 21 schreiben
253 478 43 21 des
318 479 80 23 Foyer
419 478 30 21 de
470 478 24 21 la
516 478 108 24 Femme,
646 478 44 21 der

100 507 91 25 eLigue
215 508 85 20 contre
323 508 24 20 la
370 507 175 24 Tuberculose,
568 507 44 21 der
636 508 53 20 Soc.

101 534 97 22 avicole
212 534 104 22 werden
329 541 44 15 zur
386 534 128 22 Kenntnis
529 539 160 22 genommen.

101 562 34 24 Zu
154 565 56 21 dem
226 565 136 21 Schreiben
381 565 44 21 der
442 566 94 23 "Union
555 565 43 21 des
616 566 72 20 Fem-

99 592 68 22 mes"
182 592 110 22 welches
306 592 125 27 verlangt,
444 592 51 22 daß
509 592 45 22 der
568 592 120 22 Gemein-

100 623 73 21 derat
187 622 119 27 Stellung
322 622 93 22 nehme
432 628 44 16 zur
493 622 194 22 Militärdienst-

99 651 55 26 zeit,
169 651 118 22 bemerkt
300 651 204 27 Bürgermeister
518 651 106 27 Netgen,
639 651 49 22 daß

99 681 165 27 Luxemburg
279 681 93 22 keinen
386 681 79 27 Krieg
480 681 129 27 wünsche,
623 677 66 26 noch

99 711 138 27 jemanden
257 711 119 22 bedrohe.
396 711 81 22 Sollte
496 717 26 16 es
542 712 61 22 aber
622 712 66 21 Län-

99 740 44 22 der
162 741 90 26 geben,
279 740 97 22 welche
403 740 82 22 durch
510 740 55 22 ihre
591 740 96 22 Aufrü-

99 772 75 25 stung
190 770 57 22 eine
265 768 99 24 Gefahr
378 770 44 22 für
438 771 49 22 den
505 771 108 22 Frieden
629 771 58 22 dar-

99 800 105 26 stellen,
218 800 27 26 so
262 800 48 22 soll
328 800 46 22 der
392 800 94 27 Appell
506 806 32 15 an
557 800 69 22 diese
646 796 41 30 ge-

99 829 96 27 richtet
212 830 110 22 werden.
343 830 38 22 Im
402 829 100 22 Namen
522 830 84 22 seiner
626 830 61 21 Par-

99 859 35 22 tei
155 853 73 28 weist
249 866 27 15 er
298 859 45 22 auf
362 859 80 22 deren
464 859 149 22 Resolution
636 859 51 26 hin,

98 883 98 27 welche
213 895 41 15 am
270 889 20 21 9.
309 889 114 22 Oktober
439 887 114 23 bekannt
569 889 118 27 gemacht

98 919 96 26 wurde,
213 919 53 21 und
284 919 45 21 der
347 918 55 22 sich
419 919 71 26 jeder
509 918 49 22 den
578 919 110 21 Frieden

98 948 129 22 Liebende
248 948 165 22 anschließen
433 949 55 22 soll.
509 948 50 22 Das
581 948 106 22 Gleiche

99 978 47 26 gilt
162 977 43 22 für
222 973 45 27 das
286 977 139 22 Schreiben
443 978 44 21 des
507 978 181 24 "Mouvement

98 1014 65 20 pour
186 1008 25 21 la
234 1007 83 27 paix".
339 1007 72 22 Nach
436 1007 118 27 längerer
578 1007 109 22 Debatte

99 1037 60 27 geht
182 1038 45 21 der
251 1038 49 22 Rat
323 1043 44 15 zur
392 1037 200 27 Tagesordnung
616 1038 71 22 über.

99 1067 37 22 Zu
149 1067 59 22 dem
222 1065 101 23 Gesuch
336 1067 46 22 der
397 1066 143 22 Bewohner
555 1067 44 22 des
614 1067 71 21 Vier-

98 1097 49 22 tels
176 1097 40 25 “in
244 1097 49 22 den
314 1096 245 27 Hedingergarten",
590 1097 97 22 welche

98 1126 58 22 eine
174 1126 177 27 Kanalanlage
369 1126 113 26 fordern,
503 1126 118 23 bemerkt
641 1126 45 22 der

97 1155 174 27 Vorsitzende,
287 1155 50 22 daß
351 1156 43 22 die
409 1156 190 22 Gesuchsteller
614 1156 72 22 recht

97 1184 91 23 haben.
204 1186 92 22 Leider
311 1186 38 22 sei
364 1186 42 22 die
419 1186 69 26 Lage
505 1192 34 19 so,
555 1185 50 22 daß
621 1186 66 22 noch

97 1215 61 22 kein
181 1215 147 22 Fachmann
351 1214 56 22 eine
430 1215 103 27 Lösung
556 1215 131 27 gefunden

97 1245 72 22 habe.
185 1245 50 22 Das
251 1245 177 27 Versprechen
443 1245 93 22 seitens
552 1246 46 22 der
612 1245 74 22 Stadt

97 1275 71 27 Esch,
187 1275 107 22 wonach
312 1275 70 22 diese
398 1275 100 22 Häuser
517 1281 38 18 an,
568 1275 49 22 den
635 1275 51 22 Ka-

97 1305 43 22 nal
160 1304 195 27 angeschlossen
375 1305 105 22 werden
499 1304 122 27 könnten,
640 1305 46 22 der

97 1341 44 16 zur
154 1334 157 27 Kläranlage
325 1334 80 27 führt,
418 1335 89 22 wurde
521 1334 82 22 leider
615 1334 71 22 nicht

97 1366 122 25 gehalten.
259 1366 78 25 Sogar
364 1365 38 22 die
429 1366 119 21 deutsche
573 1366 113 21 Verwal-

96 1395 71 25 tung,
204 1393 99 22 welche
323 1393 168 22 bekanntlich
513 1393 66 22 ohne
601 1393 84 22 Rück-

97 1423 66 22 sicht
175 1430 46 15 vor
234 1423 66 27 ging,
314 1423 63 22 fand
390 1423 76 22 keine
479 1423 109 27 Lösung.
602 1423 83 22 Heute

97 1452 57 22 sind
184 1453 95 22 wieder
309 1452 138 22 Fachleute
478 1453 81 22 damit
589 1452 98 22 befaßt.

96 1482 99 22 Sollten
208 1482 71 22 diese
292 1488 132 21 versagen,
438 1489 27 16 so
479 1483 48 22 soll
540 1483 44 22 das
599 1482 87 22 Ganze

96 1518 58 16 zum
184 1507 165 33 Gegenstand
380 1512 170 22 öffentlichen
572 1512 113 22 Nutzens

96 1541 99 22 erklärt
220 1542 105 22 werden
353 1542 48 22 mit
428 1542 257 27 Zwangsverfahren.

96 1572 49 22 Rat
163 1571 110 27 Hempel
290 1572 56 27 regt
365 1578 39 20 an,
423 1572 50 22 den
492 1572 85 22 Kanal
595 1572 27 22 in
640 1572 45 22 der

95 1601 176 22 Minenstraße
292 1601 141 22 ausführen
455 1607 32 16 zu
506 1601 92 22 lassen.
634 1601 52 22 Der

96 1630 166 22 Vorsitzende
283 1631 97 27 betont,
415 1631 50 22 daß
486 1631 54 22 dies
561 1632 45 21 auf
626 1632 59 22 dem

95 1660 151 27 Programm
261 1661 79 22 stehe.

126 1689 318 27 Einnahmeerklärungen
458 1690 36 22 im
509 1690 110 27 Betrage
635 1697 50 16 von

96 1720 157 26 3.831.244,25
272 1720 39 22 Fr.
331 1721 104 22 werden
453 1720 157 27 einstimmig
629 1719 55 28 gut-

96 1750 132 27 geheißen.
295 1750 49 22 Rat
369 1750 114 22 Demuth
509 1750 120 27 verlangt
654 1756 32 16 zu

96 1779 100 27 wissen,
220 1786 99 16 warum
343 1780 47 22 der
414 1779 71 22 Preis
510 1780 42 22 bei
569 1780 115 22 Hausan-

95 1809 132 22 schlüssen
248 1809 167 22 verschieden
436 1810 44 22 sei.
515 1810 51 22 Der
587 1808 98 24 Vorsit-

95 1841 77 21 zende
193 1840 121 26 bemerkt,
336 1840 48 22 daß
406 1841 39 21 die
469 1842 137 21 Gemeinde
627 1842 58 21 bloß

95 1868 50 22 den
160 1868 248 27 Selbstknetenpreis
424 1868 45 22 des
485 1866 132 24 Materials
633 1869 52 22 for-

97 1898 56 22 dert
181 1898 54 22 und
262 1898 25 27 je
314 1898 67 22 nach
409 1898 68 27 Lage
506 1899 44 22 des
566 1896 122 25 Marktes

95 1927 253 22 Preisunterschiede
369 1927 78 22 kaum
477 1934 31 16 zu
536 1927 149 23 vermeiden

96 1957 63 22 sind.
232 1957 47 22 Die
302 1957 138 27 Ausgaben
461 1956 44 23 für
526 1956 45 23 das
593 1958 91 22 Milch-

96 1988 132 22 frühstück
259 1989 25 20 in
314 1988 48 22 den
393 1988 115 26 Schulen,
532 1989 77 21 44.045
640 1991 45 23 Fr.,

95 2015 163 27 desgleichen
294 2016 41 22 die
371 2015 175 27 Abrechnung
582 2017 46 21 der
663 2017 49 26 3.

96 2045 98 27 Etappe
207 2045 45 22 der
267 2046 171 22 elektrischen
452 2046 231 22 Straßenbeleuch-

95 2076 64 26 tung
189 2075 37 22 im
255 2075 110 27 Betrage
397 2081 50 16 von
478 2076 136 26 247.034,50
644 2076 40 22 Fr.

95 2105 105 22 werden
220 2104 156 27 einstimmig
396 2105 154 22 ratifiziert.
569 2106 18 16 '̃
637 2105 60 25 Die;

95 2141 61 16 vom
180 2134 166 22 Schöffenrat
378 2135 221 27 übernommenen'
618 2135 68 27 "50%

95 2164 47 22 der
150 2163 183 27 "Assurance
342 2164 88 22 Pluie"
450 2164 171 27 gelegentlich
640 2164 45 22 des

95 2196 159 21 Moto-Cross
274 2202 41 15 am
334 2197 184 24 Ostermontag,
538 2195 84 22 Anteil
642 2194 44 23 der

97 2225 138 20 Gemeinde
251 2225 55 21 5680
324 2226 46 24 Fr.,
388 2225 63 21 wird
469 2225 153 26 einstimmig
640 2231 45 14 an-

97 2249 171 30 genommen.
325 2252 39 22 Da
384 2252 81 22 durch
484 2252 141 22 Umstände
645 2252 44 22 die

96 2281 23 22 3.
140 2281 98 22 Glocke
259 2282 46 22 für
325 2282 42 22 die
389 2282 96 22 Kirche
508 2283 52 21 erst
584 2282 101 27 eintraf,

718 343 36 22 als
775 343 41 22 die
838 343 110 22 Gerüste
969 342 94 23 bereits
1084 342 95 22 wieder
1200 342 104 22 abmon-

717 372 60 22 tiert
792 375 94 22 waren,
902 372 88 22 mußte
1006 372 40 22 ein
1063 378 78 16 neues
1156 371 149 27 hergestellt

718 402 110 26 werden,
847 402 99 22 zwecks
964 401 171 27 Anbringung
1153 401 45 22 der
1215 401 90 27 Zeiger

718 431 52 22 und
792 431 45 22 des
859 432 20 21 4.
903 430 176 22 Zifferblattes
1102 430 45 22 der
1170 430 136 22 Turmuhr.

717 461 76 22 Diese
811 461 124 22 Arbeiten
952 460 107 22 würden
1080 460 71 25 (weil
1169 460 36 22 sie
1222 460 26 22 in
1265 460 41 22 die

717 491 106 22 höchste
841 490 196 22 Gefahrenzone
1056 490 92 25 fielen)
1170 490 66 22 nach
1253 490 52 22 An-

718 520 82 26 gaben
833 519 45 22 der
911 519 273 27 Gewerbeinspektion
1217 524 88 22 ausge-

717 549 78 22 führt.
830 549 169 27 Kostenpunkt
1065 543 82 27 28.500
1181 549 39 22 Fr.
1254 549 52 22 Der

717 579 86 22 Punkt
834 579 65 22 wird
929 579 66 22 nach
1026 579 205 26 Erläuterungen
1262 579 44 22 des

717 608 185 22 Vorsitzenden
921 607 47 23 mit
986 607 68 22 allen
1073 607 126 22 Stimmen
1217 609 88 25 gutge-

717 638 99 22 heißen.
878 637 38 22 Zu
933 638 58 22 dem
1007 637 140 22 Schreiben
1165 638 45 22 der
1225 638 80 22 Ober-

718 668 121 26 behörde,
864 668 47 22 der
935 667 42 22 die
1003 667 211 27 Bestimmungen
1238 668 65 22 über

716 697 42 22 die
771 697 83 22 freien
868 696 187 27 Nachmittage,
1069 696 77 22 sowie
1160 697 41 22 die
1216 697 89 22 Schul-

717 727 105 27 anfang-
858 727 53 22 und
946 726 254 22 Schulschlußzeiten
1235 726 72 22 nicht

717 756 109 27 genehm
844 756 64 26 sind,
928 756 119 22 bemerkt
1066 756 45 22 der
1131 756 174 27 Vorsitzende,

716 786 50 22 daß
785 793 25 15 es
828 786 46 22 der
891 786 112 22 Wunsch
1021 786 46 21 der
1084 786 88 22 Eltern
1191 786 52 21 und
1261 785 44 22 des

716 816 201 27 Lehrpersonals
944 816 44 22 des
1013 821 99 22 ganzen
1138 815 99 22 Südens
1265 815 39 27 ist,

717 845 40 22 die
778 844 127 23 votierten
924 844 68 27 Tage
1011 844 50 22 frei
1082 851 31 15 zu
1131 845 91 22 lassen.
1258 844 47 22 Die

716 874 128 27 Anfangs-
875 875 53 22 und
959 874 181 22 Schlußzeiten
1169 874 57 22 sind
1257 874 49 27 den

717 904 125 22 örtlichen
875 904 196 22 Verhältnissen
1104 904 135 27 angepaßt,
1274 900 32 25 da

717 934 64 22 auch
806 934 45 21 auf
874 933 49 22 den
948 933 250 22 Schichtenwechsel
1221 933 86 23 Rück-

716 963 66 22 sicht
800 969 152 21 genommen
970 963 104 22 werden
1092 963 69 22 muß.
1180 964 33 21 Er
1230 963 77 23 bittet

717 993 48 22 den
779 993 189 27 Gemeinderat,
982 993 54 22 sein
1049 993 80 22 erstes
1142 993 95 22 Votum
1249 993 55 22 auf-

716 1025 224 25 rechtzuerhalten,
961 1022 51 23 und
1032 1024 58 22 bloß
1112 1025 41 20 für
1175 1024 48 21 den
1242 1025 63 20 Vor-

716 1052 88 27 schlag
817 1053 44 22 der
877 1052 183 22 Oberbehörde
1073 1052 64 22 betr.
1152 1052 49 22 den
1215 1051 89 24 Schul-

717 1082 95 26 anfang
836 1088 42 15 am
903 1082 19 21 5.
947 1082 152 27 September
1123 1087 31 16 zu
1178 1081 127 22 stimmen.

715 1111 71 22 Wird
807 1111 47 22 mit
875 1109 67 24 allen
965 1108 126 25 Stimmen
1111 1116 193 21 angenommen.

717 1141 49 22 Für
784 1141 26 22 11
826 1141 109 22 Schüler
951 1147 65 21 resp.
1033 1140 194 27 Schülerinnen,
1244 1140 60 22 wel-

717 1170 45 22 che
779 1170 81 22 durch
877 1170 96 27 Zwang
991 1170 94 22 seitens
1103 1170 44 22 des
1165 1170 140 27 Okkupan-

716 1201 44 21 ten
780 1200 10 21 1
811 1200 64 22 Jahr
893 1200 91 27 früher
1003 1199 41 22 die
1063 1198 94 24 Schule
1176 1198 129 23 besuchen

715 1230 115 26 mußten,
851 1230 38 22 als
912 1230 44 22 das
970 1224 94 33 luxbg.
1087 1229 92 26 Gesetz
1199 1226 27 24 es
1247 1234 58 16 vor-

1335 342 66 22 sieht
1418 342 53 22 und
1488 342 77 22 heute
1582 342 44 22 das
1645 342 20 21 9.
1684 341 137 27 Schuljahr
1838 341 82 22 absol-

1334 371 69 22 viert
1413 371 91 26 haben,
1517 371 99 27 schlägt
1628 371 45 22 der
1685 370 166 22 Vorsitzende
1866 370 55 22 eine

1336 400 209 27 Gesamtdispens
1561 407 53 15 vor.
1632 399 168 27 Desgleichen
1817 400 43 22 für
1877 400 44 22 das

1334 430 70 22 Kind
1423 430 139 22 Thinnes.
1580 430 70 22 Wird
1669 429 156 27 einstimmig
1846 435 76 21 ange-

1335 465 127 16 nommen.
1479 459 47 22 Die
1545 459 138 27 Ausgaben
1700 459 43 22 für
1761 459 44 22 das
1823 459 99 22 Ersatz-

1334 489 120 27 personal
1468 489 26 22 in
1508 489 49 22 den
1573 489 111 22 Schulen
1698 489 36 21 im
1749 489 109 25 Betrage
1872 494 50 16 von

1336 519 81 22 30.760
1437 519 39 22 Fr.
1496 519 43 21 für
1561 519 137 26 1948-1949,
1719 518 81 22 63.900
1820 519 39 21 Fr.
1880 518 43 22 für

1336 548 129 22 1949-1950
1485 548 104 21 werden
1608 547 192 22 ratifiziert.
1817 547 48 22 Die
1883 553 39 16 er-

1334 578 115 22 fallenen
1478 577 155 22 Triennalen
1663 584 33 15 an
1726 577 14 22 5
1770 577 153 22 Gemeinde-

1335 608 100 21 beamte
1450 607 104 22 werden
1569 607 179 27 gutgeheißen.
1805 607 52 21 Zur
1871 607 52 22 An-

1335 642 111 22 passung
1463 643 31 16 an
1511 637 45 22 das
1573 637 204 26 Urlaubsgesetz,
1795 642 66 21 resp.
1879 637 44 20 Er-

1337 667 117 26 gänzung
1478 667 136 22 desselben
1639 667 99 26 schlägt
1761 666 46 22 der
1832 666 90 22 Schöf-

1334 696 86 22 fenrat
1436 702 54 20 vor,
1507 696 49 22 den
1573 696 124 22 Beamten
1714 695 78 22 sowie
1809 695 49 22 den
1875 695 48 22 Ar-

1334 725 100 22 beitern
1457 726 66 21 nach
1546 726 13 21 5
1581 726 98 22 Jahren
1700 725 27 21 21
1752 725 171 26 Urlaubstage

1334 762 32 16 zu
1380 751 145 30 gewähren.
1540 755 59 22 Alle
1615 754 309 27 Gemeinderatsmitglie-

1334 784 46 22 der
1401 784 120 22 stimmen
1541 784 83 22 dafür.
1711 784 213 26 Stellungnahme

1336 821 44 15 zur
1403 814 201 27 Wohnungsnot.
1628 815 67 21 Laut
1719 813 204 27 Bürgermeister

1335 844 99 27 Netgen
1455 844 83 27 liegen
1559 844 135 26 beständig
1715 844 27 21 50
1764 844 160 26 Wohnungs-

1335 873 110 26 gesuche
1462 879 54 16 vor.
1535 873 26 22 13
1580 873 204 26 Ausweisungen
1803 872 57 22 sind
1877 878 46 23 vor

1334 903 60 22 dem
1421 903 120 22 Gerichte
1567 903 137 27 anhängig.
1737 903 49 22 Rat
1812 896 112 27 Demuth

1336 933 123 26 wünscht,
1479 933 43 22 die
1541 933 142 22 Gemeinde
1710 933 74 26 möge
1811 932 42 22 bei
1879 933 45 21 der

1335 962 182 22 Oberbehörde
1536 962 165 27 beantragen,
1722 961 49 22 daß
1791 961 132 22 Schifflin-

1335 999 46 20 gen
1413 993 93 22 wieder
1537 994 73 21 unter
1643 994 39 21 die
1714 993 210 25 bauprämienbe-

1336 1021 143 27 rechtigten
1521 1021 165 22 Ortschaften
1726 1021 198 26 aufgenommen

1336 1050 93 22 werde.
1471 1050 51 22 Der
1546 1050 167 22 Vorsitzende
1739 1050 95 27 betont,
1875 1050 49 22 daß

1336 1080 54 22 dies
1411 1080 160 27 vorgesehen
1594 1081 43 22 sei.
1675 1080 162 27 Einstimmig
1860 1080 65 22 wird

1336 1109 138 22 daraufhin
1493 1109 111 22 votiert:
1642 1109 24 25 1)
1688 1109 57 22 Daß
1764 1109 66 22 noch
1849 1109 75 22 Woh-

1335 1140 129 26 nungsnot
1482 1139 108 22 besteht.
1610 1140 25 24 2)
1657 1139 55 22 Daß
1731 1139 41 22 die
1790 1139 133 22 Schifflin-

1335 1174 44 21 ger
1413 1169 96 22 wieder
1527 1169 173 27 Bauprämien
1732 1169 54 22 und
1818 1169 106 27 billigen

1336 1198 143 22 Baukredit
1496 1198 117 22 erhalten
1634 1198 110 26 müssen,
1763 1198 49 22 wie
1833 1205 27 16 es
1878 1204 46 16 vor

1335 1228 59 22 dem
1410 1228 21 22 2.
1450 1228 33 22 12.
1503 1228 56 22 1949
1577 1229 45 22 der
1639 1228 55 22 Fall
1712 1234 60 16 war.

1981 193 37 22 Zu
2037 193 50 22 den
2106 193 130 22 sanitären
2255 192 117 27 Anlagen
2391 192 44 22 des
2456 190 101 27 Sprit-

1951 223 138 22 zenhauses
2111 222 75 27 lagen
2205 221 121 27 folgende
2346 221 119 22 Offerten
2484 226 55 16 vor.
2540 219 16 34 I.

1949 248 174 30 Weber-Hess,
2146 254 62 21 Lux.
2231 254 113 24 48.298,50
2367 254 38 19 Fr.
2436 252 102 23 Soclair,

1951 281 65 22 Esch
2035 281 82 21 49.146
2138 281 45 21 Fr.'
2199 280 143 26 Reckinger
2363 279 71 26 Esch,
2457 278 81 22 51.272

1950 311 39 21 Fr.
2009 310 161 26 Einstimmig
2188 306 66 25 wird
2272 309 42 22 die
2332 309 85 21 Firma
2435 308 103 22 Weber-

1951 341 64 22 Hess
2046 340 47 22 mit
2124 340 49 22 den
2206 339 124 22 Arbeiten
2361 339 110 21 betraut.-

1952 370 167 21 Schutznetze
2170 369 45 21 auf
2264 368 175 27 Sportterrain
2490 367 49 25 "im

1951 401 211 25 Bauschgarten":
2183 401 105 20 Theisen
2308 400 44 20 Th.
2373 399 166 24 Schifflingen

1952 429 80 22 57.600
2055 424 46 30 Fr.,
2138 427 109 22 Theisen
2269 426 26 27 J.
2308 426 38 27 P.,
2368 426 171 26 Schifflingen

1951 458 81 21 48.960
2050 458 46 26 Fr.,
2113 458 104 21 Kinnen
2233 457 65 22 Esch
2314 457 82 21 28.224
2412 457 39 21 Fr.
2468 456 71 21 Olin-

1952 495 49 20 ger,
2017 490 64 20 Esch
2096 490 77 20 60.600
2188 489 38 20 Fr.
2242 489 43 20 Hr.
2301 488 100 20 Kinnen
2416 487 62 21 wird
2495 487 46 21 mit

1953 517 66 22 allen
2037 516 127 22 Stimmen
2182 515 118 27 gewählt.
2367 515 65 22 Vom
2450 514 89 22 Schöf-

1952 546 85 22 fenrat
2055 546 105 22 werden
2180 546 13 21 3
2213 544 171 27 Vorprojekte
2403 544 43 22 für
2466 543 74 22 einen

1953 575 177 22 Häuserblock
2153 574 139 27 vorgelegt.
2335 574 23 24 1)
2386 573 67 23 sieht
2476 579 38 16 vor

1952 608 77 20 Block
2056 608 45 20 mit
2127 607 82 20 einem
2228 607 119 24 Eingang,
2374 606 12 20 4
2413 605 128 21 Wohnun-

1951 640 49 22 gen
2020 635 47 22 mit
2086 635 25 27 je
2128 634 15 22 4
2162 634 112 22 Zimmer
2292 633 53 22 und
2366 633 11 22 1
2396 632 143 22 Mansarde.

1953 665 24 24 2)
2000 665 13 21 2
2032 664 106 26 Häuser,
2159 663 68 22 eines
2245 663 47 21 mit
2312 662 97 22 Seiten-
2429 662 52 22 und
2500 661 41 22 ein

1952 697 99 20 zweites
2076 696 46 20 mit
2147 695 211 25 Vordereingang.
2381 690 40 24 Im
2447 698 94 20 ganzen

1940 722 27 23 4
1968 723 181 27 "Wohnungen
2163 723 47 22 mit
2223 722 14 22 4
2251 722 111 24 Zimmer
2374 721 54 22 und
2444 721 10 21 1
2468 720 72 22 Man-

1956 753 80 22 sarde.
2063 752 26 25 3)
2118 752 11 21 3
2157 750 285 24 Einfamilien-Häuser.
2467 749 72 22 Nach

1953 783 119 26 längerer
2082 782 111 22 Debatte
2206 778 66 26 wird
2285 780 107 27 Projekt
2404 779 44 22 Nr.
2462 779 13 21 2
2490 778 52 22 ein-

1953 811 114 27 stimmig
2088 817 209 22 angenommen.
2357 810 47 22 Die
2427 808 114 22 Abrech-

1952 849 68 20 nung
2054 844 44 21 der
2130 843 196 21 Kirchenfabrik
2359 840 105 22 schließt
2497 841 45 21 mit

1954 871 83 22 einem
2052 870 95 22 Defizit
2159 877 50 15 von
2226 870 58 22 9640
2299 870 39 21 Fr.
2355 870 38 21 ab.
2408 868 50 22 Das
2473 867 68 22 Bud-

1953 902 43 25 get
2010 900 43 22 für
2070 900 56 22 1950
2143 900 66 22 sieht
2225 900 41 22 ein
2281 896 99 32 solches
2395 904 50 16 von
2460 898 82 22 34.500

1954 932 38 21 Fr.
2012 937 53 16 vor.
2084 930 51 22 Der
2153 926 167 30 Vorsitzende
2340 927 133 27 kritiziert,
2492 927 50 22 daß

1953 960 82 22 durch
2054 960 45 22 das
2120 960 97 22 Fehlen
2239 959 45 22 der
2306 955 77 26 schon
2405 958 60 26 lang
2485 963 56 16 ver-

1954 993 154 25 sprochenen
2147 992 104 21 Fenster
2287 991 39 21 die
2363 990 112 24 Heizung
2513 995 29 15 zu

1953 1021 73 24 teuer
2048 1020 39 27 ist,
2108 1020 76 25 hofft,
2205 1018 50 22 daß
2276 1018 82 27 dieses
2380 1017 85 27 später
2486 1016 56 22 bes-

1953 1056 41 16 ser
2009 1049 71 22 wird.
2097 1049 99 22 Sollten
2212 1049 60 22 aber
2286 1043 70 26 diese
2371 1046 110 22 Defizite
2495 1046 47 22 im-

1954 1086 55 16 mer
2028 1078 160 26 anwachsen,
2210 1078 45 22 der
2276 1076 182 22 Gemeinderat
2479 1076 65 22 dazu

1954 1109 119 26 Stellung
2086 1108 111 22 nehmen
2211 1107 96 26 müßte.
2321 1106 71 22 Wird
2405 1111 138 21 angenom-

1954 1145 66 15 men.
2043 1138 74 22 Dann
2139 1137 57 22 teilt
2217 1136 204 27 Bürgermeister
2443 1135 100 27 Netgen

1954 1168 55 27 mit,
2024 1168 50 22 daß
2091 1174 27 16 er
2133 1168 78 25 hoffe,
2228 1166 50 26 daß
2294 1166 44 28 das
2353 1165 189 22 Monumental-

1954 1198 98 22 fenster
2071 1198 43 22 für
2142 1197 41 22 die
2203 1191 103 27 Kirmes
2334 1196 139 27 eingesetzt
2500 1194 43 22 sei.

1954 1230 185 21 Abschließned
2161 1226 210 27 Geheimsitzung.

863 1313 292 93 Rundgang
1187 1341 92 49 um
1311 1324 109 66 und
1452 1325 165 66 durch
1650 1325 97 66 das
1782 1325 298 66 Steinforter
2113 1311 284 93 Stadthaus

726 1441 57 22 Da
798 1446 77 16 unser
890 1438 137 22 Stadthaus
1043 1437 65 22 noch
1123 1436 60 22 stets
1200 1434 25 23 in
1240 1436 67 21 allen

717 1474 187 24 Diskussionen,
923 1471 135 22 besonders
1076 1471 26 21 in
1120 1476 93 16 unsern
1232 1471 74 21 Gast-

717 1507 93 21 stätten
832 1507 44 21 das
895 1505 171 26 Hauptthema
1087 1504 80 21 bildet
1186 1504 52 21 und
1258 1510 49 15 von
1319 1480 5 61 I

717 1540 66 21 allen
810 1539 149 22 Passanten
975 1537 149 23 bewundert
1148 1537 71 25 wird,
1246 1537 61 25 jetzt

717 1568 60 27 aber
791 1573 70 21 nicht
874 1572 72 22 mehr
961 1578 26 15 so
1002 1571 77 21 leicht
1092 1570 135 26 besichtigt
1241 1576 66 16 wer-

717 1606 48 22 den
789 1605 75 26 kann,
873 1605 108 22 wollen
1005 1605 48 21 wir
1078 1610 44 15 zur
1147 1601 160 27 Aufklärung

716 1645 95 15 unsern
833 1639 94 20 Lesern
952 1638 62 22 kurz
1038 1638 61 21 über
1123 1638 73 21 einen
1219 1633 88 26 Rund-

717 1677 65 22 gang
806 1673 136 24 berichten,
965 1671 50 22 den
1038 1671 48 22 wir
1109 1671 25 21 in
1159 1671 149 25 Begleitung

716 1711 50 16 von
784 1706 82 20 Herrn
885 1700 133 27 Architekt
1037 1704 130 22 Galowich
1183 1704 123 25 gemacht,

716 1739 45 21 der
786 1744 47 15 uns
860 1739 26 20 in
911 1735 224 27 liebenswürdiger
1161 1738 80 21 Weise
1267 1737 39 21 die

716 1772 177 25 notwendigen
911 1771 165 22 Aufschlüsse
1094 1772 54 24 gab.
1166 1771 140 21 Einleitend

717 1805 92 21 wollen
825 1805 47 20 wir
889 1805 143 25 erwähnen,
1051 1804 48 21 daß
1116 1810 33 15 an
1168 1804 44 21 der
1230 1804 77 21 Stelle

717 1837 43 22 des
783 1838 165 22 Stadthauses
968 1838 61 21 zwei
1051 1838 82 21 Villen
1155 1837 44 21 der
1220 1838 87 20 Eisen-

717 1871 72 21 hütte
811 1871 112 25 standen,
944 1877 50 15 von
1014 1870 82 22 denen
1116 1871 40 21 die
1176 1871 55 20 eine
1251 1870 55 21 Pri-

717 1905 171 25 vatwohnung
915 1910 60 19 war,
999 1904 122 21 während
1148 1904 39 21 die
1214 1903 93 23 andere

717 1943 50 16 von
784 1937 44 21 der
844 1935 222 27 Jugendherberge
1082 1937 83 25 belegt
1181 1942 59 16 war.
1257 1937 50 21 Der

717 1975 77 21 ganze
809 1971 78 20 Block
903 1976 54 15 war
971 1970 165 25 gelegentlich
1152 1970 45 21 der
1212 1971 94 25 Spren-

717 2008 67 20 gung
804 2003 44 21 der
867 2003 168 21 Eischbrücke
1054 2009 41 15 am
1116 2004 33 20 10.
1169 2004 19 21 9.
1209 2004 27 20 44
1256 2001 51 23 und

717 2036 43 21 des
784 2036 243 21 Bombenabwurfes
1048 2036 121 22 während
1192 2036 44 21 der
1260 2036 51 22 Of-

717 2069 99 29 fensive
834 2075 41 15 am
894 2065 41 28 23.
950 2065 41 28 12.
1006 2065 27 28 44
1045 2075 29 24 so
1093 2074 51 20 arg
1156 2067 162 33 mitgenom-

714 2096 53 32 men
785 2096 124 32 worden,
937 2097 49 27 daß
1013 2097 31 27 er
1068 2097 155 32 abgetragen,
1236 2098 54 30 wer-

718 2134 48 21 den
784 2134 93 21 mußte.

741 2176 55 32 Das
816 2176 122 31 Gebäude
956 2176 88 31 macht
1062 2186 67 22 beim
1149 2179 83 28 ersten
1253 2186 53 22 An-

717 2218 66 22 blick
806 2216 70 28 einen
919 2216 97 28 äußerst
1031 2216 125 28 günstigen
1170 2216 139 28 .Eindruck,

718 2252 60 26 weil:
792 2258 27 15 es
836 2252 49 21 frei
901 2252 41 26 von
957 2252 82 26 .allen
1051 2252 102 26 Seiten,
1154 2252 54 21 auf
1225 2253 82 21 einem

718 2285 183 24 ausgedehnten
918 2285 122 24 -Gelände
1054 2277 47 29 mit
1110 2286 88 21 -einem
1217 2286 100 26 geräu-

1336 1436 84 25 migen
1442 1436 119 26 Vorplatz
1582 1436 67 25 liegt.
1673 1436 51 21 Wir
1744 1436 92 21 wollen
1858 1435 69 22 nicht

1338 1469 163 21 überheblich
1526 1470 52 20 sein
1602 1469 51 22 und
1678 1475 26 15 es
1728 1470 71 20 nicht
1821 1469 38 22 als
1882 1469 44 22 das

1338 1502 115 21 schönste
1480 1502 44 21 des
1554 1502 98 22 Landes
1680 1502 158 26 bezeichnen,
1867 1503 60 21 aber

1336 1532 118 21 manches
1480 1532 138 21 Städtchen
1640 1532 65 22 wird
1728 1539 47 15 uns
1799 1533 128 21 bestimmt

1337 1564 90 21 darum
1445 1565 129 21 beneiden.

1366 1601 45 21 Die
1439 1602 155 21 Grundform
1619 1602 44 22 des
1689 1603 133 21 Gebäudes
1849 1604 78 21 bildet

1337 1634 41 21 ein
1398 1633 126 22 Rechteck
1544 1641 49 15 von
1613 1635 84 22 31X13
1717 1642 33 15 m.

1365 1672 46 21 Die
1429 1673 224 25 Treppenanlagen
1668 1673 47 21 mit
1731 1673 57 22 dem
1805 1674 63 22 dazu
1884 1679 42 20 ge-

1334 1705 129 22 hörenden
1479 1706 91 21 Podest
1587 1707 51 21 und
1656 1707 56 21 dem
1729 1708 60 24 groß
1808 1709 117 24 angeleg-

1336 1737 44 21 ten
1404 1738 209 26 Eingangsportal
1638 1739 98 21 wirken
1761 1739 58 21 sehr
1843 1740 84 24 gedie-

1336 1776 55 20 gen.
1412 1772 46 21 Die
1477 1772 107 21 Fassade
1604 1773 46 21 mit
1669 1773 57 21 dem
1745 1773 26 21 in
1791 1773 44 21 der
1854 1774 74 21 Mitte

1337 1805 52 21 sich
1403 1805 171 22 befindlichen
1586 1806 99 22 Balkon
1699 1806 84 22 macht
1797 1808 73 20 einen
1883 1813 44 15 ru-

1337 1838 75 25 higen
1433 1838 132 21 Eindruck.
1589 1839 87 21 Gleich
1695 1840 55 21 hier
1771 1840 84 21 macht
1876 1841 51 21 sich

1337 1871 40 22 die
1391 1872 84 21 Kunst
1491 1873 137 21 bemerkbar
1674 1871 68 23 Über
1758 1874 56 21 dem
1829 1874 99 21 Balkon

1337 1905 44 21 das
1414 1898 170 29 künstlerisch
1617 1906 27 21 in
1676 1906 70 21 Stein
1779 1907 148 25 gemeißelte

1337 1939 118 25 Wappen,
1472 1939 44 21 das
1530 1944 47 16 aus
1593 1940 74 21 Eisen
1676 1940 251 24 geschmiedete.Ein-

1338 1972 168 26 gangsportal,
1529 1979 45 19 wo,
1598 1973 48 21 wie
1669 1973 104 25 überall,
1797 1979 49 16 nur
1868 1974 59 20 Ein-

1335 2006 112 21 fachheit
1465 2007 26 20 in
1509 2007 44 21 der
1571 2008 74 20 Form
1663 2008 51 20 und
1733 2008 193 25 kunstgerechte

1335 2039 251 25 Herstellungsweise
1617 2040 109 21 erstrebt
1758 2040 51 21 und
1841 2041 86 21 erzielt

1335 2068 205 22 wurden.

1366 2101 84 24 Kaum
1468 2104 44 21 hat
1532 2101 59 24 man
1606 2104 44 21 -die
1661 2104 132 21 -Schwelle
1812 2100 115 26 übertre-

1337 2135 68 27 ten,'
1420 2135 55 27 wird
1496 2136 45 22 das
1561 2138 72 24 Auge
1655 2135 110 27 gebannt
1786 2136 79 24 durch
1887 2135 50 24 ein:

1335 2165 138 32 herrliches
1490 2171 110 26 farbiges
1619 2170 110 27 Fenster,
1748 2170 55 27 das,
1817 2170 27 27 in
1862 2169 75 26 stilir"-

1336 2204 74 24 sieter
1426 2195 83 34 Rorm,
1526 2200 123 29 Steinfort
1665 2205 36 20 als
1717 2205 209 24 Eingangsportal

1339 2242 55 15 zum
1416 2237 44 20 Tal
1481 2236 46 21 der
1548 2234 85 23 sieben
1656 2236 128 22 Schlösser
1805 2236 121 21 darstellt.

1338 2270 36 20 Zu
1390 2269 110 25 gleicher
1515 2269 54 25 Zeit
1584 2269 63 26 wird
1663 2269 47 26 der
1722 2269 71 21 Blick
1806 2269 121 25 hingezo-

1335 2308 48 21 gen
1400 2309 30 15 zu
1448 2292 44 32 der
1509 2302 280 26 kunstgeschmiedeten
1797 2303 128 25 Treppen-

1338 2341 86 20 rampe
1430 2335 55 22 mit
1498 2335 82 21 einem
1592 2335 144 26 kupfernen
1750 2332 123 27 Überzug.-

1357 2370 67 22 Die-
1435 2367 102 26 äußerst
1558 2365 138 32 glücklich
1706 2371 160 26 geschaffene
1888 2371 39 21 in-

1338 2401 60 24 nere
1417 2401 143 29 Einteilung
1579 2406 33 20 ist
1631 2406 61 20 kurz
1711 2401 107 28 folgende
1866 2405 62 20 Erd-

1339 2437 96 27 gesphoß
1480 2438 226 26 Staatssparkasse;
1724 2438 83 22 linker
1825 2438 77 25 Flügel

1339 2461 233 37 Anmeldezimmer,
1592 2472 179 21 Gendarmerie
1790 2472 51 21 und
1858 2472 70 21 Kon-

1338 2505 102 26 trollarzt
1486 2506 78 20 erstes
1590 2505 132 21 Stockwerk
1778 2505 149 21 Gemeinde-

1339 2539 139 25 verwaltung
1537 2538 164 25 Dachgeschoß
1761 2539 62 20 zwei
1854 2538 74 21 Woh-

1339 2577 101 20 nungen
1463 2572 52 21 und
1540 2572 233 25 Gemeindearchiv;
1796 2572 132 24 Kellerge-

1340 2605 94 21 schoß
1435 2606 135 24 Wannen,
1590 2605 182 25 Brausebäder,
1791 2605 137 21 Toiletten-

1340 2639 112 26 anlagen,
1470 2639 139 24 Heizungs-
1627 2638 52 22 und
1697 2638 231 25 Provisionskeller,

1341 2672 104 24 Garage,
1470 2672 101 25 Atelier,
1596 2672 87 24 Lager,
1707 2670 220 26 Abstellmöglich-

1339 2705 53 24 keit
1405 2705 42 21 für
1460 2702 160 27 Fuhrwerke,
1634 2702 150 23 Feuerwehr
1797 2710 60 16 usw.
1872 2705 56 20 Was

1340 2738 103 20 letztere
1458 2738 143 24 anbelangt,
1620 2738 35 21 sei
1673 2738 121 24 bemerkt,
1811 2737 48 22 daß
1877 2738 52 21 sich

1340 2771 34 21 im
1392 2772 93 19 Innern
1502 2771 64 21 noch
1585 2771 40 20 ein
1644 2771 76 20 Turm
1738 2777 56 15 zum
1811 2771 116 21 Aufhän-

1341 2809 47 20 gen
1402 2804 45 22 der
1463 2804 141 22 Schläuche
1620 2804 119 21 befindet.

1365 2843 70 27 Nach
1455 2849 47 21 den
1521 2849 95 21 Plänen
1635 2854 49 15 von
1703 2849 223 27 Städtehauarchi-

1340 2882 55 21 tekt
1412 2882 70 25 Luja,
1501 2882 64 21 wird
1583 2882 25 20 in
1626 2881 57 21 dem
1700 2881 84 21 hinter
1803 2881 56 20 dem
1879 2881 49 20 Ge-

1341 2915 81 21 bäude
1435 2915 132 25 liegenden
1584 2914 110 22 Gelände
1710 2914 40 21 ein
1765 2914 77 21 schon
1855 2914 73 24 lange

1337 2949 171 21 erwünschter
1529 2948 66 21 Park
1617 2948 121 25 angelegt,
1759 2948 25 20 in
1805 2948 56 21 dem
1882 2948 44 21 be-

1341 2981 102 21 sonders
1456 2981 96 21 Mütter
1566 2980 50 22 und
1629 2980 96 21 Kinder
1739 2980 51 21 und
1803 2979 69 22 nicht
1886 2986 42 15 zu-

1341 3014 60 22 letzt
1425 3020 91 15 unsere
1542 3014 138 24 Touristen,
1707 3013 59 21 weit
1793 3013 137 25 abgelegen

1341 3053 49 15 von
1408 3048 44 21 der
1470 3047 206 25 geräuschvollen
1695 3046 165 26 Landstraße,
1877 3046 52 21 sich

1341 3079 127 22 ausruhen
1486 3086 64 19 resp.
1572 3080 170 21 austummeln
1759 3080 108 21 können.

1370 3114 51 20 Wir
1446 3114 87 20 stehen
1556 3114 55 21 hier
1635 3114 25 20 in
1685 3113 152 25 Gegenwart
1860 3113 67 21 eines

1956 1435 193 22 harmonischen
2176 1430 109 30 Ganzen,
2312 1435 67 22 eines
2407 1434 138 26 Gebäudes,

1958 1469 44 21 das
2026 1468 52 22 sich
2102 1468 73 26 ruhig
2199 1468 81 23 neben
2304 1468 95 22 andern
2423 1467 123 26 größeren

1957 1498 98 25 Bauten
2073 1501 43 22 des
2134 1498 98 24 Landes
2251 1501 84 25 zeigen
2352 1502 75 21 kann.

1985 1555 88 21 Neben
2087 1554 49 22 den
2150 1552 182 22 tatsächlichen
2346 1550 139 25 Künstlern
2501 1550 46 25 war

1957 1589 55 20 hier
2029 1586 71 27 jeder
2116 1584 174 28 Handwerker
2302 1585 44 22 ein
2363 1586 121 28 Künstler
2502 1583 44 25 auf

1959 1622 67 21 seine
2042 1621 48 21 Art
2104 1621 51 21 und
2172 1612 82 42 Weise.
2481 1623 46 18 ̃'

1988 1673 149 25 "Sämtliche
2166 1673 185 21 Unternehmer
2378 1673 53 22 und
2459 1673 87 22 Hand-

1957 1706 207 25 werksmeister",
2182 1703 56 31 sagt
2254 1712 46 15 uns
2318 1706 66 21 Herr
2401 1701 144 30 Gallowich,

1959 1740 54 25 "die
2035 1746 33 15 an
2089 1738 95 23 diesem
2203 1738 58 23 Bau
2280 1739 163 25 mitwirkten,
2464 1734 82 26 haben

1958 1774 39 21 ihr
2014 1773 165 25 Möglichstes
2192 1773 82 25 getan,
2291 1779 43 15 um
2347 1772 51 23 den
2415 1769 131 28 gestellten

1958 1807 212 25 Anforderungen
2191 1805 104 27 gerecht
2317 1812 31 16 zu
2370 1806 111 21 werden.
2495 1806 51 21 und

1957 1841 143 25 verdienen,
2119 1840 48 21 daß
2185 1840 54 21 ihre
2255 1840 90 24 Arbeit
2362 1845 49 16 von
2429 1839 44 21 der
2490 1835 57 30 gro-

1958 1875 49 21 Ben
2028 1871 193 24 Öffentlichkeit
2240 1873 81 22 näher
2341 1872 133 26 besichtigt
2495 1872 51 22 und

1954 1908 146 25 gebührend
2124 1908 129 25 geschätzt
2274 1907 104 21 werde."

112 2345 19 17 ••
142 2345 28 17 .-•
181 2345 84 17 -•̃};-
219 2343 133 18 ̃••.
375 2343 22 18 ̃
421 2343 22 18 ̃
552 2344 124 15 .;̃:•'
881 2356 14 8 ·
1004 2335 44 30 V

102 2360 294 64 RADIO-
446 2360 98 64 L,
593 2360 49 64 ü
664 2378 57 44 V
752 2367 51 55 E
855 2367 51 55 M
905 2357 51 66 B
1009 2357 51 66 O
1071 2366 48 59 ü
1168 2366 48 59 R
1264 2366 48 59 G

127 2462 27 21 M
164 2468 13 15 a
186 2468 12 15 r
207 2462 16 21 d
231 2462 8 21 i
273 2462 25 21 17
313 2462 106 21 octobre.
477 2461 55 25 6.40,
546 2462 55 24 7.45,
618 2461 69 24 12.10,

100 2493 69 25 13.00,
209 2493 71 20 19.15:
319 2491 186 24 Informations,
543 2496 76 15 revue
657 2490 31 21 de

99 2528 85 20 presse
205 2522 25 21 et
251 2522 136 25 chronique
408 2521 116 25 agricole;
547 2521 58 20 7.04:
627 2521 60 24 Joy-

99 2557 59 16 euse
176 2551 45 21 fete
265 2552 58 20 7.14:
344 2552 34 20 La
397 2551 78 25 petite
495 2551 112 25 histoire;
629 2550 57 21 7.15:

98 2582 120 25 Bonjour,
243 2581 24 21 le
293 2581 77 21 monde
427 2581 58 20 7.30:
510 2578 148 26 Nouveautes

99 2611 58 20 7.40:
173 2611 50 21 Son
238 2611 31 21 de
284 2611 93 25 cloche;
394 2611 57 21 8.00:
469 2610 53 25 "On
535 2610 36 21 dit
586 2610 100 25 que.

99 2641 58 21 8.15:
180 2640 129 21 Chansons
331 2640 25 21 et
377 2639 99 25 danses;
499 2640 58 20 8.40:
579 2640 35 20 Le
635 2639 53 21 me-

99 2675 64 21 nage
179 2676 31 16 en
226 2671 126 24 musique;
369 2671 55 23 9.00,
443 2670 69 24 10.00,
531 2670 68 24 11.00,
618 2669 69 25 12.00,

100 2701 68 24 14.00,
186 2701 69 23 15.00,
271 2700 69 24 18.00,
356 2700 71 24 20.00,
443 2700 70 24 21.00,
529 2700 70 23 22.00,
615 2700 72 20 23.00:

100 2730 69 25 Coup
186 2730 72 25 d'oeil
277 2735 43 16 sur
336 2730 23 20 le
377 2729 99 25 monde;
496 2729 71 21 10.01:
585 2729 33 20 Le
635 2727 52 22 me-

99 2764 64 21 nage
184 2766 31 15 en
236 2760 124 25 musique;
383 2759 71 21 11.01:
476 2759 33 21 Le
531 2758 104 25 menage
657 2764 31 15 en

98 2790 103 25 musique
253 2789 57 21 11.45
353 2788 121 25 Bringing
496 2788 84 21 Christ
600 2788 25 21 to
646 2788 43 21 the

99 2820 90 24 nations
237 2819 56 21 12.20
335 2819 34 20 Le
388 2818 176 25 Luxembourg
584 2817 71 26 parle
674 2817 14 21 ä

99 2854 38 15 ses
158 2849 68 21 -amis
253 2848 31 21 de
309 2848 143 26 l'etranger;
480 2849 71 20 12.30:
577 2848 47 20 Les
650 2848 38 20 six

99 2879 70 24 jours
188 2878 30 21 de
237 2878 24 20 la
281 2878 120 24 chanson;
423 2878 71 20 12.35:
514 2878 46 20 Les
581 2877 106 21 aventu-

99 2914 40 15 res
155 2908 30 21 de
203 2907 112 26 Piedalu;
333 2908 71 20 12.37:
422 2908 49 21 Sur
485 2907 23 21 le
526 2908 71 24 banc;
616 2907 71 21 12.53:

99 2938 17 25 A
135 2938 102 25 propos
259 2937 30 20 de
310 2937 125 25 musique;
460 2937 72 20 12.54:
556 2937 34 20 Le
613 2937 75 21 relais

100 2967 43 21 des
163 2967 122 25 vedettes;
309 2967 71 21 12.59:
402 2967 34 20 Le
456 2972 76 15 menu
553 2966 30 21 de
604 2966 83 21 Philo-

99 2996 60 27 mene
208 2997 56 21 13.13
305 2996 183 25 Vagabondage
508 3002 31 15 en
557 2996 102 25 musique

101 3027 71 22 14.01:
197 3025 137 26 “Madame,
357 3025 129 21 etes-vous
509 3025 59 21 chez
590 3025 56 21 vous
661 3025 28 21 ?"

102 3056 71 22 14.45:
198 3056 35 21 La
257 3056 59 21 voix
341 3055 33 21 du
398 3055 84 21 Christ
506 3061 49 15 aux
579 3055 108 25 nations;

101 3083 71 23 15.01:
190 3086 34 20 Le
241 3085 104 25 menage
363 3091 32 15 en
409 3085 125 25 musique;
554 3086 71 20 15.30:
643 3085 45 20 Fin

101 3117 30 20 de
153 3115 143 26 l'emission;
321 3115 71 20 16.40:
414 3115 121 24 Bringing
558 3114 84 21 Christ
663 3114 26 20 to

704 2462 57 21 the
775 2462 108 25 nations;
899 2462 71 21 17.15:
986 2462 53 22 The.
1050 2462 70 21 voice
1133 2462 27 21 of
1171 2462 172 30 prophecy;

721 2492 71 20 17.30:
811 2492 33 21 Le
862 2489 171 28 passe-temps
1052 2492 42 22 des
1112 2493 91 20 Dames
1223 2484 30 29 et
1269 2484 45 29 des
1330 2484 15 29 j
1338 2506 5 20 i

719 2521 171 26 Demoiselles;
917 2522 71 21 18.00:
1013 2523 34 20 La
1071 2522 95 21 minute
1191 2522 117 26 poetique

768 2551 117 25 “Parlons
907 2551 122 23 Chiffons"
1099 2552 46 20 Les
1166 2551 141 26 problemes
1339 2545 5 10 1

718 2580 34 21 du
773 2586 74 15 coeur
911 2580 36 21 La
963 2578 88 27 future
1069 2587 107 15 maman
1237 2578 64 29 "Ah
1339 2578 5 15 ]

719 2610 58 25 quel
798 2610 77 21 succes
936 2609 71 22 18.46:
1029 2607 108 24 Charme
1157 2611 30 21 de
1207 2611 24 20 la
1251 2611 93 22 mu-

704 2638 94 49 sique;
821 2640 71 20 18.50:
913 2639 66 27 Sacha
1021 2639 93 27 Guitry;
1135 2641 71 20 19.00:
1227 2641 116 20 Emis-

720 2669 54 20 sion
793 2675 32 15 en
844 2669 227 26 luxembourgeois;
1095 2667 72 24 19.26:
1187 2671 47 20 Les
1255 2670 52 22 me-

720 2699 90 21 moires
839 2699 58 21 d'un
925 2700 77 25 piano;
1040 2700 71 22 19.30:
1140 2700 204 26 L'orchestre-
1339 2705 5 21 ]

720 2728 108 25 musette
860 2728 31 21 de
922 2728 280 27 Radio-Luxembourg;
1236 2731 107 27 19.40:

721 2757 60 21 Tres
795 2758 59 25 juste
891 2759 71 21 19.45:
976 2755 68 23 Dans
1058 2765 34 15 un
1105 2759 115 26 fauteuil;
1236 2760 107 31 19.55:

721 2787 185 26 "Presentez-le
931 2787 142 25 vous-meme
1148 2789 71 20 19.59:
1246 2789 98 39 Der-

721 2816 81 21 nieres
822 2817 128 21 nouvelles
971 2815 132 29 sportives;
1123 2819 72 21 20.01:
1215 2810 128 33 Depuis

720 2846 24 21 la
770 2847 135 21 Courneuve
960 2847 77 23 Reine
1061 2847 59 22 d'un
1145 2848 65 26 jour;
1236 2849 72 21 20.30:

718 2875 142 22 Previsions
877 2876 212 27 meteorologiques
1136 2878 57 20 20.31
1232 2878 76 25 Vingt

719 2911 44 15 ans
784 2905 30 22 de
833 2906 121 25 bonheur;
972 2904 74 24 20.45.:
1067 2907 27 21 Si
1112 2906 27 25 je
1153 2906 92 25 n'etais
1263 2913 81 22 pas

720 2935 130 26 chanteur;
883 2937 72 20 21.01:
986 2936 105 22 Arretez
1121 2932 24 25 la
1177 2937 101 25 musique
1337 2954 6 15 E

720 2965 72 25 21.30:
809 2965 98 21 Minute
923 2961 118 29 sportive;
1059 2966 72 21 21.31:
1148 2967 111 21 L'Heure
1275 2966 68 28 du

720 2994 119 26 mystere;
858 2993 72 22 22:01:
948 2995 116 25 Musique
1083 2996 30 21 de
1131 2996 86 26 danse;
1236 2987 82 30 22.25:

721 3025 133 20 Jeunesses
872 3024 33 22 du
923 3017 65 33 monde
1041 3025 71 23 22.30:
1132 3023 124 28 "Bonsoir,
1274 3025 35 22 les

722 3053 54 21 amis
835 3054 72 30 23^01:
928 3052 111 26 Revival
1053 3055 77 24 Time;
1153 3056 72 20 23.30:
1246 3053 98 23 Irish

720 3082 55 25 half
789 3083 71 25 hour;
877 3084 71 20 24.00:
961 3084 82 23 .Music
1060 3084 26 22 at
1099 3085 133 26 midnight;
1250 3086 93 21 0.30:

721 3112 45 21 Fin
783 3112 31 21 de
831 3112 207 25 l'emission..

1983 1998 558 82 Einkommen-Anglei-

1959 2089 198 74 chung
2164 2091 82 66 in
2263 2077 286 86 Schweden

1987 2181 47 22 Die
2097 2174 359 32 Einkommensentwicklung
2519 2177 26 23 in

1954 2214 151 27 Schweden,
2121 2214 93 25 soweit
2231 2213 38 24 sie
2284 2213 64 24 sich.
2359 2219 47 19 aus.
2422 2212 45 26 der
2486 2212 69 28 Ein-.-

1954 2238 342 31 kommensteuer-Statistik
2324 2241 132 29 ermitteln
2484 2241 60 30 läßt,

1956 2280 68 26 zeigt
2036 2280 43 22 die
2093 2280 116 27 gleichen
2225 2270 62 36 Züge
2303 2270 47 36 auf
2367 2270 47 36 wie
2430 2270 31 36 in
2473 2274 80 27 man.

1956 2315 69 21 chen
2034 2315 124 21 Ländern.
2175 2315 55 20 Das
2241 2312 253 26 Charakteristische
2501 2305 44 32 da-r

1955 2345 40 27 bei
2009 2345 53 27 ist;
2076 2345 53 27 'daß
2147 2345 47 22 der
2210 2344 157 27 .A-nteilfder
2387 2344 168 27 niedrigsten

1956 2374 170 26 Einkommen
2140 2381 38 19 an'
2187 2378 45 22 der
2248 2377 165 22 Gesamtzahl
2428 2377 45 22 der
2486 2377 66 22 Ein-

1956 2412 241 22 kommenbezieher
2211 2411 77 27 sinkt,
2302 2407 124 26 während
2440 2411 45 22 der
2501 2410 45 22 der

1956 2446 90 22 nächst
2064 2440 114 27 höheren
2194 2445 62 22 oder
2273 2445 132 22 mittleren
2422 2444 124 27 Gruppen

1957 2479 82 27 steigt.
2056 2479 33 22 So
2107 2479 48 27 gab
2172 2484 27 16 es
2214 2479 27 21 in
2258 2478 142 22 Schweden
2416 2478 36 22 im
2468 2477 78 22 Jahre

1960 2512 57 21 1930
2044 2512 139 27 insgesamt
2208 2509 119 23 2.630.000
2352 2511 193 22 Einkommens-

1956 2545 126 22 bezieher.
2118 2540 91 26 Davon
2230 2545 89 22 hatten
2341 2544 71 22 nicht
2433 2542 114 28 weniger

1958 2578 36 22 als
2013 2578 120 22 2.440.000
2153 2578 40 22 ein
2211 2574 171 26 Einkommen
2398 2584 51 16 von
2467 2577 79 23 weni-

1957 2617 44 21 ger
2018 2611 38 23 als
2072 2611 60 22 5000
2148 2611 160 23 Kronen.im
2326 2611 80 26 Jahre
2423 2611 61 22 oder
2503 2611 43 22 100

1957 2645 105 22 Kronen
2083 2644 176 22 wöchentlich.
2280 2644 55 22 Nur
2357 2644 95 22 189.000
2473 2644 73 22 bezo-

1957 2684 49 21 gen
2024 2678 41 22 ein
2084 2678 177 22 Einkommen
2270 2684 50 15 von
2338 2678 75 22 mehr
2431 2678 38 22 als
2487 2678 59 22 5000

1957 2712 105 22 Kronen
2076 2711 117 27 jährlich.
2207 2711 55 22 Nur
2274 2711 59 21 4300
2347 2711 131 22 erfreuten
2491 2711 55 22 sich

1958 2744 69 22 eines
2045 2744 182 26 Einkommens
2247 2743 54 23 von
2319 2743 71 23 mehr
2407 2744 38 22 als
2463 2744 82 22 40.000

1957 2778 104 22 Kronen
2084 2774 118 30 jährlich.
2225 2775 38 24 Im
2286 2777 79 26 Jahre
2389 2777 59 28 1948
2469 2777 76 27 dage-

1957 2817 48 21 gen
2027 2811 33 22 ist
2088 2810 56 22 eine
2174 2810 165 22 wesentliche
2359 2808 187 29 Veränderung

1958 2844 165 27 eingetreten.
2141 2843 48 22 Die
2208 2843 63 22 Zahl
2288 2844 45 22 der
2351 2842 209 24 Einkommens-

1957 2877 118 22 bezieher
2093 2877 45 28 hat
2157 2876 55 24 sich
2244 2877 45 26 auf
2308 2877 120 22 3.368.000
2446 2877 99 22 erhöht.

1957 2911 74 22 Trotz
2046 2910 84 22 dieser
2146 2910 104 22 starken
2265 2909 122 29 Zunahme
2406 2909 70 29 aber
2491 2910 56 27 gibt

1958 2950 25 16 es
2006 2944 35 22 im
2064 2943 148 27 Vergleich
2220 2950 34 16 zu
2279 2944 57 23 1930
2358 2943 52 22 viel
2432 2943 114 27 weniger

1957 2977 129 22 Personen
2103 2976 48 22 mit
2170 2977 59 22 dem
2247 2976 158 27 niedrigsten
2425 2977 120 22 Einkom-

1956 3017 60 16 men
2034 3017 51 16 von
2105 3011 75 21 unter
2202 3010 58 22 5000
2280 3010 106 22 Kronen
2404 3010 36 22 im
2458 3010 101 27 Jahre,

1956 3042 113 24 nämlich
2087 3050 49 15 nur
2156 3042 126 24 1.597.000.
2301 3039 121 32 Dagegen
2441 3040 104 26 werden

1955 3077 44 22 für
2015 3077 42 22 die
2072 3076 106 22 nächste
2194 3075 284 29 Einkömmensgruppe
2495 3083 50 16 von

1941 3048 170 88 5000-10.000
2134 3110 106 26 Kronen
2263 3110 36 29 im
2323 3110 78 22 Jahre
2427 3108 108 29 1.426.000

2573 1562 128 22 Personen
2722 1562 107 27 gezählt,
2848 1562 127 22 während
2990 1569 27 16 es
3036 1564 57 22 1930
3113 1571 49 16 nur

2574 1601 77 22 ganze
2667 1591 94 27 129.000
2776 1602 94 16 waren.
2883 1596 70 22 Aber
2967 1597 66 22 auch
3047 1597 41 22 die
3101 1597 60 22 Per-

2574 1636 78 16 sonen
2682 1629 47 22 mit
2759 1630 59 22 dem
2847 1629 123 22 höchsten
2992 1630 169 23 Einkommen

2574 1662 56 22 sind
2647 1663 100 22 stärker
2765 1664 121 22 vertreten
2933 1663 79 22 11.000
3030 1664 74 22 weist
3120 1665 41 22 die

2575 1692 118 33 Statistik
2710 1696 52 22 auf.

2605 1747 109 23 Obwohl
2731 1755 27 16 es
2775 1749 51 22 also
2845 1748 195 23 unzweifelhaft
3056 1749 39 27 ist,
3112 1750 50 22 daß

2575 1781 40 22 ein
2634 1782 152 22 Aufrücken
2806 1782 27 22 in
2853 1782 95 22 höhere
2969 1782 193 23 Einkommens-

2574 1813 102 24 klassen
2695 1815 193 27 stattgefunden
2922 1815 52 27 hat,
3009 1822 27 16 so
3069 1814 93 24 dürfen

2573 1849 66 25 doch
2662 1848 93 22 daraus
2778 1848 76 22 keine
2876 1848 68 22 allzu
2967 1849 195 27 weitgehenden

2573 1881 120 24 Schlüsse
2711 1887 111 22 gezogen
2839 1882 111 22 werden.
2968 1882 53 22 Vor
3036 1882 77 22 allem
3130 1882 33 22 ist

2573 1910 81 27 dabei.
2661 1916 86 21 zuerst
2758 1915 42 22 die
2810 1915 49 22 seit
2873 1915 57 22 1930
2943 1915 66 22 auch
3020 1915 27 22 in
3060 1914 102 24 Schwe-

2574 1948 49 22 den
2649 1954 32 16 zu
2705 1948 202 22 verzeichnende
2933 1948 230 29 Geldentwertung

2574 1987 31 15 zu
2624 1981 231 27 berücksichtigen.
2876 1981 43 22 Sie
2939 1982 66 22 wird
3024 1982 44 22 für
3087 1982 90 27 einen

2575 2014 96 27 großen
2692 2014 55 22 Teil
2766 2014 152 22 verhindert
2937 2015 92 27 haben,
3050 2015 51 22 daß
3121 2015 42 22 die

2575 2047 317 27 Einkommenserhöhuhg
2911 2054 32 16 zu
2964 2048 71 22 einer
3054 2050 108 21 wesent-

2575 2080 84 22 lichen
2688 2080 139 27 Erhöhung
2855 2081 44 22 des
2926 2081 237 24 Lebensstandards

2576 2112 106 23 werden
2702 2114 103 22 konnte.
2828 2114 149 23 Außerdem
2998 2114 34 22 ist
3053 2115 62 22 aber
3136 2115 38 22 in'

2574 2137 144 32 Schweden
2738 2147 27 22 in
2785 2147 49 22 den
2854 2147 97 22 Jahren
2973 2147 49 22 seit
3043 2148 57 22 1930
3122 2148 42 22 die

2576 2173 254 34 Industrialisierung
2858 2181 27 22 in
2915 2181 143 22 stärkerem
3086 2181 88 26 Maße

2574 2211 217 29 fortgeschritten,
2805 2214 123 27 wodurch
2941 2214 233 33 Hunderttausen-

2575 2247 45 22 de
2627 2247 36 25 der
2694 2242 251 34 Landbevölkerung
2965 2246 27 26 in
3012 2246 43 24 die
3073 2233 101 38 Fabri-

2574 2274 70 33 ken-
2662 2274 158 33 gekommen-
2838 2274 88 33 sind.
2944 2274 17 33 =
2980 2274 17 33 r
3027 2290 89 15 ::•̃̃̃
3168 2290 8 11 v

2620 2319 33 41 Die
2667 2324 354 36 Einkommensangleichung
3033 2326 146 33 iriußsiclf
3170 2327 9 33 f

2575 2363 53 25 wie,
2642 2363 27 25 in
2680 2364 69 22 allen
2762 2357 124 33 anderen.
2903 2357 109 33 Ländern
3025 2356 151 36 jedenfalls'

2574 2397 66 22 auch
2651 2397 32 22 in
2701 2392 141 27 Schweden
2859 2398 66 22 noch
2943 2398 56 22 eine
3014 2399 78 27 lange
3107 2399 66 22 Zeit-

2575 2431 146 27 fortsetzen,
2744 2431 46 22 ehe
2810 2431 37 22 sie
2867 2431 50 22 den
2937 2431 88 22 Punkt
3044 2430 131 29 erreicht,.

2577 2466 44 21 der
2661 2466 44 21 der
2745 2466 108 22 sozialen
2887 2466 188 26 Gerechtigkeit
3107 2468 70 22 ent--

2576 2496 104 27 spricht.

2600 2602 264 36 Sozialistische
2888 2600 273 45 Arbeiterpartei

2749 2660 239 22 Kammerfraktion

2606 2704 46 22 Die
2670 2705 238 22 Kammerfraktion
2925 2705 167 22 versammelt
3108 2705 72 23 sich.

2576 2734 122 22 nächsten
2717 2734 128 27 Dienstag,
2864 2734 50 22 den
2935 2734 34 22 17.
2988 2734 128 27 Oktober,
3133 2734 32 27 um

2578 2764 13 21 2
2607 2764 65 22 Uhr
2687 2764 47 22 im
2756 2764 249 27 Kammergebäude,
3031 2764 61 22 Saal
3115 2764 47 22 der

2575 2794 20 22 3.
2616 2793 113 22 Sektion.

2629 2862 32 21 P.
2680 2862 28 21 O.
2729 2862 23 22 S.
2770 2862 27 21 L.
2862 2861 80 25 Groß
2963 2861 200 25 -Luxemburg

2605 2906 51 21 Am
2667 2906 121 21 nächsten
2803 2906 127 25 Dienstag,
2943 2906 49 21 den
3007 2906 33 21 17.
3055 2905 110 22 Oktober

2578 2941 42 16 um
2634 2937 11 20 8
2661 2936 60 25 Uhr,
2735 2935 82 22 findet
2829 2936 35 21 im
2878 2936 74 22 Saale
2965 2936 99 25 Poucet,
3079 2936 87 22 Fisch-

2578 2965 89 26 markt,
2699 2965 55 21 eine
2784 2965 116 26 wichtige
2932 2965 151 22 Vorstands-
3114 2965 53 22 und

2576 2994 333 26 Mitgliederversammlung
2937 2994 44 22 der
3009 2995 158 25 vereinigten

2575 3024 105 21 Sektion
2690 3024 256 25 Groß-Luxemburgs
2965 3024 66 22 statt.
3048 3025 46 20 Die
3100 3025 66 21 Sek-

2576 3048 221 31 tionsdelegierten
2815 3053 75 21 sowie
2906 3053 131 22 sämtliche
3053 3053 111 26 Mitglie-

2576 3083 45 22 der
2643 3083 55 21 sind
2721 3083 122 25 dringend
2865 3083 147 25 eingeladen
3034 3083 132 22 derselben

2577 3113 187 21 beizuwohnen.

806 3295 526 108 Liebeszauber
1373 3293 137 127 auf
1551 3293 430 125 Pita-Paga

807 3468 165 64 Die
1016 3462 256 67 'Insel
1349 3466 149 60 der
1566 3465 456 61 Dämonen

2147 3284 60 26 Ein
2240 3284 231 27 exotischer

2147 3329 157 22 Liebes
2306 3329 145 22 -Roman

2273 3368 49 23 von

2147 3409 107 23 Anita
2278 3410 174 22 HUNTER

2146 3484 142 27 Copyright
2302 3484 33 27 by
2350 3484 99 27 Meyer-

2147 3531 77 22 press,
2274 3524 176 28 Kopenhagen

101 3215 120 49 Immer
241 3239 88 22 weiter
347 3235 116 23 wickelte
485 3233 53 22 sich
557 3232 44 21 der
621 3231 66 26 Kör-

99 3279 44 21 per
165 3272 44 21 der
232 3269 122 23 Schlange
377 3271 44 16 aus
444 3264 56 21 dem
523 3255 165 28 Blumenflor.

99 3300 142 23 Unendlich
257 3296 136 25 vorsichtig
456 3291 121 23 während
596 3296 27 15 er
640 3291 48 20 im-

99 3329 49 23 mer
166 3329 99 23 wieder
281 3326 118 22 monoton
418 3324 39 21 die
475 3321 113 27 gleichen
606 3319 82 22 Worte

99 3358 163 24 wiederholte
289 3356 51 22 und
367 3353 51 22 sich
446 3351 77 22 selbst
548 3350 70 22 nicht
644 3349 44 21 be-

99 3390 89 25 wegte
237 3386 95 22 öftnete
349 3383 88 22 Stefan
452 3381 69 22 Salto
537 3380 38 21 die
591 3379 97 22 Schub-

99 3419 57 22 lade
178 3417 80 22 seines
279 3411 213 26 Schreibtisches.
506 3411 33 20 Er
559 3408 49 22 ließ
630 3408 59 21 kein

100 3450 71 23 Auge
191 3443 51 25 von
264 3445 44 22 der
328 3443 131 23 Schlange,
481 3445 27 15 er
530 3438 91 22 tastete
641 3442 48 16 nur

101 3478 45 22 mit
164 3478 48 21 den
227 3474 113 22 Händen.
358 3472 57 22 Und
432 3470 67 22 dann
515 3468 71 22 hatte
602 3473 27 15 er
646 3472 42 21 ge-

100 3507 103 24 funden,
220 3511 52 16 was
288 3502 28 22 er
333 3501 93 22 suchte.
443 3500 74 22 Seine
535 3496 154 26 Fingerspit-

101 3543 44 16 zen
159 3535 96 22 stießen
267 3538 80 21 gegen
359 3531 44 22 das
416 3529 77 22 kühle
506 3527 89 22 Metall
608 3527 80 21 seines

101 3566 143 22 Revolvers.

129 3604 51 20 Der
202 3600 83 22 Schuß
308 3598 111 24 krachte,
450 3596 44 21 der
517 3594 99 25 Körper
645 3593 45 21 der

101 3632 123 24 Schlange
239 3629 56 26 glitt
309 3628 62 21 über
386 3627 48 21 den
447 3624 73 22 Rand
533 3623 43 21 des
590 3622 100 22 flachen

101 3661 97 22 Korbes
220 3660 99 23 hinweg
349 3656 51 22 und
429 3654 125 22 klatschte
574 3652 45 22 auf
642 3648 48 24 den

101 3689 143 24 Fußboden,
268 3687 99 22 machte
389 3686 41 21 ein
453 3689 61 20 paar
538 3682 152 24 Zuckungen

102 3720 51 22 und
167 3720 41 24 lag
224 3718 67 21 dann
306 3716 58 21 still.

131 3756 69 21 Noch
213 3756 89 20 immer
315 3752 73 22 stand
398 3750 93 22 Carlita
506 3749 58 21 steif
575 3749 47 21 wie
635 3748 55 20 eine

103 3787 94 23 Statue,
211 3782 118 27 plötzlich
345 3780 145 22 schwankte
505 3779 42 24 sie,
563 3777 44 22 der
621 3776 69 21 Korb

103 3815 43 21 fiel
160 3821 31 15 zu
205 3813 93 25 Boden,
314 3811 39 21 die
369 3810 94 22 bunten
477 3808 93 22 Blüten
585 3806 105 22 deckten

103 3845 44 21 das
164 3844 52 20 tote
233 3842 90 26 Reptil.

133 3873 94 21 Carlita
252 3870 93 22 blickte
371 3869 51 22 sich
448 3874 49 18 um,
530 3866 63 21 noch
618 3865 73 22 stand

104 3903 132 22 Entsetzen
254 3902 26 20 in
298 3900 71 20 ihren
387 3899 95 23 Augen,
502 3897 60 21 aber
580 3896 34 21 sie
633 3900 58 16 ver-

104 3932 86 21 suchte
213 3928 30 23 zu
263 3929 106 21 lächeln.
397 3927 69 21 Doch
488 3932 26 15 es
535 3925 87 22 wurde
643 3930 48 15 nur

104 3962 55 20 eine
178 3960 133 21 Grimasse.

132 3990 48 21 Mit
198 3989 60 21 zwei
277 3988 131 25 Sprüngen
426 3985 73 22 stand
517 3984 88 22 Stefan
623 3983 67 21 Salto

104 4019 81 21 neben
205 4019 45 24 ihr,
270 4017 70 21 faßte
358 4017 35 20 sie
413 4015 49 21 fest
481 4020 43 15 um
543 4014 38 21 die
602 4013 88 21 Schul-

104 4050 49 20 tern

136 4078 82 25 "Alles
231 4076 32 21 ist
277 4075 49 26 gut,
342 4074 100 25 Carlita,
458 4073 40 22 Sie
512 4072 55 21 sind
581 4072 40 21 ein
635 4072 57 24 tap-

106 4108 66 21 ferer
190 4106 98 21 kleiner
305 4104 53 21 Kerl

135 4136 41 21 Sie
203 4136 98 23 begann
327 4133 130 26 plötzlich
473 4133 29 26 zu
524 4131 91 21 zittern
641 4130 51 21 und

107 4166 61 21 hielt
187 4165 52 20 sich
256 4169 33 15 an
307 4163 52 20 ihm
376 4163 56 20 fest.
452 4162 32 20 Er
502 4160 77 21 nahm
596 4160 35 20 sie
651 4159 43 20 auf

107 4196 68 20 seine
189 4195 77 20 Arme
281 4192 51 22 und
346 4193 57 23 trug
419 4191 35 20 sie
468 4196 31 15 zu
513 4189 82 22 einem
608 4189 84 21 Ruhe-

108 4224 59 21 bett.

136 4253 84 25 “Alles
239 4252 33 20 ist
291 4251 50 25 gut,
361 4250 69 21 nicht
449 4248 160 24 ohnmächtig
629 4252 64 16 wer-

108 4283 48 21 den

138 4312 55 25 “Ich
267 4310 39 21 ich
325 4310 44 20 bin
386 4308 65 22 noch
475 4308 41 20 nie
542 4307 26 21 in
586 4306 108 21 meinem

109 4342 83 20 Leben
213 4339 160 25 ohnmächtig
393 4337 141 26 geworden,
563 4336 60 21 aber
651 4335 44 21 das

108 4372 61 24 hier,
191 4369 102 22 das.
314 4368 41 21 Sie
377 4367 64 24 legte
463 4367 39 21 die
523 4365 88 22 Hände
633 4365 61 21 über

108 4400 40 21 die
166 4400 95 24 Augen,
281 4398 64 20 noch
363 4397 89 21 immer
469 4396 52 24 flog
541 4395 40 21 ein
599 4395 95 21 Zittern

109 4429 79 22 durch
202 4429 71 20 ihren
287 4428 104 24 Körper.

138 4458 56 22 Still
210 4457 72 21 stand
298 4456 88 21 Stefan
402 4455 68 22 Salto
485 4454 49 21 auf.
552 4454 32 21 Er
598 4453 51 21 trat
663 4458 32 15 an

109 4489 49 22 den
171 4486 218 22 Medizinschrank
404 4484 51 22 und
469 4483 46 25 goß
531 4483 55 21 eine
601 4483 94 21 braune

109 4516 151 25 Flüssigkeit
277 4516 25 20 in
320 4516 38 20 ein
377 4515 95 20 kleines
491 4512 131 22 Gläschen.

140 4546 124 27 "Trinken
290 4545 40 21 Sie
356 4544 50 25 das,
431 4544 61 20 Miss
518 4542 127 24 McGuire,
670 4547 26 15 es

111 4574 127 25 schmeckt
257 4573 149 25 scheußlich,
425 4571 60 22 aber
502 4577 26 16 es
546 4568 40 24 tut
603 4571 64 26 gut."

139 4606 43 24 Sie
208 4605 77 22 nahm
312 4604 44 21 das
385 4603 59 21 Glas
470 4601 139 26 gehorsam,
637 4600 60 21 aber

721 3692 54 21 ihre
791 3688 74 22 Hand
881 3687 97 23 zitterte
995 3691 33 19 so,
1046 3684 47 22 daß
1110 3684 34 21 sie
1161 3683 48 22 den
1225 3682 82 22 Inhalt

720 3720 92 22 beinah
832 3716 155 25 verschüttet
1005 3713 87 25 hätte.

750 3749 98 22 Wieder
867 3747 66 25 legte
955 3751 27 16 er
1002 3745 85 20 seinen
1108 3737 67 27 Arm
1190 3748 43 15 um
1254 3741 53 21 ihre

722 3779 132 22 Schultern
872 3776 51 22 und
941 3775 61 33 hielt
1020 3774 39 21 ihr
1077 3772 50 32 das
1139 3771 60 22 Glas
1218 3776 33 16 an
1269 3771 38 21 die

721 3810 102 24 Lippen.

750 3838 40 20 Sie
806 3832 127 25 schluckte
949 3832 138 27 gehorsam,
1100 3837 27 16 es
1141 3826 105 26 brannte
1260 3830 48 21 wie

722 3868 86 23 Feuer,
824 3866 60 20 aber
900 3865 38 21 ihr
955 3863 98 33 Zittern
1068 3861 71 21 hörte
1156 3859 44 21 auf
1216 3859 91 22 einmal

723 3897 49 21 auf.

752 3925 121 26 “Danke",
891 3923 68 25 sagte
977 3921 41 25 sie,
1032 3920 57 26 -“ich
1104 3919 121 22 benehme
1242 3918 66 21 mich

722 3955 47 21 wie
784 3955 39 20 ein
840 3953 77 25 Baby.
933 3952 73 21 Aber
1014 3951 28 20 es
1058 3949 52 26 gibt
1126 3954 47 15 nur
1189 3948 39 20 ein
1244 3948 64 24 Ding

723 3984 44 21 auf
788 3984 45 20 der
855 3982 70 23 Welt,
948 3986 45 16 vor
1015 3980 57 21 dem
1094 3979 38 21 ich
1156 3978 80 24 Angst
1258 3976 50 22 und

723 4014 100 21 Grauen
846 4012 71 24 habe,
939 4011 43 26 das
1004 4009 55 21 sind
1081 4007 130 25 Schlangen
1269 4002 39 25 Sie

723 4043 82 21 haben
828 4041 48 21 mir
900 4041 44 21 das
969 4039 83 22 Leben
1076 4037 114 26 gerettet,
1214 4033 95 24 Doktor

722 4072 77 24 Salto,
830 4071 39 21 ich
893 4069 83 22 werde
999 4064 66 25 mich
1088 4068 50 20 mal
1162 4062 146 26 revanchie-

723 4096 39 27 ren

753 4130 68 21 Salto
839 4129 108 22 lächelte
966 4127 51 22 und
1036 4126 93 22 atmete
1148 4125 92 21 befreit
1259 4124 49 26 auf,

724 4160 66 21 denn
813 4165 27 15 er
864 4158 50 25 sah,
938 4157 48 21 daß
1010 4157 107 21 Carlitas
1140 4156 95 25 Lippen
1258 4153 51 22 und

724 4191 110 23 Wangen
854 4188 51 21 sich
924 4186 93 22 wieder
1035 4185 77 21 leicht
1131 4185 104 21 röteten.

754 4218 56 25 “Ich
828 4218 77 25 hoffe,
926 4216 48 22 daß
993 4216 41 21 Sie
1053 4215 74 21 keine
1148 4213 162 26 Gelegenheit

723 4248 82 21 haben
819 4246 107 25 werden,
941 4246 51 21 sich
1006 4251 30 16 zu
1049 4244 186 24 revanchieren,
1248 4243 60 20 Miss

724 4276 105 22 McGuire

755 4306 129 26 "Carlita",
905 4305 68 25 sagte
992 4304 42 25 sie,
1054 4303 113 26 "nennen
1185 4302 41 21 Sie
1244 4301 66 21 mich

726 4336 100 23 Carlita,
843 4334 47 21 wie
905 4334 97 22 vorhin.
1019 4334 77 21 Wenn
1113 4333 39 20 ich
1168 4332 70 25 nicht
1253 4331 56 21 Ihre

726 4366 104 21 Stimme
844 4363 89 25 gehört
947 4362 77 25 hätte,
1040 4362 67 21 dann
1122 4362 70 21 hätte
1207 4361 39 21 ich
1262 4361 49 21 den

711 4384 83 31 Korb
811 4393 78 21 fallen
904 4392 104 21 lassen."

756 4424 49 24 "Ja,
836 4422 101 24 Carlita,
960 4422 44 21 das
1025 4420 84 22 wußte
1131 4420 46 25 ich,
1206 4419 104 21 deshalb

726 4451 132 22 versuchte
881 4450 45 25 ich,
949 4450 40 21 Sie
1010 4456 32 15 zu
1056 4450 199 25 'hypnotisieren.
1279 4450 31 19 Es

728 4483 94 24 gelang,
844 4481 40 21 Sie
904 4480 94 21 hielten
1017 4479 40 21 die
1078 4479 77 20 Arme
1176 4478 133 25 unbeweg-

726 4511 56 24 lich,
804 4511 38 21 bis
861 4510 40 21 ich
921 4505 99 25 meinen
1040 4508 123 21 Revolver
1183 4507 127 26 gefunden

726 4540 91 22 hatte."

756 4570 60 25 "Ein
832 4566 190 26 Meisterschuß,
1038 4566 95 22 Doktor
1152 4566 62 22 Salto

756 4598 109 27 "Stefan,
888 4597 94 22 Carlita
1049 4601 75 16 wenn
1143 4596 39 24 ich
1204 4596 40 21 Sie
1265 4595 46 22 mit

1339 3683 56 22 dem
1422 3684 143 20 Vornamen
1590 3688 88 19 nenne,
1704 3682 102 21 müssen
1831 3682 42 22 Sie
1899 3688 26 16 es

1339 3713 63 21 auch
1420 3713 66 21 tun."

1369 3743 51 24 "Ja,
1442 3742 110 25 Stefan",
1575 3741 68 25 sagte
1667 3741 34 20 sie
1724 3741 138 25 gehorsam.
1885 3741 40 21 Sie

1338 3771 82 22 fühlte
1435 3772 55 20 eine
1506 3771 103 21 seltsam
1623 3770 139 26 glückliche
1778 3771 148 24 Müdigkeit,

1339 3807 26 15 es
1387 3801 43 21 fiel
1452 3801 39 20 ihr
1512 3801 101 24 schwer,
1635 3799 40 21 die
1695 3800 89 24 Augen
1805 3799 70 21 offen
1894 3806 32 15 zu

1338 3831 93 24 halten,
1453 3830 39 21 die
1514 3831 95 20 braune
1631 3824 151 29 Flüssigkeit
1802 3835 44 15 aus
1869 3829 56 21 dem

1338 3859 219 21 Medizinschrank
1573 3859 38 21 tat
1627 3859 54 20 ihre
1697 3859 127 25 Wirkung.

1369 3890 55 25 "Sie
1443 3889 113 21 schlafen
1576 3888 60 26 jetzt
1656 3888 55 21 eine
1729 3887 75 21 halbe
1822 3888 104 25 Stunde,

1340 3919 67 21 dann
1428 3919 32 21 ist
1479 3919 44 21 der
1544 3918 95 22 Schock
1661 3917 77 21 vorbei
1798 3917 72 22 hörte
1891 3918 34 21 sie

1339 3948 88 21 Stefan
1446 3948 69 21 Salto
1533 3953 82 20 sagen.
1634 3947 40 21 Sie
1690 3947 85 21 wollte
1793 3947 132 26 protestie-

1340 3983 51 19 ren,
1412 3977 60 21 aber
1494 3977 39 21 die
1554 3975 154 27 Augenlider
1729 3976 77 21 fielen
1828 3976 40 21 ihr
1888 3982 37 15 zu.

1341 4008 40 21 Sie
1400 4013 54 15 war
1474 4007 76 21 schon
1569 4007 59 21 halb
1649 4006 25 20 in
1695 4005 48 21 den
1763 4006 86 21 Schlaf
1868 4006 57 21 hin-

1340 4031 189 30 übergeglitten,
1556 4036 37 20 als
1618 4036 35 20 sie
1678 4035 104 25 merkte,
1807 4035 49 21 daß
1882 4035 44 21 der

1339 4067 61 21 Arzt
1415 4066 132 22 behutsam
1562 4067 55 20 eine
1633 4064 82 21 Decke
1732 4064 61 21 über
1809 4064 35 21 sie
1860 4064 66 21 brei-

1340 4097 57 21 tete.

1370 4125 107 25 "Danke,
1495 4124 109 25 Stefan",
1620 4124 132 21 murmelte
1769 4124 42 20 sie.

1369 4155 78 20 Einen
1463 4154 114 21 Moment
1593 4154 59 23 lang
1668 4152 66 21 blieb
1752 4152 88 21 Stefan
1858 4152 68 21 Salto

1341 4184 87 21 stehen
1449 4184 50 21 und
1520 4184 44 20 sah
1585 4183 39 21 die
1644 4181 151 22 Schlafende
1816 4188 38 15 an.
1875 4182 51 21 Wie

1340 4214 41 20 ein
1405 4213 69 21 Kind
1500 4213 44 21 sah
1570 4213 93 21 Carlita
1690 4217 51 20 aus,
1767 4212 39 20 die
1832 4212 94 20 kurzen

1341 4243 111 21 dunklen
1468 4243 99 21 Locken
1585 4242 102 20 klebten
1705 4240 87 21 feucht
1810 4246 32 15 an
1860 4240 67 21 ihrer

1341 4273 75 25 Stirn,
1435 4278 43 15 um
1498 4272 48 21 den
1565 4271 110 21 frischen
1695 4270 86 21 Mund'
1794 4270 72 21 stand
1887 4271 39 20 ein

1340 4301 123 21 Lächeln
1518 4300 61 22 aber
1601 4306 26 15 es
1648 4306 53 15 war
1722 4300 70 21 nicht
1812 4300 44 20 das
1877 4300 49 20 Lä-

1341 4331 72 21 cheln
1431 4331 68 20 eines
1518 4330 102 24 Kindes,
1639 4335 26 15 es
1684 4334 53 16 war
1755 4324 44 25 das
1817 4329 110 21 Lächeln

1341 4360 69 21 einer
1430 4360 158 25 glücklichen
1606 4360 94 25 jungen
1721 4358 72 21 Frau.

1370 4389 55 24 "Sie
1444 4389 33 20 ist
1494 4389 115 22 wirklich
1628 4388 82 25 schön,
1730 4388 74 21 Fürst
1822 4388 104 24 Drijona

1340 4419 44 21 hat
1402 4418 91 25 recht",
1512 4418 70 25 sagte
1600 4423 27 16 er
1644 4417 115 21 halblaut
1821 4417 61 21 aber
1899 4422 27 15 er

1341 4448 119 21 erschrak
1483 4448 34 21 im
1539 4447 115 26 gleichen
1675 4446 164 26 Augenblick.
1870 4447 56 20 Wo-

1340 4478 44 21 hin
1405 4478 125 21 verirrten
1551 4478 51 20 sich
1624 4477 68 21 seine
1714 4476 127 21 Gedanken
1857 4476 16 21 ?
1895 4476 32 21 Er

1341 4506 93 21 blickte
1453 4512 31 15 zu
1504 4506 80 21 Ruths
1605 4505 57 21 Bild
1682 4505 114 24 hinüber,
1816 4505 63 21 doch
1901 4511 25 15 es

1341 4536 85 21 schien
1447 4536 52 21 ihm
1520 4536 75 21 heute
1617 4535 82 22 fremd
1720 4535 51 21 und
1792 4535 63 21 fern.
1876 4535 50 20 Das

1340 4566 110 21 Lächeln
1473 4566 114 21 erschien
1609 4565 51 21 ihm
1683 4564 53 22 leer
1757 4565 52 21 und
1832 4565 94 21 nichts-

1341 4594 99 25 sagend.
1470 4594 58 22 Und
1548 4594 94 24 wieder
1664 4594 118 22 erschrak
1805 4599 42 21 er,,
1861 4594 66 22 denn

1958 3688 27 16 er
2003 3682 85 22 wollte
2107 3680 68 22 Ruth
2192 3682 71 21 nicht
2280 3682 132 26 verlieren,
2431 3683 40 21 ihr
2487 3683 58 22 Bild

1958 3711 71 20 sollte
2058 3710 69 21 nicht
2154 3710 136 22 verblassen
2344 3711 81 22 Keine
2451 3712 93 21 andere

1957 3741 66 20 Frau
2037 3740 72 21 sollte
2125 3740 35 21 sie
2175 3740 165 25 verdrängen.
2355 3742 77 20 Wenn
2448 3742 35 20 sie
2497 3748 48 15 un-

1957 3771 56 20 treu
2029 3774 115 21 gewesen
2158 3775 60 20 war,
2233 3776 27 15 er
2274 3776 53 15 war
2341 3776 27 16 es
2382 3771 76 25 nicht,
2473 3765 72 27 woll-

1957 3799 25 21 te
2002 3804 25 15 es
2047 3798 69 21 nicht
2136 3799 68 20 sein!

1986 3829 33 20 Er
2042 3828 58 26 ging
2122 3828 26 20 in
2171 3828 48 21 den
2241 3829 175 21 Arbeitsraum
2438 3829 107 21 hinüber

1957 3858 51 21 und
2025 3858 91 25 beugte
2133 3858 52 21 sich
2201 3858 93 21 wieder
2310 3859 63 21 über
2388 3859 44 20 das
2448 3858 96 21 Mikro-

1957 3887 68 25 skop.
2049 3887 68 20 Aber
2141 3892 27 15 er
2192 3887 61 22 fand
2274 3887 74 21 keine
2373 3887 171 21 Arbeitsruhe.

1957 3918 31 19 Es
2003 3917 41 25 lag
2059 3917 55 20 eine
2128 3917 139 25 Spannung
2283 3917 26 21 in
2324 3917 44 21 der
2381 3917 66 24 Luft,
2462 3916 40 21 die
2517 3922 27 16 er

1957 3946 52 22 sich
2024 3946 70 21 nicht
2109 3946 118 21 erklären
2241 3942 100 25 konnte.
2358 3946 186 25 Irgendwelche

1956 3975 91 21 Kräfte
2068 3975 139 21 arbeiteten
2226 3981 79 20 gegen
2325 3976 49 21 ihn.
2396 3976 33 20 Er
2446 3975 98 21 merkte

1957 4011 33 19 es,
2008 4011 74 15 wenn
2099 4010 27 16 er
2143 4006 26 20 in
2186 4006 93 20 seinem
2297 4005 101 21 kleinen
2417 4005 127 25 Sportwa-

1958 4039 53 22 gen,
2029 4035 48 20 den
2093 4035 52 20 ihm
2163 4035 44 21 der
2224 4035 74 21 Fürst
2314 4041 44 15 aus
2376 4035 94 20 seinem
2485 4039 59 20 gro-

1957 4064 49 21 βen
2028 4064 157 25 Wagenpark
2208 4069 45 15 zur
2274 4064 147 24 Verfügung
2446 4064 99 25 gestellt

1956 4093 77 25 hatte,
2049 4093 78 21 durch
2142 4093 44 21 das
2202 4093 64 21 Dorf
2279 4094 66 20 fuhr.
2361 4094 33 20 Er
2408 4093 81 21 fühlte
2505 4093 39 21 die

1957 4123 154 21 feindlichen
2145 4123 88 21 Blicke
2269 4123 44 21 der
2348 4123 195 25 Eingeborenen.

1955 4152 96 21 Mütter
2066 4152 94 21 hielten
2175 4152 135 22 schützend
2325 4152 40 21 die
2379 4152 88 21 Hände
2483 4152 65 21 über

1957 4181 54 21 ihre
2024 4181 103 25 Kinder,
2141 4187 74 16 wenn
2229 4187 27 15 er
2269 4182 108 21 vorüber
2390 4181 66 25 fuhr,
2469 4181 74 21 Män-

1957 4217 45 15 ner
2023 4211 83 21 hoben
2130 4211 110 21 drohend
2264 4211 39 21 die
2327 4211 96 21 Fäuste.
2454 4212 90 20 Starke

1956 4240 91 21 Kräfte
2067 4240 103 21 mußten
2190 4245 77 21 gegen
2286 4240 43 20 ihn
2348 4240 120 21 arbeiten.
2487 4240 57 21 Und

1956 4270 76 21 heute
2051 4269 39 22 die
2109 4270 105 25 Episode
2234 4270 45 20 mit
2298 4269 57 21 dem
2373 4270 171 21 Blumenkorb

1958 4299 50 21 und
2030 4299 45 21 der
2098 4299 129 25 Schlange.
2258 4299 193 25 Irgendjemand
2473 4300 71 21 hatte

1957 4327 44 22 ihn
2018 4329 208 25 hierhergestellt,
2244 4329 46 21 mit
2308 4329 44 21 der
2369 4329 112 25 Absicht,
2501 4329 44 20 ihn

1957 4363 30 15 zu
2004 4357 77 21 töten.
2102 4358 44 20 Wo
2164 4363 53 16 war
2236 4357 44 21 das
2300 4357 96 22 sechste
2415 4358 131 25 Reagenz-

1957 4387 53 25 glas
2028 4388 181 24 hingekommen
2226 4388 16 24 ?
2262 4388 33 20 Er
2312 4387 70 21 hatte
2401 4388 81 21 nichts
2499 4393 44 20 ge-

1957 4417 77 20 sehen
2048 4417 51 21 und
2114 4417 82 21 nichts
2210 4417 93 25 gehört.
2319 4417 53 21 Auf
2386 4417 89 20 Samoa
2490 4416 54 22 wa-

1957 4451 44 15 ren
2017 4445 39 22 die
2072 4446 187 24 Eingeborenen
2275 4446 142 21 freundlich
2433 4446 51 21 und
2500 4445 49 22 zu-

1957 4475 107 21 traulich
2093 4480 121 20 gewesen,
2242 4475 55 21 hier
2325 4475 154 26 begegneten
2508 4477 35 20 sie

1957 4504 51 22 ihm
2023 4505 50 21 fast
2087 4505 49 21 alle
2153 4505 44 21 mit
2212 4505 144 21 Mißtrauen
2371 4505 51 22 und
2437 4505 62 21 Haß.

1985 4534 68 21 Aber
2071 4539 27 16 er
2116 4534 84 21 wollte
2220 4534 51 21 sich
2291 4533 69 22 nicht
2379 4535 90 20 nervös
2488 4540 55 16 ma-

1957 4563 63 22 chen
2036 4564 90 20 lassen.
2143 4564 32 20 Er
2191 4564 71 20 hatte
2277 4563 55 22 hier
2348 4564 55 21 eine
2419 4564 123 26 Aufgabe,

1957 4593 55 22 eine
2032 4593 121 25 Aufgabe,
2175 4592 39 22 die
2235 4592 44 23 ihn
2297 4593 93 27 lockte;
2410 4599 28 16 er
2457 4594 85 22 wollte

2578 3199 93 22 diesem
2694 3201 134 21 seltsamen
2849 3201 181 26 Tropenfieber
3049 3202 49 21 mit
3118 3202 49 22 den

2577 3230 344 25 Lähmungserscheinungen
2943 3232 44 21 auf
3008 3230 49 22 den
3078 3231 88 22 Grund

2577 3260 124 20 kommen.
2724 3261 78 20 Wenn
2822 3266 60 14 man
2903 3260 44 21 ihn
2966 3265 49 16 nur
3036 3261 131 25 ungestört

2577 3289 114 20 arbeiten
2709 3289 71 25 ließe,
2799 3289 51 21 und
2869 3296 75 15 wenn
2962 3290 41 21 die
3022 3290 144 25 Polynesier

2578 3318 55 21 sich
2648 3324 49 15 nur
2716 3318 66 20 nach
2800 3318 86 21 seinen
2905 3319 173 21 Vorschriften
3097 3320 68 21 rich-

2576 3348 43 20 ten
2633 3346 111 21 würden.
2761 3347 62 21 Dem
2838 3347 102 21 kleinen
2956 3348 107 21 Fürsten
3077 3346 89 24 Matua

2577 3373 58 27 ging
2649 3382 26 15 es
2688 3376 26 29 ja
2728 3376 141 21 bedeutend
2883 3377 92 26 besser,
2989 3378 47 21 seit
3050 3378 41 21 ein
3104 3378 63 27 paar

2576 3406 84 23 Tagen
2674 3404 95 22 konnte
2783 3408 27 18 er
2827 3406 39 22 die
2882 3406 78 21 Beine
2973 3407 95 21 wieder
3081 3407 84 22 bewe-

2575 3439 56 21 gen,
2655 3435 53 20 und
2733 3435 99 24 gestern
2856 3435 71 22 hatte
2952 3442 27 15 er
3003 3441 64 20 ganz
3090 3437 77 22 allein

2576 3464 126 25 versucht,
2721 3464 172 22 aufzustehen.
2913 3466 72 21 Auch
3005 3466 39 22 die
3064 3466 100 22 Fieber-

2577 3493 93 21 anfälle
2690 3499 86 16 waren
2796 3495 231 26 zurückgegangen.
3053 3496 114 21 Barbara

2577 3523 123 21 Hartclife
2722 3529 55 15 war
2798 3524 65 21 auch
2886 3525 55 21 eine
2964 3525 202 25 hervorragende

2575 3552 248 26 Krankenpflegerin
2856 3558 122 22 gewesen,
3014 3555 153 26 zuverlässig

2577 3582 51 22 und
2641 3583 110 26 korrekt,
2766 3583 51 21 und
2832 3583 44 21 das
2889 3589 55 15 war
2958 3584 91 24 gerade
3063 3584 40 22 bei
3118 3585 48 20 sei-

2576 3616 45 17 ner
2645 3611 304 27 Behandlungsmethode,
2976 3619 40 15 wo
3041 3613 40 22 die
3106 3614 60 21 Ein-

2577 3638 161 28 spritzungen
2751 3642 44 20 auf
2810 3642 39 20 die
2864 3643 98 20 Minute
2976 3643 132 25 pünktlich
3122 3648 44 21 ge-

2577 3671 79 24 geben
2676 3671 102 21 werden
2799 3671 110 25 mußten,
2931 3677 49 16 von
3001 3671 165 26 allergrößter

2577 3699 165 25 Wichtigkeit.
2764 3700 32 20 Er
2816 3705 53 15 war
2889 3700 39 21 ihr
2948 3700 116 22 wirklich
3085 3701 81 22 dank-

2576 3729 52 20 bar.
2644 3729 60 20 Eine
2721 3729 116 20 seltsame
2853 3730 72 24 Frau,
2941 3736 50 15 von
3007 3731 45 21 der
3067 3731 41 21 ein
3122 3732 44 24 ge-

2576 3758 187 20 heimnisvolles
2779 3758 116 21 Fluidum
2911 3760 113 26 ausging,
3041 3759 57 23 dem
3114 3761 52 21 sich

2575 3787 88 21 keiner
2689 3787 132 21 entziehen
2846 3787 102 22 konnte.
2975 3789 71 21 Noch
3071 3790 94 22 konnte

2576 3816 88 20 Stefan
2680 3816 70 21 Salto
2769 3816 52 22 sich
2839 3817 71 22 nicht
2926 3818 125 27 erklären,
3069 3826 53 15 was
3140 3826 25 15 es

2576 3845 133 24 eigentlich
2732 3851 60 20 war,
2815 3852 52 16 was
2890 3848 68 21 diese
2981 3849 66 20 Frau
3070 3849 94 25 gleich-

2575 3875 74 24 zeitig
2671 3875 139 22 anziehend
2832 3876 52 21 und
2906 3877 139 22 abstoßend
3068 3879 98 21 wirken

2576 3903 56 22 ließ.
2653 3904 40 21 Sie
2713 3910 52 15 war
2785 3905 66 26 klug,
2871 3906 44 21 das
2935 3907 71 21 hatte
3025 3913 27 16 er
3071 3908 26 20 in
3117 3908 48 21 den

2574 3938 63 19 paar
2657 3933 226 27 Unterhaltungen,
2904 3936 39 22 die
2965 3937 36 21 sie
3020 3942 144 16 zusammen

2576 3962 92 24 gehabt
2684 3963 95 26 hatten,
2799 3964 95 21 schnell
2911 3965 173 22 konstatieren
3101 3967 63 20 kön-

2576 3997 55 16 nen.
2656 3992 69 21 Aber
2750 3998 27 15 er
2802 3993 70 22 hatte
2898 3994 77 22 schon
2998 3996 66 21 viele
3088 3995 76 26 kluge

2575 4020 99 22 Frauen
2690 4022 26 20 in
2733 4022 94 21 seinem
2843 4024 85 20 Leben
2943 4024 101 22 kennen
3059 4025 105 24 gelernt.

2575 4050 113 21 Barbara
2707 4052 136 21 Hartclifes
2864 4052 88 21 Wesen
2972 4053 62 26 barg
3053 4054 40 21 ein
3115 4055 49 21 Ge-

2575 4079 114 22 heimnis.
2710 4081 33 20 Er
2763 4081 155 22 betrachtete
2940 4083 35 21 sie
2995 4084 47 21 mit
3061 4084 102 26 kühlen,

2576 4109 199 22 abschätzenden
2801 4111 143 25 Arztaugen
2971 4113 52 21 und
3048 4113 60 22 kam
3132 4120 31 15 zu

2575 4138 44 21 der
2635 4135 188 29 Überzeugung,
2840 4140 48 21 daß
2905 4146 27 15 er
2948 4141 80 21 dieses
3046 4142 117 22 Geheim-

2574 4168 39 20 nis
2632 4168 66 24 wohl
2717 4169 41 22 nie
2777 4169 70 21 lösen
2865 4170 93 25 würde.
2977 4171 69 21 Aber
3064 4178 27 15 er
3110 4178 58 15 war'

2575 4195 88 27 bereit,
2685 4197 39 21 ihr
2747 4204 29 15 zu
2799 4199 92 25 helfen,
2912 4206 75 15 wenn
3009 4201 36 21 sie
3066 4202 27 21 in
3115 4202 48 21 Not

2574 4232 60 15 war.

2603 4256 33 20 Er
2652 4262 54 15 war
2724 4262 27 15 so
2768 4257 26 20 in
2811 4257 68 21 seine
2898 4258 138 22 Gedanken
3053 4260 110 25 vertieft,

2575 4284 49 21 daß
2639 4290 27 15 er
2682 4285 77 22 kaum
2773 4287 104 25 merkte,
2895 4287 47 22 daß
2959 4289 93 21 Carlita
3070 4290 93 21 wieder

2575 4314 38 20 ins
2634 4315 108 22 Zimmer
2760 4316 66 21 kam.

2605 4344 109 24 "Wollen
2730 4345 48 21 wir
2794 4351 52 15 nun
2863 4346 88 21 weiter
2968 4347 120 26 arbeiten,
3106 4349 55 21 Ste-

2575 4372 40 22 fan
2629 4372 27 22 ?"
2675 4373 82 25 fragte
2777 4374 43 21 sie.

2604 4403 51 24 “Ja,
2676 4403 134 26 Barbara",
2832 4405 69 24 sagte
2921 4411 28 15 er
2969 4406 130 22 zerstreut.

2604 4431 93 21 Carlita
2724 4433 89 21 zuckte
2840 4439 152 20 zusammen,
3019 4435 62 21 aber
3108 4436 54 22 ihre

2573 4461 105 21 Stimme
2692 4461 77 26 klang
2781 4467 64 20 ganz
2857 4462 61 22 kühl
2933 4464 50 21 und
2998 4464 135 22 beherrscht

2575 4490 66 24 "Nur
2658 4490 100 25 Carlita,
2776 4492 95 25 Stefan,
2887 4493 70 21 nicht
2973 4494 112 22 Barbara

2602 4520 33 20 Er
2655 4520 91 21 blickte
2766 4521 36 21 sie
2819 4522 198 22 verständnislos
3036 4529 25 16 an

2603 4549 100 25 “Wieso,
2721 4555 52 16 was
2788 4550 101 22 meinen
2905 4551 49 25 Sie,
2972 4552 92 22 Carlita
3078 4552 27 22 ?"

2869 4595 172 27 Fortsetzung
3058 4597 72 27 folgQ

2624 292 472 94 L'Optimiste

2715 1427 173 23 Voulez-vous
2907 1424 85 29 goûter
3007 1424 14 29 ?
