4060 5762
100 167 2922 435 L'Ouest-Eclair

3431 286 96 24 JEUDI

3431 331 71 76 18

3370 429 191 47 DÉCEMBRE

3439 485 56 24 1924
3599 495 8 27 |

3397 527 21 21 S.
3437 529 90 22 Gatien
3599 526 9 22 ®

3120 255 155 25 ANNONCES
3293 262 8 19 :

3118 287 51 19 Elles
3190 291 46 17 sont
3255 294 70 18 reçues
3335 287 5 25 •

3098 314 48 17 dans
3154 318 37 13 nos
3196 314 91 19 Bureaux
3301 319 6 14 :

3144 347 20 19 À
3177 346 99 21 RENDES

3096 374 27 24 »,
3136 376 39 20 fine
3184 377 26 19 du
3223 377 100 20 Pré-Sottè

3155 411 18 20 A
3187 411 78 20 PARIS

3096 437 34 24 10,
3144 439 27 18 Bd
3193 439 131 20 Kostmartre

3113 465 22 18 et
3144 465 48 18 dan»
3203 467 65 17 tontes
3279 467 28 17 les

3094 493 87 21 Agences
3193 491 24 18 de
3226 490 98 20 Publicité

3096 563 48 33 |26«
3164 569 99 25 ANNÉE
3273 563 9 31 I

3638 253 224 34 ÂBORfKSEIITS^

3621 296 116 30 £Ua«a...
3757 296 30 24 45
3798 298 64 33 tr./J

3637 328 33 18 Six
3679 330 58 17 mois.
3757 327 27 24 35
3796 327 34 22 ÎT.

3635 359 57 18 Trois
3697 360 52 17 mol»
3757 358 28 21 14
3796 358 34 21 tt*

3637 390 30 18 Un
3673 391 58 17 mois.
3774 387 85 26 Str.s9

3646 441 28 19 On
3692 442 96 20 s'abonna
3803 446 50 15 tans

3646 469 52 20 frais
3709 470 51 20 dans
3768 471 46 19 tans
3822 471 32 19 les

3647 497 93 19 Bureaux
3752 498 25 19 de
3790 501 61 21 poste.

3674 568 11 28 I
3705 576 26 20 N-
3751 569 13 25 8
3774 570 45 25 482
3852 568 11 28 I

3096 596 38 9 |~
3272 596 9 9 |
3359 596 2 9 .
3674 596 11 9 g
3705 596 17 4 il
3852 596 8 9 |

3306 600 79 40 l5
3412 618 241 26 CENTIMES
3852 602 8 25 '

3097 659 119 27 TÉLÉPHONE
3237 659 149 39 Adminlstraticn.
3399 669 63 21 1.67
3507 670 90 21 Fîsdactïcn
3609 659 5 39 :
3625 670 71 26 2.43,
3711 672 18 21 2
3737 672 46 26 68,
3794 672 66 22 9.59

3229 697 80 20 Aérait
3330 698 148 28 Tiligr-cpKique
3483 706 9 12 ;
3507 704 17 19 O
3529 705 52 19 UCL
3585 697 109 30 AIR-RKN
3698 706 50 18 NES

219 632 155 21 DIRECTEUR
396 633 151 24 POLITIQUE

178 669 133 32 Emmanuel
326 663 141 39 OESSRÉES
482 671 33 31 DU
533 671 51 31 LOU

781 645 378 47 JOURNAL
1217 650 561 47 REPUBLICAIN
1841 657 457 50 QUOTIDIEN

2505 653 69 21 BTL,
2597 650 354 34 TÉTLÉQRA.PITIQXJE

2623 705 180 26 SPÉCIAL

118 806 150 115 Le
328 810 338 112 réveil
732 811 142 112 de
935 814 609 117 l'artisanat

106 1032 73 28 Nous
208 1039 89 20 avons
333 1035 41 26 dit
399 1036 27 25 le
459 1038 91 27 CRKtd
578 1038 97 26 succès
763 1041 46 31 qui

77 1068 71 25 n'est
168 1074 51 25 pas
241 1070 158 25 seulement
418 1072 35 25 de
474 1072 136 27 awlosité
679 1074 66 31 qu'a
768 1075 28 24 ob-

76 1104 67 22 tenu
163 1103 189 30 l'Exposition
371 1107 40 24 du
431 1104 106 27 travail
553 1109 35 24 de
607 1107 31 26 la
656 1109 100 30 région
778 1111 31 22 de

74 1135 116 33 l'Ouest,
211 1139 17 24 à
249 1140 118 30 Rennes,
390 1140 37 25 où
445 1139 59 27 l'on
524 1148 17 19 a
562 1148 37 19 vu
619 1144 155 25 rassemblé
794 1144 15 25 à

74 1178 54 30 feu
148 1173 64 31 près
230 1175 61 25 tout
309 1181 32 19 ce
359 1181 54 26 que
432 1175 65 25 l'art
515 1178 39 24 du
572 1178 96 30 métal,
687 1178 65 26 l'art
772 1179 37 25 du

77 1207 65 28 Dois,
169 1208 66 25 l'art
262 1209 38 24 du
326 1209 73 26 tissu
426 1212 26 26 et
481 1213 37 22 du
548 1213 104 30 papier,
678 1213 67 25 l'art
771 1215 38 24 du

78 1241 65 30 «uir,
167 1243 43 27 les
233 1245 60 28 arts
314 1243 137 28 féminins
476 1247 34 24 de
534 1246 146 32 l'aiguille,
705 1248 40 25 du
769 1248 27 26 fu-

78 1281 63 22 leau
163 1279 26 25 et
207 1280 40 22 du
268 1279 119 30 crochet,
411 1280 27 24 la
459 1281 163 31 faïencerie,
643 1284 30 25 la
692 1285 116 28 poterie,

80 1317 20 18 b.
125 1315 145 30 vannerie,
307 1315 30 24 la
361 1315 190 31 ferblanterie,
591 1316 30 25 la
647 1319 158 28 serrurerie,

79 1345 148 39 ,'outillage
255 1355 57 18 aux
338 1350 106 25 formes
469 1351 25 26 si
520 1351 136 31 diverses,
686 1356 122 28 peuvent

70 1382 135 31 produire
224 1383 193 31 d'ingénieux,
439 1385 163 31 d'agréable
622 1389 26 22 et
670 1388 107 25 d'utile.

100 1417 77 25 Dans
202 1423 119 25 presque
347 1420 64 25 tous
437 1419 41 26 les
504 1421 210 31 départements
741 1426 67 22 vont

71 1452 123 26 s'ouvrir
216 1459 37 20 ou
279 1460 31 22 se
334 1456 65 25 sont
425 1457 130 22 ouvertes
582 1457 33 25 de
640 1456 91 26 môme
756 1459 51 25 des

70 1487 174 30 expositions
279 1489 40 26 du
347 1488 111 30 travail,
496 1496 74 24 pour
607 1492 133 31 préparer
777 1494 28 24 la

69 1522 107 28 grande
198 1522 150 31 Expsition
370 1524 39 25 du
431 1525 103 26 travail
557 1527 34 24 de
615 1527 91 28 Paris;
729 1533 35 19 on
785 1535 19 22 y

69 1561 18 18 a
110 1561 37 21 en
167 1559 148 24 raccourci
338 1559 31 24 la
390 1559 94 25 vision
510 1560 48 26 des
583 1567 161 20 ressources
770 1564 34 25 de

67 1590 79 26 notre
174 1592 174 33 magnifique
372 1599 80 25 pays.
480 1594 40 25 En
546 1597 191 25 rassemblant
764 1598 40 25 les

66 1626 129 26 hommes
216 1628 51 25 des
288 1628 178 31 professions
490 1630 125 26 diverses
639 1633 104 25 autour
764 1633 39 24 du

69 1670 12 13 «
100 1661 201 26 chef-d'œuvre
322 1674 12 12 »
357 1664 35 24 de
413 1664 129 25 chacune
565 1672 38 20 ou
626 1667 33 26 de
680 1667 120 30 chacun,

66 1695 182 31 l'exposition
267 1698 64 25 leur
352 1698 92 26 révèle
465 1700 92 26 toutes
580 1701 43 25 les
645 1707 157 25 promesses

66 1730 128 26 d'avenir
220 1737 54 24 que
299 1731 142 26 renferme
468 1740 73 26 pour
566 1741 56 19 eux
647 1737 27 24 le
702 1735 102 32 simple

65 1767 59 24 mot
170 1765 146 28 artisanat.
337 1769 74 24 Tant
429 1769 20 24 il
469 1770 41 22 est
531 1772 61 24 vrai
614 1770 93 32 qu'ici,
729 1778 54 19 com-

65 1805 45 21 me
133 1802 120 28 partout,
276 1802 124 26 l'avenir
424 1809 26 20 se
475 1804 37 28 lie
537 1812 37 18 au
598 1807 92 28 passé.

93 1835 41 25 On
169 1843 20 18 a
210 1837 148 32 beaucoup
394 1838 90 26 médit
517 1840 52 25 des
604 1843 196 30 corporations

65 1870 125 26 d'antan.
215 1871 98 26 C'était
335 1873 17 24 à
374 1876 63 26 tort,
462 1880 50 18 rar
530 1876 71 26 elles
625 1877 115 25 avaient
761 1879 40 25 du

61 1906 65 25 bon.
145 1906 34 24 Le
198 1912 180 25 compagnon
393 1909 135 32 appliqué
543 1910 50 25 des
609 1911 118 30 anciens
744 1912 37 24 mé-

65 1941 73 28 iiers,
168 1946 37 20 on
231 1941 100 26 l'avait
356 1948 52 20 cru
436 1944 81 28 mort,
547 1945 105 26 étouffé
680 1952 66 20 sous
772 1946 26 26 le

61 1975 81 31 poids
169 1976 35 25 de
229 1977 30 24 la
283 1978 39 27 loi
350 1978 37 25 Le
413 1978 157 32 Chapelier.
600 1981 21 25 Il
647 1981 73 25 n'est
748 1987 51 25 pas

61 2011 79 24 mort.
167 2011 24 24 Il
211 2013 39 24 est
272 2011 67 32 plus
361 2013 99 26 vivant
484 2016 26 22 et
533 2015 65 30 plus
619 2015 100 26 artiste
743 2023 54 24 que

59 2044 112 31 jamais.
200 2046 24 25 Il
243 2055 19 18 a
286 2047 27 26 le
335 2047 92 26 même
455 2050 69 28 goût-
547 2050 196 32 qu'autrefois,
768 2054 31 24 la

59 2080 91 26 même
176 2081 93 28 sûreté
293 2083 35 24 de
350 2089 74 25 coup
446 2083 79 26 d'oeil
550 2087 26 22 et,
600 2086 28 24 la
651 2085 93 26 même
767 2087 21 25 fi-

59 2120 90 20 nesse.
183 2117 190 30 Aujourd'hui
403 2122 109 20 comme
543 2119 67 31 hier,
646 2126 51 19 son
726 2121 72 32 petit

61 2150 98 27 atelier
178 2153 41 22 est
239 2158 58 19 une
317 2152 99 28 cellule
436 2156 35 22 de
491 2154 46 25 vie
559 2156 239 30 professionnelle

59 2186 27 25 et
113 2186 104 25 sociale
246 2189 37 24 où
312 2193 30 19 se
370 2190 138 25 transmet
537 2189 30 28 la
595 2190 138 26 tradition
761 2193 37 24 de

59 2220 106 31 probité
185 2222 39 26 du
243 2223 100 24 méfier
364 2224 26 24 et
409 2223 44 26 les
471 2226 123 24 travaux
615 2228 138 30 auxquels
774 2228 21 25 il

59 2261 30 19 se
104 2261 136 21 consacre
257 2257 115 30 exigent
391 2265 39 18 un
446 2259 87 31 esprit
550 2259 124 27 inventif
694 2262 26 24 et
738 2268 57 19 une

56 2291 150 26 exécution
240 2293 181 31 impeccable,
462 2293 122 27 l'amour
615 2297 39 25 du
692 2297 104 24 travail

58 2326 226 30 consciencieux,
301 2328 65 30 poli.
385 2329 139 25 L'artisan
542 2331 41 25 est
596 2336 39 20 un
651 2337 57 25 peu
722 2339 56 19 com-

59 2365 43 22 me
120 2365 26 26 le
165 2361 81 31 génie
267 2361 126 32 français
413 2366 105 28 occupé
537 2370 58 21 aux
611 2366 103 31 petites
731 2368 48 24 cho-

58 2402 51 21 ses,
136 2398 118 25 mettant
281 2404 32 19 sa
338 2396 97 32 patine
462 2406 57 18 aux
544 2400 91 30 objets
660 2402 43 25 les
730 2401 64 31 plus

58 2435 146 25 communs
230 2432 32 25 de
286 2433 30 24 la
337 2434 44 24 vie
404 2434 152 31 ordinaire,
581 2435 33 25 de
638 2437 30 24 la
691 2435 44 26 vie
758 2439 34 22 de

57 2467 64 24 tous
138 2469 40 25 les
198 2469 79 28 jours
296 2474 107 20 comme
423 2469 33 26 de
475 2470 30 27 la
521 2471 46 26 vie
588 2472 33 25 de
639 2473 94 24 toutes
752 2472 41 26 les

60 2502 107 26 liasses.
188 2503 24 24 Il
229 2503 78 31 porte
324 2509 37 21 en
376 2504 41 25 lui
435 2505 30 24 la
478 2506 99 28 graine
596 2506 48 26 des
663 2507 130 25 ouvriers

58 2536 76 27 d'art.
158 2538 21 22 Il
201 2541 43 21 est
262 2544 40 18 un
322 2544 63 25 peu,
405 2539 39 24 lui
467 2541 86 30 aussi,
575 2541 169 31 l'intimiste,
765 2543 26 24 le

57 2572 77 30 poète
154 2572 51 26 des
224 2572 89 26 vieux
330 2572 84 31 logis,
435 2575 51 27 des
504 2575 60 26 vies
585 2576 99 31 lentes,
706 2576 73 27 conti-

57 2606 85 26 nuées
163 2607 73 26 dans
260 2613 39 20 un
322 2609 85 24 cadre
428 2609 167 27 immuable.
618 2611 83 28 L'art,
725 2611 21 27 il
767 2613 25 26 le

60 2641 181 30 lémorratise
262 2644 26 24 et
307 2644 220 26 l'industrialise
548 2652 69 24 sans
634 2646 116 27 l'avilir.
770 2649 21 25 Il

56 2678 17 26 l
89 2678 126 31 compris
233 2683 57 25 que
309 2679 30 25 la
358 2679 120 31 laideur,
501 2681 27 22 le
549 2682 70 25 faux
640 2682 66 25 luxe
726 2685 65 24 sont

54 2714 38 24 ton
118 2712 86 31 appel
231 2713 163 27 bassement
422 2715 208 31 démagogique
658 2724 37 19 au
723 2718 69 26 faux

54 2748 67 31 £oût
142 2748 38 26 du
203 2748 103 31 public.
331 2748 22 26 Il
373 2752 50 28 est,
446 2750 17 25 à
485 2757 52 19 son
559 2758 80 25 rang,
661 2753 131 27 créateur

52 2783 35 25 (le
104 2783 100 26 beauté
217 2785 7 24 !
241 2783 182 31 L'artisanat,
444 2791 34 20 ne
497 2784 154 28 l'oublions
669 2793 60 25 pas,
750 2787 41 26 est

52 2823 57 19 vine
128 2819 51 27 des
198 2823 116 21 sources
335 2820 40 26 les
397 2820 65 31 plus
483 2820 132 27 fécondes
637 2823 35 24 de
689 2824 91 25 l'intel-

52 2851 110 32 ligence
181 2854 152 30 française.
354 2854 59 28 Que
432 2856 33 24 de
484 2857 106 30 grands
607 2857 131 26 hommes
755 2861 35 24 de

53 2889 80 24 notre
152 2887 119 28 histoire
289 2889 72 26 dont
381 2896 39 19 on
437 2891 45 25 dit
504 2887 5 32 :
530 2901 13 13 «
565 2893 25 25 Il
609 2893 70 26 était
698 2893 25 26 le
744 2894 46 25 fils

51 2923 70 24 d'un
141 2923 117 26 humble
281 2924 139 27 artisan...
445 2935 20 15 ».
491 2924 24 26 Il
537 2927 91 25 existe
652 2933 73 27 pour
748 2929 41 24 les

51 2957 136 30 hommes,
211 2959 66 25 bien
300 2961 50 24 des
374 2961 100 31 façons
496 2961 165 26 différentes
686 2965 34 25 de
742 2970 31 18 va-

51 2986 57 32 loir
131 2994 120 30 quelque
276 2993 85 30 chose
387 2996 85 28 .mais
498 2996 21 25 il
546 3004 35 20 en
608 3000 40 22 est
677 3000 52 30 ped
752 2999 35 26 de

51 3028 161 27 meilleures
235 3035 54 25 que
309 3030 31 26 la
361 3030 130 32 pratique
516 3031 80 28 saine
619 3035 30 22 et
670 3033 118 30 joyeuse

51 3063 69 25 d'un
138 3064 105 25 métier.
266 3065 83 27 L'axe
367 3069 92 22 moral
478 3069 41 24 est
537 3067 74 24 dans
628 3069 26 25 le
673 3069 112 31 travail,

48 3097 73 26 dans
139 3098 26 25 le
182 3098 107 30 métier,
309 3102 26 25 et
353 3107 59 18 11011
430 3102 128 26 ailleurs.
576 3102 124 31 Artisan,
719 3110 50 24 pay-

50 3138 59 25 san,
131 3133 145 33 beaucoup
298 3135 33 25 de
351 3135 85 27 l'âme
458 3135 143 32 française
621 3137 72 27 tient
713 3141 72 25 dans

48 3174 47 18 ces
117 3169 74 22 deux
216 3170 94 21 rimes.

79 3204 189 30 Aujourd'hui
291 3207 81 28 donc,
394 3213 67 19 sans
483 3208 83 31 bruit,
589 3215 69 20 avec
680 3210 27 24 la
730 3215 38 20 mo-

47 3239 132 26 dération
209 3243 26 21 et
265 3241 133 30 l'énergie
428 3242 50 31 qui
506 3244 194 25 conviennent
729 3252 57 19 aux

48 3274 79 28 forts,
154 3274 163 26 l'artisanat
341 3282 28 19 se
396 3278 130 28 présente
553 3280 26 24 et
604 3279 124 27 réclame
752 3286 33 20 sa

48 3309 86 30 place.
164 3309 41 27 On
231 3311 39 30 l'y
295 3311 96 31 remet,
420 3318 34 20 en
480 3313 149 26 montrant
653 3314 41 25 les
720 3317 64 30 plus

46 3344 94 25 beaux
171 3345 190 26 échantillons
393 3348 34 24 de
457 3354 34 21 sa
521 3350 170 28 production
720 3357 47 19 cou-

45 3381 89 27 rante,
159 3386 34 18 en
217 3380 135 31 appelant
373 3383 17 24 à
410 3383 43 27 lui
472 3384 30 25 la
522 3384 139 31 clientèle,
685 3392 34 19 en
741 3387 43 25 lui

47 3412 151 26 restituant
221 3415 135 28 l'activité
379 3417 71 33 qu'il
471 3419 125 26 n'aurait
617 3420 106 30 jamais
745 3423 37 26 d'à

46 3449 107 30 perdre.
175 3450 51 26 Les
248 3450 182 27 événements
452 3456 48 24 ont
520 3456 149 25 démontré
690 3457 30 25 la
738 3457 32 25 né-

46 3483 100 25 cessité
169 3487 26 22 et
214 3487 37 22 de
270 3487 26 24 la
322 3489 98 24 notion
444 3489 48 26 des
516 3490 112 25 devoirs
650 3494 26 25 et
698 3493 33 24 de
755 3495 28 22 la

46 3519 139 30 primauté
216 3521 34 25 de
278 3521 125 27 l'intérêt
431 3524 123 26 collectif
583 3531 50 20 sur
661 3526 122 27 l'intérêt

46 3553 163 33 individuel,
241 3561 56 25 que
326 3556 161 28 l'industrie
521 3560 131 27 nouvelle
681 3568 20 18 a
731 3561 52 25 fait

46 3589 181 30 prédominer
265 3593 125 28 pendant
418 3600 39 19 un
485 3593 92 30 siècle.
619 3596 43 24 En
686 3598 80 25 consé-

46 3630 113 22 quence,
183 3626 22 25 il
228 3626 69 26 était
319 3628 112 30 logique
455 3630 34 24 de
513 3637 104 22 songer
640 3632 18 25 à.
680 3632 99 26 rendre

47 3658 32 26 de
97 3659 27 26 la
143 3660 46 26 vie
208 3661 17 25 à
244 3667 39 19 un
301 3663 123 30 système
443 3665 162 31 répondant
622 3666 19 25 à
659 3673 47 19 ces
725 3667 43 30 exi-

46 3698 109 25 gences.
176 3696 35 24 Le
231 3696 85 27 vieux
335 3704 261 27 compagnonnage,
618 3703 149 28 rappelons-

47 3729 31 28 le,
104 3736 28 19 se
154 3730 106 31 plaçait
283 3737 66 22 sous
371 3735 27 24 le
420 3736 129 28 vocable,
562 3736 157 27 admirable
743 3739 38 25 du

46 3763 109 20 Devoir.

73 3798 76 26 Cette
168 3801 191 27 résurrection
381 3804 33 24 de
433 3803 170 33 l'artisanat,
625 3808 30 25 la
674 3808 105 26 France

46 3841 15 19 a
81 3835 59 24 tout
159 3835 17 24 A
196 3841 20 25 y
233 3842 116 25 gagner,
372 3840 53 27 elle
444 3840 48 24 n'a
511 3841 64 26 rien
595 3841 15 25 à
630 3848 19 25 y
669 3843 110 30 perdre.

45 3868 123 27 L'actuel
191 3873 129 25 ministre
343 3874 39 25 <lu
406 3874 123 31 Travail,
554 3876 37 25 M.
612 3876 94 27 Justin
731 3880 33 24 Go-

43 3904 72 30 dart,
138 3912 19 24 y
178 3907 58 25 voit
257 3913 73 25 pour
353 3914 30 18 sa
405 3909 64 30 part
490 3915 57 20 une
568 3911 79 27 force
667 3913 111 26 donnée

43 3945 38 20 au
102 3940 211 33 régionalisme,
339 3944 164 26 c'est-à-dire
530 3952 35 19 au
592 3950 188 28 groupement,

44 3974 48 25 des
109 3976 92 25 forces
219 3978 112 30 locales,
348 3979 72 25 dont
436 3980 128 26 chacune
581 3987 18 18 a
615 3989 52 19 son
685 3989 78 19 carac-

43 4010 65 24 tère.
130 4010 73 26 C'est
221 4017 70 20 avec
309 4013 43 27 les
371 4019 162 21 ressources
555 4017 37 24 du
613 4017 81 31 génie
717 4024 47 26 pro-

41 4043 106 27 vincial
168 4046 85 30 qu'on
272 4048 195 27 maintiendra
485 4052 26 24 et
531 4052 85 28 qu'on
638 4055 141 24 accroîtra

43 4078 26 25 le
89 4081 122 31 prestige
229 4082 129 26 mondial
376 4084 32 24 de
426 4085 28 24 la
474 4085 117 26 France.
612 4089 38 24 La
670 4089 109 30 grande

43 4115 137 26 industrie
209 4122 17 19 a
254 4120 144 28 provoqué
426 4121 26 24 le
480 4121 220 31 dépeuplement
728 4126 51 25 des

43 4155 171 25 campagnes
231 4159 27 20 et
275 4154 252 26 l'encombrement
544 4159 50 22 des
609 4156 92 30 villes,
723 4166 54 24 que

43 4185 143 31 déplorent
208 4187 41 25 les
273 4188 185 31 hygiénistes.
483 4192 45 27 Or,
552 4192 162 27 l'artisanat
736 4196 43 22 est

43 4225 54 19 non
124 4222 164 30 seulement,
317 4231 35 19 au
374 4226 81 28 point
480 4226 37 26 de
537 4232 54 20 vue
615 4228 159 31 technique,

41 4254 216 34 professionnel,
280 4258 26 25 le
326 4265 71 24 sage
415 4260 27 24 le
463 4261 64 30 plus
544 4263 109 25 certain
673 4265 39 24 du
731 4265 31 25 dé-

41 4291 196 31 veloppement
259 4293 37 25 de
320 4293 244 33 l'apprentissage,
591 4298 74 25 mais
690 4299 20 25 il
735 4300 41 24 est

43 4326 78 25 aussi
141 4326 61 30 l'un
220 4328 51 26 des
294 4329 64 31 plus
381 4330 64 25 sûrs
464 4333 102 28 agents
589 4333 33 25 de
640 4336 123 24 reconsti-

43 4361 89 25 lution
162 4363 26 25 et
217 4363 33 26 de
280 4363 234 33 développement
544 4368 33 24 de
608 4370 28 24 la
666 4369 110 26 famille

40 4396 151 31 française.
219 4398 37 24 Ne
282 4400 150 28 repose-t-il
459 4407 51 24 pas
537 4402 242 26 essentiellement,

40 4436 48 19 sur
110 4431 237 34 l'apprentissage
369 4435 97 25 donné
490 4437 72 24 dans
585 4440 43 24 les
648 4440 111 25 meilleu-

39 4470 44 21 res
106 4467 169 31 conditions,
296 4474 39 21 au
358 4472 63 24 sein
443 4473 34 26 de
500 4473 123 25 l'atelier
643 4473 130 27 familial,

39 4507 37 19 au
97 4501 83 31 foyer
197 4504 91 27 même
309 4504 45 31 où,
377 4506 50 25 dès
446 4512 52 20 son
519 4506 65 32 plus
604 4508 86 31 jeune
713 4512 59 28 âge,

39 4538 24 22 le
79 4538 69 28 petit
167 4539 100 25 enfant
282 4548 17 17 a
317 4540 124 25 entendu
458 4543 28 24 la
503 4543 131 30 musique
652 4545 50 26 des
718 4545 38 25 mé-

37 4571 78 28 tiers,
137 4573 37 25 où
196 4573 19 24 il
236 4579 15 18 a
270 4574 78 24 suivi
369 4576 26 25 le
415 4578 183 25 mouvement
618 4580 50 24 des
689 4578 85 27 outils

38 4609 27 22 et
86 4609 60 28 pris
170 4609 67 27 goût
260 4609 18 25 à
300 4610 120 26 l'œuvre
441 4612 157 30 paternelle
612 4613 12 24 ?
646 4615 37 24 Le
707 4616 65 28 père

38 4642 38 24 l'a
99 4643 89 28 initié,
211 4649 123 26 presque
358 4651 37 19 en
417 4645 164 31 l'amusant,
607 4655 38 20 au
669 4650 105 26 travail

38 4676 70 31 qu'il
126 4680 118 22 connaît
267 4681 66 24 bien
358 4682 26 22 et
407 4681 69 31 qu'il
498 4682 79 26 aime.
601 4683 40 25 La
664 4684 109 25 famille

37 4717 28 21 se
91 4713 194 27 maintiendra
309 4716 30 25 et
366 4716 28 25 la
422 4715 118 27 natalité
569 4719 105 25 croîtra
700 4721 72 25 dans

35 4748 71 24 cotte
120 4748 103 27 cellule
242 4755 53 25 que
313 4755 63 20 sera
394 4752 28 24 la
441 4752 133 27 demeure
589 4755 34 25 de
640 4754 130 26 l'artisan

35 4785 37 22 où
92 4786 26 25 le
138 4783 100 26 métier
257 4786 17 25 à
292 4783 90 32 tisser,
403 4786 25 25 le
446 4787 102 26 métier
567 4788 18 25 à
601 4789 116 25 velours
736 4796 37 19 ou

35 4818 18 24 à
74 4819 107 25 rubans
204 4818 138 30 chantera
363 4822 35 25 de
422 4827 132 22 nouveau
578 4830 32 19 sa
633 4824 138 32 chanson,

35 4854 83 28 grâce
141 4854 17 24 à
180 4856 28 25 la
231 4854 138 26 diffusion
394 4858 170 25 rationnelle
588 4858 34 26 de
647 4859 113 27 l'électri-

35 4887 60 30 cité,
120 4890 71 26 cette
215 4890 43 26 fée
283 4891 144 26 moderne.
454 4892 39 25 La
517 4893 124 26 richesse
666 4897 105 24 morale

33 4924 39 25 du
94 4930 72 25 pays
187 4930 35 20 en
242 4931 65 19 sera
327 4928 167 27 augmentée
517 4929 138 26 d'autant.
678 4930 40 26 Sa
736 4931 25 25 ri-

33 4959 98 25 chesse
159 4961 158 25 matérielle
347 4962 196 31 pareillement
574 4971 6 17 :
611 4963 162 27 l'artisanat

34 5001 28 18 se
89 4995 60 24 fera
172 4995 175 27 l'auxiliaire
374 4997 33 24 de
432 4997 28 26 la
487 5000 109 28 grande
619 5000 151 30 industrie,

33 5028 69 32 qu'il
122 5028 292 32 décongestionnera..
436 5033 57 25 Sur
510 5034 26 25 le
555 5034 106 26 terrain
681 5035 90 25 social

34 5065 83 28 enfin,
159 5066 156 27 l'efficacité
356 5067 33 25 de
416 5073 33 22 sa
476 5069 122 25 formule
637 5073 43 22 est
707 5073 64 28 plus

32 5100 188 30 qu'aisément
241 5101 196 26 démontrable
462 5112 6 15 :
493 5104 52 26 elle
567 5106 41 24 est
631 5106 137 26 évidente.

33 5135 41 22 En
97 5134 107 25 faisant
228 5138 33 24 de
283 5137 136 26 l'ouvrier
442 5145 41 18 un
506 5139 70 31 petit
599 5141 110 30 patron,
735 5148 35 18 en

32 5171 40 25 lui
94 5170 106 26 faisant
219 5171 135 31 acquérir
371 5173 70 24 cette
461 5174 99 24 valeur
580 5176 188 30 personnelle,

31 5207 71 25 cette
125 5206 216 32 indépendance
363 5210 71 24 dont
456 5210 28 24 la
506 5211 151 25 recherche
681 5213 40 24 est
744 5213 25 25 le

31 5242 65 30 plus
117 5242 83 25 noble
220 5242 149 26 stimulant
389 5244 33 25 de
443 5250 51 18 son
515 5243 122 32 activité,
659 5248 52 24 elle
730 5248 27 25 ré-

30 5275 123 27 concilie
175 5277 104 31 capital
304 5280 28 24 et
356 5278 111 25 travail.
493 5281 22 22 A
539 5281 63 26 leur
622 5288 79 24 rang,
728 5282 40 26 les

30 5311 125 25 artisans
181 5315 64 26 sont
269 5314 48 25 des
340 5314 89 25 chefs.
456 5315 148 31 Peut-être,
630 5317 72 25 dans
724 5319 44 24 cet

32 5347 81 25 ordre
143 5347 115 30 d'idées,
291 5354 93 19 aucun
417 5349 123 31 système
572 5352 103 25 n'est-il
704 5353 65 31 plus

31 5382 146 24 favorable
197 5382 18 24 à
234 5389 38 18 un
294 5387 203 24 resserrement
517 5386 48 24 des
586 5388 112 25 classes.
722 5388 31 25 De-

30 5417 89 28 main,
143 5418 73 28 dans
240 5421 28 24 la
292 5419 109 26 France
423 5419 129 32 pacifiée,
578 5427 52 19 nos
651 5422 117 26 enfants

30 5453 146 30 pourront,
203 5453 72 25 dans
301 5453 110 31 l'ordre,
438 5454 17 24 à
478 5456 84 25 l'abri
587 5458 48 26 des
660 5458 92 26 révolu-

30 5490 77 22 tions
128 5490 25 25 et
171 5490 50 24 des
239 5487 163 32 dictatures,
422 5491 149 26 retrouver
587 5498 48 19 sur
656 5493 40 24 les
715 5493 39 24 tra-

28 5529 47 20 ces
100 5523 33 26 de
155 5523 77 26 leurs
256 5524 92 31 aïeux,
372 5526 72 26 cette
465 5525 130 31 sécurité,
619 5533 46 22 ces
687 5528 66 27 liber-

30 5558 51 30 tés,
102 5558 71 27 cette
195 5558 69 31 paix
285 5559 104 25 sociale
410 5559 48 31 qui
480 5561 191 28 fleurissaient
689 5563 77 32 jadis

30 5598 70 21 sou»
115 5594 27 26 îe
158 5594 73 26 beau
248 5595 54 25 ciel
321 5595 33 25 de
373 5596 137 24 France...

878 1041 21 25 Il
918 1046 35 20 ne
970 1043 69 30 peut
1056 1043 58 25 être
1131 1043 167 27 indifférent
1317 1045 18 24 à
1354 1051 57 19 une
1429 1046 100 26 nation
1548 1048 33 25 de

846 1076 64 24 voir
938 1076 194 31 s'augmenter
1160 1084 45 19 ses
1235 1078 156 27 industries
1420 1082 162 30 familiales,

847 1110 162 25 s'accroître
1032 1119 32 19 sa
1085 1113 178 31 production,
1289 1119 144 26 rayonner
1456 1122 52 19 son
1531 1119 39 22 tra-

846 1144 66 28 vail,
935 1149 26 22 et
986 1152 30 21 se
1038 1148 171 30 développer
1232 1155 56 19 une
1311 1150 141 30 catégorie
1473 1152 35 25 de
1530 1154 39 24 tra-

846 1180 145 30 vailleurs,
1017 1183 84 28 petits
1126 1183 210 32 propriétaires,
1363 1186 70 24 dont
1456 1187 27 24 la
1508 1189 59 28 puis-

846 1220 84 20 sance
956 1217 137 26 fortifiera
1117 1218 40 25 les
1183 1219 96 24 autres
1302 1220 137 25 éléments
1463 1222 32 24 de
1518 1230 47 18 con-

844 1252 143 24 servation
1007 1254 26 22 et
1049 1253 35 22 de
1102 1254 126 30 progrès.
1250 1254 43 25 On
1313 1256 39 25 l*a
1370 1256 41 25 dit
1430 1252 5 32 :
1454 1259 22 22 si
1495 1256 73 27 l'arti-

843 1289 85 20 sanat
948 1287 145 26 n'existait
1111 1294 60 24 pas.
1196 1289 20 25 Il
1239 1291 126 24 faudrait
1385 1291 26 24 le
1430 1292 86 26 créer.
1540 1294 41 24 En

843 1319 60 28 fait,
926 1320 20 25 il
969 1326 37 20 ne
1026 1322 84 31 s'agit
1129 1323 213 31 présentement
1362 1332 54 24 que
1435 1328 145 26 d'étendre

843 1359 51 20 son
922 1356 102 25 action.
1051 1357 73 26 C'est
1148 1359 123 26 l'affaire
1293 1359 51 26 des
1369 1363 211 30 organisations

843 1390 111 30 privées
980 1393 203 28 spécialement
1208 1396 157 30 qualifiées,
1391 1398 33 22 de
1448 1397 85 25 l'Etat
1556 1401 26 24 et

843 1423 38 25 du
907 1424 171 32 législateur.
1107 1428 96 25 L'Etat
1228 1435 27 19 se
1280 1431 61 25 doit
1365 1430 34 26 de
1427 1433 102 25 mettre
1553 1434 28 24 la

842 1460 77 24 force
938 1461 229 27 administrative
1185 1470 38 19 au
1243 1465 109 26 service
1372 1466 32 25 de
1426 1466 27 27 la
1473 1469 90 31 compé-

840 1495 83 25 tence
950 1496 247 28 professionnelle.
1228 1500 35 24 Le
1293 1506 181 25 programme
1505 1504 76 25 tracé

842 1533 57 20 aux
926 1540 9 11 «
961 1531 181 26 animateurs
1168 1544 9 12 »
1205 1535 122 24 officiels
1350 1537 44 24 est
1415 1537 105 31 simple
1544 1541 34 26 et,

837 1569 40 19 au
907 1566 178 28 demeurant,
1117 1570 213 30 promptement
1362 1570 161 34 réalisable,
1554 1559 24 39 si

837 1598 112 26 chacun
963 1606 20 22 y
994 1603 59 22 met
1065 1602 39 25 du
1121 1603 70 25 sien.
1209 1603 175 27 L'artisanat
1397 1607 41 22 est
1453 1607 124 28 réveillé;

839 1633 20 24 il
883 1635 61 24 faut
967 1637 182 24 maintenant
1170 1638 142 31 l'adapter
1333 1646 58 19 aux
1414 1641 164 26 conditions

837 1667 202 32 économiques
1057 1672 26 22 et
1098 1672 120 26 sociales
1235 1674 159 26 modernes.
1414 1676 53 25 Les
1483 1676 76 26 cham-

837 1702 65 25 bres
925 1704 34 25 de
981 1706 116 25 métiers
1122 1710 141 27 pourront
1284 1709 112 25 donner
1417 1711 117 26 demain
1560 1713 18 25 à

837 1742 52 21 nos
913 1739 156 26 industries
1093 1741 72 25 d'art
1189 1748 39 19 un
1256 1744 73 25 éclat
1351 1746 223 32 incomparable.

839 1770 196 28 Personnalité
1065 1778 118 27 morale,
1217 1783 33 19 en
1283 1780 122 30 quelque
1435 1783 83 26 sorte,
1548 1783 27 24 la

836 1805 138 28 Chambre
1013 1809 34 24 de
1085 1811 120 30 Métiers,
1245 1814 214 27 intermédiaire
1496 1819 78 24 entre

836 1841 7 24 1
857 1841 76 25 école
959 1846 27 22 et
1009 1844 122 26 l'atelier
1154 1852 35 20 ou
1215 1848 26 24 le
1265 1850 150 31 comptoir,
1442 1857 132 20 exercera

836 1881 38 18 un
896 1877 157 32 patronage
1077 1881 27 24 et
1124 1886 57 21 une
1204 1877 143 31 influencé
1370 1887 138 24 autrefois
1531 1889 31 24 dé-

834 1910 81 26 volus
943 1917 59 21 aux
1031 1916 204 28 corporations.
1265 1918 35 26 M.
1330 1919 94 26 Justin
1450 1922 123 30 Godard,

833 1945 116 27 parlant
967 1946 17 24 à
1000 1948 181 33 Strasbourg,
1198 1959 19 19 a
1230 1955 110 27 promis
1356 1956 34 24 de
1407 1962 115 24 presser
1537 1964 35 18 au

835 1980 164 27 Parlement-
1015 1983 26 24 le
1058 1985 65 24 vote
1139 1985 39 25 du
1196 1987 92 31 projet
1303 1989 102 26 créant
1420 1991 41 25 les
1476 1993 78 25 cham-

833 2014 64 25 bres
921 2017 35 22 de
983 2017 116 26 métiers
1124 2023 28 21 et
1176 2022 156 26 instituant
1358 2024 26 25 le
1409 2026 90 26 statut
1522 2028 50 25 des

833 2048 106 26 classes
958 2057 158 24 moyennes
1137 2055 185 28 laborieuses.
1346 2059 129 27 Prenons
1496 2065 73 24 note.

833 2083 37 25 Le
899 2085 167 32 législateur
1094 2089 174 30 s'iquiètera,
1297 2098 35 19 en
1363 2095 87 27 outre,
1483 2093 33 28 de
1545 2098 30 25 la

830 2119 125 26 création
974 2122 33 22 de
1025 2122 203 32 coopératives,
1248 2127 33 25 de
1299 2127 219 32 l'organisation
1535 2133 34 24 de

830 2154 118 27 sociétés
973 2157 34 24 de
1030 2159 113 24 caution
1169 2161 145 30 mutuelle,
1339 2164 37 25 de
1400 2165 155 27 l'aménace-

830 2190 78 24 ment
927 2190 37 25 du
987 2191 94 30 crédit,
1103 2194 35 24 de
1159 2194 235 28 l'établissement
1411 2200 69 25 d'un
1500 2207 53 20 war-

831 2228 65 21 rant
915 2225 149 26 artisanal.
1085 2228 45 26 On
1154 2229 79 31 parle
1257 2237 102 20 encore
1380 2236 37 24 du
1439 2236 76 25 droit
1535 2238 34 24 de

830 2259 143 30 propriété
993 2261 34 25 de
1046 2262 131 26 l'artisan
1198 2271 51 19 sur
1266 2272 50 20 son
1338 2269 85 26 fonds
1443 2272 27 25 et
1486 2272 37 25 de
1543 2274 27 24 la

830 2294 194 26 construction
1052 2298 33 24 de
1110 2304 155 21 nouveaux
1290 2303 117 26 ateliers
1431 2311 73 26 pour
1528 2308 41 25 les

829 2328 85 30 petits
935 2331 182 26 travailleurs
1139 2334 19 25 à
1176 2335 132 27 domicile
1328 2339 50 30 qui
1398 2341 171 26 voudraient

829 2367 14 19 s
855 2362 138 27 installer.
1011 2365 22 26 Il
1049 2373 19 24 y
1080 2375 19 18 a
1116 2369 76 24 enfin
1208 2370 30 26 la
1252 2373 131 28 question
1402 2375 48 26 des
1467 2376 85 27 débou-

830 2396 66 25 ches
917 2402 221 26 commerciaux.
1165 2404 76 26 C'est
1261 2412 39 19 un
1324 2409 146 28 problème
1493 2413 64 26 diffi-

830 2432 59 30 cile,
912 2435 74 24 mais
1007 2435 20 24 il
1050 2437 74 25 n'est
1146 2445 51 24 pas
1217 2441 151 31 insoluble,
1390 2451 52 19 car
1461 2447 43 26 les
1524 2448 30 25 dé-

828 2466 125 28 bouchés
978 2472 64 22 sont
1065 2472 107 27 infinis.
1200 2476 38 24 La
1263 2477 109 26 France
1394 2481 109 25 entière
1527 2489 27 19 re-

829 2502 119 26 cherche
974 2505 48 24 des
1050 2507 128 26 ouvriers
1204 2511 139 30 qualifiés.
1369 2515 74 26 C'est
1468 2517 17 24 à
1512 2524 56 19 eux

829 2541 37 24 qu
880 2541 162 26 appartient
1068 2542 125 27 demain.
1227 2546 21 24 Il
1278 2554 20 24 y
1326 2554 18 19 a
1371 2549 131 31 toujours
1531 2559 35 19 en

828 2572 81 22 notre
932 2578 73 25 pays
1029 2576 50 24 des
1100 2577 129 27 réserves
1252 2582 155 26 immenses
1430 2585 33 24 de
1489 2589 67 26 goût

829 2606 33 24 de
883 2607 104 26 travail
1010 2610 27 26 et
1054 2611 37 25 de
1114 2611 196 30 dévouement.
1335 2617 72 27 C'est
1429 2620 60 26 dire
1509 2628 57 22 que

828 2641 34 24 de
881 2643 106 28 grands
1009 2646 109 31 espoirs
1139 2652 65 24 sont
1220 2653 116 26 permis.

1174 2699 103 28 EDGENE
1296 2704 43 26 LE
1358 2706 145 25 BRETON.

862 2798 46 39 LE
933 2800 197 44 DISCOURS
1155 2807 51 39 DE
1228 2809 44 38 M.
1297 2811 233 43 MILLERAND

1056 2870 50 39 ET
1128 2872 206 40 L'OPINION

859 2943 43 26 Du
921 2947 96 31 Temps
1039 2954 7 19 :

947 2979 146 27 'MiHeranJ
1110 2988 17 19 a
1146 2986 139 33 prononcé
1305 2994 37 20 un
1364 2991 122 27 discours
1507 2993 56 26 très

823 3008 111 50 d?fw?n
990 3013 57 30 oui.
1067 3019 31 19 en
1111 3014 150 31 •attendant'
1274 3020 47 25 soïi
1344 3022 139 25 accession
1504 3026 59 31 trop

824 3038 111 52 rénfrto
952 3074 15 15 n
986 3048 17 41 J,
1004 3050 7 18 1
1041 3073 7 17 ,
1051 3045 41 25 Pa
1094 3045 123 45 rJement,
1240 3056 113 26 marque
1378 3059 31 18 sa
1431 3054 131 26 véritable

824 3071 106 26 rentrée
952 3073 67 25 dans
1041 3074 26 25 3a
1088 3077 41 25 vie
1150 3078 131 33 politique
1299 3081 28 28 e',
1345 3084 66 25 dont
1431 3085 24 26 le
1474 3087 89 24 reton-

823 3107 109 41 S?
935 3110 8 18 1
984 3110 31 20 se
1015 3112 13 37 T
1029 3112 17 18 a
1062 3115 15 28 f
1080 3113 33 19 on
1116 3110 142 28 s'flérab-ie.
1278 3113 38 25 On
1335 3123 19 21 y
1370 3116 126 27 retrouve
1518 3124 44 19 ces

961 3137 31 26 de
1015 3137 109 32 logique
1144 3143 26 25 et
1192 3143 31 24 de
1244 3143 87 26 ferme
1351 3146 53 25 bon
1423 3154 65 19 sens
1506 3150 46 27 qui

824 3169 65 20 avec
935 3168 109 32 énergie
1072 3176 52 25 peu
1154 3177 144 25 commune
1323 3177 84 31 qu'on
1435 3181 35 24 lui
1501 3188 46 18 con-

822 3200 64 26 naît,
908 3202 61 24 sont
989 3201 39 25 les
1050 3202 80 26 traits
1152 3207 235 32 caractéristiques
1414 3211 31 26 de
1465 3211 81 26 l'hom-

823 3233 41 19 me
889 3235 53 25 qui,
964 3233 122 30 naguère
1109 3241 104 24 encore,
1235 3240 66 25 chef
1324 3241 31 25 de
1380 3241 87 30 l'Etat,
1489 3243 72 25 vient

822 3261 33 21 de
870 3262 116 28 prendre
1000 3263 170 28 absolument
1183 3269 118 31 position
1315 3273 34 24 de
1363 3273 63 25 chef
1439 3275 32 25 de
1483 3275 78 30 parti.

839 3326 6 5 .
922 3311 7 7 •
943 3325 6 14 ,
987 3295 21 40 .i
1012 3301 28 18 er
1042 3302 39 31 an_
1082 3295 2 44 <
1085 3299 11 24 J
1122 3306 70 18 asu
1219 3301 96 26 définir
1337 3311 65 19 avec
1426 3306 136 27 l'autorité

822 3326 25 25 et
873 3326 26 21 la
926 3326 84 26 clarté
1036 3334 45 24 qui
1109 3330 37 25 lui
1174 3333 215 32 appartiennent,
1417 3338 24 26 le
1469 3339 92 26 devoir

821 3356 47 22 des
891 3358 182 28 républicains
1098 3363 156 26 nationaux.
1281 3365 136 27 Défendre
1444 3376 65 20 avec
1533 3372 27 24 la

822 3387 90 22 nation
954 3389 22 22 le
1002 3396 103 25 régime
1104 3387 1 41 1
1130 3394 45 28 qui
1200 3400 33 18 en
1257 3397 44 24 est
1324 3397 170 32 inséparable
1533 3402 27 25 M

819 3422 38 27 qu
866 3423 90 21 aucun
980 3423 78 28 parti.
1080 3424 111 26 surtout
1213 3432 35 18 un
1273 3430 69 28 parti
1365 3430 135 27 socialiste
1524 3441 34 18 ou

820 3450 163 27 socialisant,
1005 3457 34 19 ne
1059 3456 106 25 Murait,
1186 3463 31 19 se
1240 3458 90 26 flatter
1352 3463 172 31 d'accaparer

822 3483 61 24 telle
907 3483 41 22 est
974 3484 22 24 la
1025 3485 78 26 tâche
1128 3491 44 27 qui
1201 3489 128 32 s'lmpose
1351 3498 57 19 aux
1433 3496 125 25 Français

820 3513 71 45 ™„Ji
891 3519 77 20 )onnß
989 3513 5 45 .
994 3516 110 26 volonté
1128 3520 56 28 <iui.
1211 3521 111 31 séparés
1350 3530 50 24 par
1426 3527 132 26 certaines

819 3547 129 26 nuances,
966 3552 61 19 nen
1052 3549 60 24 sont
1135 3556 51 24 pas
1208 3554 87 25 moins
1318 3555 126 28 résoulus
1466 3561 18 25 à
1505 3560 40 25 lut-

819 3576 39 22 ter
878 3576 57 24 cote
952 3579 17 25 à
987 3579 58 25 côte
1065 3583 113 24 pour-la
1196 3587 188 26 conservation
1403 3589 48 25 des
1468 3592 76 25 résul-

819 3608 53 25 tats
902 3608 33 26 de
964 3614 143 26 cinquante
1137 3619 47 19 ans
1215 3617 33 22 de
1274 3618 168 32 République
1472 3622 26 24 et
1522 3624 34 22 de

817 3643 61 27 cinq
901 3645 48 19 ans
974 3641 161 27 dTieroisme
1155 3645 107 33 civique
1283 3651 27 25 et
1332 3650 133 28 militaire.

855 3679 12 12 «
883 3672 52 22 Les
954 3672 157 31 éloquentes
1128 3678 109 26 paroles
1256 3679 33 26 de
1302 3680 37 24 M.
1354 3681 144 28 Millerand
1513 3691 30 19 se-

817 3702 60 24 ront
899 3702 157 30 entendues.
1076 3705 156 31 S'adresser
1253 3717 35 18 au
1309 3710 54 26 bon
1385 3718 63 20 sens
1472 3717 26 24 et
1520 3723 35 19 au

814 3733 170 28 patriotisme
1006 3736 32 27 de
1058 3743 27 20 ce
1108 3743 76 26 pays,
1207 3745 28 19 ce
1258 3742 70 26 n'est
1345 3743 99 31 jamais
1463 3748 92 30 parler

815 3769 35 17 en»
865 3769 71 20 vain.
954 3774 11 12 •>

848 3809 41 25 Du
906 3814 115 24 Journal
1039 3815 48 22 des
1103 3816 100 21 Débats
1226 3823 7 14 :

976 3837 45 1 .VHI,
1039 3837 28 1 «L
1074 3837 12 2 a
1128 3837 11 2 1-
1144 3837 57 4 L/IiCO
1225 3837 7 4 .

853 3852 12 12 «
888 3842 35 25 Le
947 3848 67 26 pays
1035 3849 47 27 qui
1103 3847 70 26 n'est
1193 3854 50 26 pas
1267 3850 21 26 si
1312 3854 116 31 aveugle
1450 3861 52 25 que
1524 3862 28 18 se

814 3874 24 22 le
857 3874 119 28 figurent
994 3876 40 24 J<es
1057 3880 122 22 mauvais
1200 3880 122 32 bergers,
1341 3886 63 24 sent
1424 3886 115 27 parfaite-

814 3906 73 24 ment
909 3912 52 25 que
983 3909 34 24 M.
1043 3909 143 26 Millerand
1211 3913 71 26 obéit
1303 3915 18 24 à
1343 3915 97 31 l'appel
1466 3919 33 25 ds
1522 3925 30 19 sa

815 3940 164 22 conscience.
1002 3939 26 25 Si
1048 3946 47 19 son
1119 3944 78 28 appel
1219 3951 17 18 a
1256 3951 33 19 eu
1311 3952 37 19 un
1369 3947 66 26 écho
1459 3952 76 24 immé-

814 3967 56 24 diat
891 3970 65 27 dont
976 3971 18 24 il
1015 3971 41 24 est
1078 3972 111 27 difficile
1209 3977 33 22 de
1265 3978 136 26 contester
1419 3980 26 24 le'
1463 3981 74 25 reten-

814 3998 148 27 tissement,
987 4002 66 28 c'est
1072 4010 53 24 que
1148 4005 28 25 la
1200 4012 89 24 masse
1312 4010 51 25 des
1387 4023 12 11 «.
1424 4012 126 30 Français

813 4036 112 25 moyens
953 4043 9 12 »
992 4035 151 28 justement
1165 4037 168 32 préoccupée
1359 4043 46 22 des
1434 4043 117 30 dangers

813 4064 155 25 imminents
989 4067 45 26 qui
1059 4069 143 24 menacent
1226 4069 76 26 notre
1325 4071 117 26 sécurité
1473 4076 78 25 notre

811 4097 92 22 avenir
934 4097 183 31 oconomique,
1146 4101 136 28 peut-être
1309 4104 78 25 notre
1416 4106 135 26 exis'ence

811 4127 144 27 nationale,
984 4133 119 24 éprouvé
1131 4130 25 24 le
1183 4130 94 27 besoin
1306 4134 32 25 de
1368 4135 86 25 s'unir
1481 4143 70 22 pour

813 4156 110 24 résister
952 4163 56 21 aux
1031 4160 90 26 forces
1150 4162 32 25 de
1213 4163 206 33 désagrégation
1448 4170 103 24 morale

811 4189 27 20 et
857 4188 156 21 matérielle.
1037 4200 11 9 »

844 4234 37 26 De
905 4234 231 32 L'lntransigeant
1163 4245 11 19 :

848 4274 11 11 «
883 4266 103 31 Depuis
1005 4269 67 32 hier,
1096 4271 170 34 l'opposition
1287 4273 17 25 à
1324 4279 37 19 un
1380 4277 65 26 chef
1466 4279 45 26 qui
1534 4285 13 19 a

811 4302 56 25 pris
891 4297 168 27 résolument
1081 4297 116 33 position
1219 4305 27 25 et
1267 4305 47 31 qui
1338 4307 56 25 voit
1416 4315 28 18 se
1467 4316 65 21 grou-

811 4333 48 24 per
882 4330 98 24 autour
1002 4332 32 24 de
1057 4332 35 27 lui
1116 4335 90 25 toutes
1227 4336 40 27 les
1289 4336 91 28 forces
1397 4339 150 27 nationales

810 4361 204 28 républicaines.
1036 4365 142 30 Pourtant,
1201 4365 22 26 le
1246 4369 119 30 banquet
1388 4371 83 27 d'hier
1492 4374 56 24 soir

810 4391 124 24 resterait
963 4400 53 18 une
1046 4396 202 28 manifestation
1278 4401 77 25 vaine
1385 4402 43 25 s'il
1456 4403 91 27 n'était

811 4428 67 19 suivi
904 4424 81 24 dune
1009 4431 150 26 campagne
1180 4429 33 25 de
1237 4431 85 25 tracts
1346 4434 27 24 et
1395 4435 34 24 de
1453 4436 79 25 confé-

809 4459 94 21 rences
930 4455 17 24 à
972 4456 105 25 travers
1103 4459 25 24 le
1154 4466 76 25 pays.
1256 4463 33 22 M.
1315 4463 143 27 Millerand
1483 4468 64 25 s'est

810 4488 102 26 engage
938 4486 17 24 à
981 4487 65 25 fond
1075 4489 67 24 dans
1168 4492 26 22 la
1217 4493 117 26 bataille.
1359 4495 51 25 Les
1433 4496 115 30 -troupes

810 4521 34 18 un
867 4522 51 24 peu
940 4519 111 28 éparses
1069 4521 32 24 de
1115 4522 175 30 l'opposition
1309 4527 45 31 qui
1375 4527 172 27 cherchaient

808 4554 37 18 un
866 4550 91 27 guide,
977 4554 63 24 sont
1057 4553 125 25 assurées
1205 4556 175 28 aujourd'hui
1402 4559 83 25 d'être
1507 4563 27 24 di-

809 4579 96 28 rigées.
926 4581 19 24 C
954 4583 44 24 -est
1018 4583 17 22 à
1055 4584 65 25 elles
1143 4584 31 25 de
1196 4587 123 25 montrer
1338 4590 115 28 qu'elles
1472 4597 57 20 com-

808 4612 135 26 prennent
959 4612 28 24 la
1006 4615 104 28 gravité
1130 4617 32 25 de
1181 4617 100 26 l'heure
1304 4620 27 24 et
1352 4622 111 28 qu'elles
1485 4624 61 26 sont

811 4641 91 28 prêtes
928 4644 15 25 à.
969 4643 116 26 l'action.
1111 4656 11 12 »
1352 4636 14 15 4

1654 801 64 34 LA
1748 803 269 35 SITUATION

1656 886 64 104 Le
1760 886 178 123 budget
1976 892 90 103 des
2112 894 214 104 colonies

1628 1080 79 70 Le
1736 1072 105 33 budget
1870 1074 47 26 des
1948 1075 126 28 Colonies
2102 1087 60 18 sera
2193 1080 107 27 discuté
2328 1090 31 17 en

1730 1108 111 25 dernier
1866 1109 64 28 lieu,
1967 1110 25 26 le
2015 1116 117 30 rapport
2167 1114 33 26 de
2224 1115 40 25 M.
2288 1116 71 25 Léon

1730 1142 187 28 Archimbaud
1933 1147 84 25 étant
2034 1146 138 30 distribué
2193 1150 57 25 fort
2268 1159 34 18 en
2321 1160 26 18 re-

1623 1178 76 26 tard.
1724 1178 25 26 Il
1773 1181 41 22 est
1839 1179 128 34 toujours
1994 1182 116 33 copieur
2135 1187 30 22 et
2190 1185 169 27 intéressant

1624 1212 25 25 le
1670 1217 117 30 rapport
1808 1212 34 27 de
1866 1214 37 26 M.
1929 1215 200 27 Archimbaud.
2153 1219 22 25 Il
2197 1222 43 22 est
2263 1219 96 35 rempli

1620 1247 48 25 des
1693 1248 74 26 idées
1789 1248 167 27 excellentes
1978 1260 53 22 que
2053 1252 40 27 M.
2119 1254 96 27 Albert
2241 1256 118 26 Sarraut

1622 1281 144 32 vulgarisa
1785 1289 31 20 et
1834 1293 53 21 par
1907 1285 143 34 lesquelles
2070 1289 25 25 le
2114 1289 176 27 radicalisme
2310 1292 37 25 fai-

1620 1317 57 26 sait
1702 1319 116 25 amende
1843 1319 151 27 honorable
2019 1323 17 25 à
2060 1323 28 26 la
2115 1324 144 34 politique,
2285 1326 73 33 jadis

1620 1355 176 25 atrocement
1814 1354 161 34 calomniée,
1996 1357 34 26 de
2049 1358 39 26 M.
2112 1358 78 27 Jules
2210 1359 98 33 Ferry.

1656 1389 189 32 Aujourd'hui
1867 1390 65 26 tout
1954 1391 25 26 le
2000 1393 99 26 monde
2121 1398 43 22 est
2185 1396 15 22 à
2223 1404 53 25 peu
2298 1398 60 32 près

1620 1422 128 27 d'accord
1774 1430 48 20 sur
1848 1424 26 26 la
1900 1426 135 27 nécessité
2059 1428 142 28 d'outiller
2226 1440 48 18 nos
2301 1441 44 25 pos-

1620 1457 116 26 sessions
1757 1457 180 28 d'outre-mer
1958 1465 28 24 et
2007 1462 34 27 do
2062 1463 39 26 les
2124 1467 103 25 mettre
2246 1475 35 18 en
2306 1476 35 18 me-

1618 1501 65 17 sure
1704 1494 33 25 de
1762 1495 111 25 fournir
1897 1496 17 26 à
1937 1496 28 26 la
1987 1498 151 33 métropole
2160 1500 142 35 beaucoup
2323 1502 34 26 de

1618 1528 115 26 denrées
1759 1535 28 20 et
1812 1530 34 26 do
1872 1532 132 25 matières
2030 1535 150 31 premières
2209 1545 52 25 que
2288 1544 70 19 nous

1619 1571 84 18 avons
1724 1564 132 26 réclamés
1877 1569 64 32 trop
1962 1570 117 25 souvent
2099 1569 17 26 à
2135 1570 162 35 l'étranger,
2320 1581 35 17 au

1618 1598 89 34 grand
1736 1599 144 33 dommage
1906 1602 33 25 de
1968 1605 83 24 notre
2076 1603 115 37 change.

1646 1633 40 27 M.
1715 1633 190 27 Archimbaud
1930 1638 111 26 revient
2068 1648 47 18 sur
2141 1649 54 18 une
2222 1642 60 27 idée
2307 1644 48 32 qui

1616 1677 19 17 a
1648 1669 46 25 été
1713 1669 261 31 particulièrement
1990 1672 80 28 chère
2087 1675 15 25 à
2120 1675 40 27 M.
2179 1677 96 26 Albert
2291 1680 50 25 Sar-

1618 1708 73 22 raut.
1713 1704 24 26 Il
1753 1706 86 33 s'agit
1856 1706 37 26 de
1909 1709 83 24 notre
2007 1709 138 35 politique
2161 1720 33 18 en
2215 1711 142 28 Extrême-

1617 1739 98 26 Orient
1733 1742 31 24 et
1782 1740 33 28 de
1834 1742 27 25 la
1880 1743 125 26 création
2024 1744 69 26 d'un
2112 1744 71 27 haut
2200 1748 138 27 commissa-

1616 1774 58 25 riat
1697 1774 35 26 du
1759 1776 142 32 Paeifiquo
1924 1778 70 26 dont
2020 1782 81 24 notre
2124 1781 182 33 Indo-Chine,
2330 1786 24 25 si

1617 1809 137 26 favorisée
1783 1811 33 26 do
1845 1812 27 26 la
1902 1817 110 26 nature,
2043 1815 24 26 si
2096 1817 143 27 convoitée
2269 1820 85 31 aussi,

1613 1844 148 27 retirerait
1785 1846 38 26 les
1847 1847 64 33 plus
1936 1848 109 27 sérieux
2070 1856 164 30 avantages.

1648 1879 57 26 Par
1743 1880 26 26 le
1796 1881 67 26 haut
1892 1883 214 34 commissariat,
2145 1886 47 27 des
2220 1889 133 27 relations

1611 1915 204 34 économiques,
1841 1919 202 27 commerciales
2069 1924 28 22 et
2121 1920 35 27 dé
2180 1923 156 27 main-d'œu-

1613 1958 50 18 vre
1682 1951 125 26 seraient
1825 1954 183 26 étroitement
2029 1957 103 25 nouées
2150 1958 80 26 entre
2250 1959 103 26 l'lndo-

1613 1984 98 33 Chine,
1733 1985 39 26 les
1792 1985 148 28 Nouvelles
1959 1989 142 27 Hébrides
2121 1994 27 25 et
2169 1993 28 26 la
2218 1994 133 27 Nouvelle

1612 2019 158 28 CaJédonie.
1799 2022 22 25 H
1850 2023 48 32 n'y
1922 2024 97 26 aurait
2043 2027 64 33 plus
2131 2027 67 32 qu'à
2225 2030 125 31 légaliser

1612 2063 56 17 une
1690 2056 86 26 union
1801 2057 34 26 de
1858 2057 57 27 fait
1938 2068 71 25 pour
2033 2070 53 24 que
2109 2062 194 28 l'lndo-Chine
2323 2067 27 24 et

1612 2089 27 27 la
1664 2091 109 27 France
1796 2101 34 17 en
1857 2093 124 28 retirent
2006 2095 48 27 des
2079 2099 155 33 avatanges
2258 2100 79 33 politi-

1611 2134 67 22 ques
1700 2127 213 28 considérables.

1642 2161 63 27 Aux
1726 2161 148 28 Nouvelles
1893 2164 146 30 Hébrides,
2063 2167 183 33 complément
2267 2171 70 26 indis-

1610 2197 132 32 pensable
1757 2198 35 26 de
1811 2199 28 26 la
1858 2200 135 27 Nouvelle
2011 2202 159 33 Calédonie,
2191 2204 158 28 l'influence

1610 2231 142 35 française
1773 2236 44 24 est
1841 2233 125 27 devenue
1991 2237 63 26 tout
2076 2238 18 25 à
2120 2238 52 27 fait
2197 2241 136 32 prépondé-

1611 2270 83 22 rante
1717 2275 28 19 et
1769 2277 34 18 on
1828 2272 67 31 peu!;
1920 2271 110 34 espérer
2055 2281 53 25 que
2130 2272 163 28 l'annexion
2316 2276 33 26 do

1609 2302 146 37 l'archipel
1782 2304 17 26 à
1824 2306 28 26 la
1874 2306 111 26 France
2011 2316 105 25 pourra
2144 2309 60 27 être
2228 2311 122 27 obtenue

1609 2339 70 26 dans
1711 2347 37 18 un
1779 2340 137 31 prochain
1946 2340 155 37 règlement
2132 2352 66 19 avec
2226 2344 107 35 l'Angle-

1607 2373 84 24 terre.

1637 2409 81 26 Voilà
1741 2411 211 33 quelques-unes
1975 2413 47 26 des
2042 2417 67 24 cent
2131 2417 146 31 questions
2298 2417 31 27 im-

1606 2448 148 30 portantes
1783 2446 159 35 qu'inspire
1969 2448 30 26 la
2026 2448 107 27 lecture
2161 2450 38 26 du
2229 2456 115 31 rapport

1607 2489 48 17 sur
1676 2481 40 24 les
1737 2481 128 26 colonies.
1892 2483 73 26 Mais
1989 2486 61 24 tout
2075 2485 53 26 ceci
2154 2486 189 28 demanderait

1607 2516 15 25 à
1648 2516 28 25 la
1703 2516 138 27 Chambre
1866 2528 39 17 un
1932 2518 85 27 débat
2042 2520 96 32 câline,
2165 2523 178 32 approfondi.

1606 2551 73 27 Mais
1721 2561 37 18 on
1788 2554 130 33 imprime
1958 2554 47 26 des
2037 2559 132 31 rapports
2200 2557 143 28 immenses

1606 2585 83 34 qu'on
1720 2587 47 27 n'a
1796 2597 48 25 pas
1873 2589 27 25 le
1926 2597 92 27 temps
2046 2590 34 27 do
2109 2591 52 27 lire
2190 2594 31 25 et
2248 2601 96 20 enoore

1605 2623 90 24 moins
1717 2623 35 24 de
1775 2623 133 24 discuter.

1633 2657 43 26 La
1694 2659 130 34 question
1841 2660 47 26 des
1907 2660 128 34 colonies,
2053 2661 65 28 d'où
2135 2662 109 33 dépend
2259 2662 69 28 l'ave-

1605 2693 46 27 nir
1674 2694 35 26 do
1733 2694 27 27 la
1785 2695 118 31 France,
1928 2696 158 27 mériterait
2109 2706 57 20 une
2191 2699 150 30 discussion

1604 2728 35 27 de
1659 2730 72 26 deux
1752 2730 170 27 laborieuses
1946 2733 145 24 semaines.

2036 2783 83 26 P.-O.
2139 2783 136 26 Dolbeht.

1600 2885 77 39 PAS
1696 2885 214 46 D'ARGENT,
1928 2888 77 39 PAS
2023 2888 86 40 DE...
2132 2890 167 41 LIÈVRES
2326 2891 11 39 !

1628 2992 187 30 STRASBOURG,
1833 2994 28 26 37
1879 2994 155 26 décembre.
2099 2995 44 25 Un
2158 3001 180 22 mouvement

1598 3022 34 25 de
1656 3024 84 30 grève
1767 3024 67 25 bien
1857 3025 119 25 curieux
2003 3027 48 30 qui
2078 3021 35 31 rie
2137 3033 128 25 manque
2287 3035 51 26 pas

1598 3053 35 26 de
1648 3056 162 24 nouveauté
1827 3057 28 25 et-
1870 3057 90 26 d'une
1971 3058 128 26 certaine
2117 3060 67 24 nota
2199 3060 122 26 humoris-

1598 3085 78 30 tique
1691 3091 28 19 se
1735 3086 181 26 déclenchait,
1930 3089 155 25 dimanche
2100 3091 84 30 passé
2202 3098 39 19 au
2255 3098 83 19 cours

1598 3117 85 25 d'une
1711 3118 97 25 battue
1837 3124 39 20 au
1903 3119 90 27 lièvre
2020 3120 72 25 dans
2119 3122 31 25 la.
2174 3122 103 26 chasse
2302 3124 35 26 de

1598 3148 115 25 Z...dorf
1740 3150 76 28 (près
1840 3151 35 25 de
1902 3152 28 25 la
1955 3151 120 31 Moder),
2104 3154 193 30 appartenant
2321 3156 17 24 à

1596 3183 57 20 une
1670 3180 107 25 société
1796 3182 34 27 de
1851 3182 104 26 chasse
1974 3183 37 25 de
2029 3183 180 33 Strasbourg.

1626 3210 39 24 La
1687 3211 142 31 première
1850 3214 102 28 traque
1972 3213 98 26 venait
2093 3216 35 24 de
2150 3222 30 18 se
2200 3216 137 26 terminer

1596 3242 27 22 et
1641 3242 56 22 bon
1715 3243 120 25 nombre
1856 3244 33 25 de
1909 3243 104 25 lièvres
2033 3247 116 25 avaient
2169 3247 65 30 déjà
2252 3249 85 25 na«sé

1594 3272 37 24 âe
1649 3272 46 26 vie
1717 3273 17 24 à
1755 3274 103 30 trépas.

1624 3304 44 24 On
1689 3304 83 25 allait
1791 3307 152 24 continuer
1961 3314 6 20 ;
1988 3307 84 28 mais,
2095 3309 93 31 quelle
2210 3311 125 31 stupeu-%

1594 3333 27 25 la
1638 3334 103 26 chasse
1762 3343 31 18 se
1811 3337 34 24 fit
1864 3338 130 25 attendre
2014 3340 80 24 outre
2114 3346 112 20 mesure
2246 3344 27 22 et
2294 3344 43 25 les

1593 3365 151 26 chasseurs
1767 3372 31 19 se
1819 3369 215 26 morfondaient
2054 3377 51 18 sur
2143 3372 63 25 leur
2242 3374 92 26 stand.

1593 3396 60 27 Que
1674 3402 31 20 se
1721 3399 142 27 passait-il
1880 3399 12 25 ?
1913 3400 44 25 On
1975 3406 32 19 se
2028 3402 139 30 précipita
2189 3411 58 19 aux
2268 3411 52 19 nou-

1592 3426 96 27 velles,
1710 3430 28 22 et
1759 3435 39 19 on
1817 3430 40 26 vit
1878 3436 38 20 au
1935 3431 61 25 loin
2019 3432 41 25 les
2080 3433 151 31 traqueurs
2254 3438 70 28 gesti-

1593 3458 98 25 culant
1709 3461 26 24 et
1754 3461 128 25 formant
1900 3463 98 25 cercle.
2019 3464 45 26 Un
2081 3465 131 27 accident
2228 3468 90 24 malen-

1592 3490 137 25 contreux
1747 3491 12 24 ?
1782 3493 69 30 Non,
1877 3494 41 25 les
1942 3496 151 28 traqueurs
2118 3497 132 26 s'étaient
2274 3500 59 24 tout

1591 3522 183 28 simplement
1792 3523 57 26 mis
1867 3529 38 20 en-
1922 3526 85 30 grève
2026 3533 37 19 en
2078 3527 178 27 demandant
2276 3536 57 19 une

1591 3553 198 27 considérable
1815 3556 219 28 augmentation
2059 3559 33 25 de
2118 3559 63 26 leur
2205 3560 119 30 journée

1590 3588 69 19 sous
1684 3583 86 31 peine
1798 3586 33 25 de
1858 3588 110 24 rentrer
1994 3594 38 19 au
2056 3589 115 31 village.
2202 3593 90 25 Grâce
2315 3594 18 26 à

1589 3617 8 21 J
1612 3614 191 26 intervention
1833 3617 204 30 bienveillante
2060 3621 41 24 du
2126 3621 148 31 président
2297 3625 35 24 de

1589 3646 89 27 ladite
1698 3647 104 25 société
1824 3648 33 25 de
1878 3648 109 31 chasse,
2008 3650 30 25 la
2059 3653 131 28 question
2210 3653 45 26 fut
2274 3654 59 25 vi'e

1589 3677 96 30 réglée
1706 3679 17 22 à
1742 3679 30 24 la
1792 3679 181 26 satisfaction
1994 3683 34 24 de
2048 3683 65 24 tous
2131 3685 27 22 et
2179 3686 30 24 la
2230 3686 102 26 chasse

1587 3710 52 25 put
1661 3709 157 26 continuer.

1624 3795 109 39 UNE
1763 3796 197 40 FEMME
1988 3800 71 38 DE
2092 3801 13 37 11
2114 3801 52 37 ©S
2193 3802 102 35 ANS

1752 3891 40 32 Sa
1814 3892 61 32 fille
1897 3892 86 33 aînée
2002 3904 19 21 a
2044 3894 41 32 80
2111 3906 56 21 ans

1617 3946 89 27 DIJON.
1740 3947 27 25 17
1799 3947 156 28 décembre.
2046 3953 21 21 A
2098 3952 222 33 Vieuxchâteau,

1585 3977 73 26 Mme
1677 3979 136 25 Pierrette
1828 3979 93 27 Colas,
1938 3986 92 20 veur/e
2046 3984 120 26 Mourot
2183 3986 80 26 entre
2280 3992 28 19 au-

1584 4009 149 28 jourd'hui
1754 4012 77 24 dans
1850 4018 34 18 sa
1905 4013 44 25 105
1950 4018 11 12 E
1981 4015 103 26 année,
2109 4016 79 25 étant
2210 4018 56 26 née
2287 4025 34 19 en

1584 4039 67 26 1820.
1672 4042 59 25 Elle
1752 4050 32 18 se
1804 4044 136 25 nromène
1959 4051 102 20 encore
2080 4046 78 26 seule
2179 4049 27 26 et
2226 4055 17 18 a
2262 4050 47 25 l'es-

1583 4074 59 27 prit
1662 4072 58 26 très
1736 4074 107 31 .lucide.

1613 4104 60 25 Elle
1694 4104 45 25 fut
1757 4107 31 24 la
1805 4107 78 25 mère
1902 4109 38 24 de
1961 4110 143 25 Dlusieurs
2125 4111 117 25 enfants
2262 4120 7 21 ;
2290 4119 31 19 sa

1583 4136 60 26 fille
1661 4137 83 25 aînés
1760 4143 18 19 a
1792 4139 31 24 80
1839 4144 63 19 ans.

1612 4168 81 26 Mme-
1713 4169 84 25 Colas
1820 4170 44 24 est
1889 4170 53 27 née
1968 4174 17 25 à
2010 4173 311 30 Saint-Léger-Yauban

1585 4201 130 20 (Yonne).

1586 4287 94 32 UNE
1713 4289 222 34 CULTURE
1965 4292 83 37 QUI
2080 4292 239 33 RAPPORTE

1610 4387 111 26 GRASSE.
1746 4389 27 24 17
1793 4389 158 26 décembre.
2024 4391 78 24 Dans
2124 4391 180 27 l'arrondisse-

1579 4420 79 22 ment
1681 4420 34 24 de
1741 4421 111 25 Grasse.
1877 4422 129 25 pendant
2027 4422 40 26 les
2092 4422 69 26 trois
2184 4423 76 26 mois
2282 4426 35 24 de

1579 4453 31 22 la
1630 4450 111 26 récolte,
1761 4459 40 18 oai
1825 4460 17 17 a
1859 4454 130 27 recueilli
2008 4455 85 26 75.0C0
2113 4455 73 26 kilos
2207 4457 35 24 de
2263 4456 41 31 jas-

1578 4481 61 24 min
1658 4482 102 22 valant
1780 4485 28 20 21
1828 4483 137 21 raillions.

1700 4596 491 24 3E»3E&O:E*O3E&T3CQKrS

898 4728 209 45 PROCÈS
1148 4742 66 34 DE
1252 4744 202 38 PRESSE

809 4835 133 48 .F™;,
947 4838 28 25 17
991 4839 157 26 décembre.
1170 4858 28 6 _
1219 4845 136 26 L'Œuvre
1376 4850 26 24 et
1422 4850 120 27 VAction

806 4871 11 18 i
830 4871 137 24 rançaisc.
1002 4874 48 20 oui
1082 4878 31 19 se
1143 4876 219 27 poursuivaient
1391 4881 132 26 mutuelle-

804 4902 79 21 ment
899 4906 73 19 cour
989 4902 189 28 diffamation,
1196 4909 52 22 ont
1264 4909 44 24 été
1325 4911 190 27 condamnées
1538 4902 5 37 •

948 4932 22 37 ?
973 4933 98 25 ranrai
1072 4941 13 18 *
1089 4942 14 18 e
1104 4956 6 6 -
1137 4937 15 25 à
1175 4938 15 24 2
1193 4932 4 38 -
1200 4938 44 25 000
1391 4943 150 27 d'amende

804 4965 27 21 et
847 4965 84 24 „0.000
947 4965 96 24 francs
1059 4968 35 21 de.
1108 4969 296 31 dommages-intérêts
1423 4982 6 19 :
1446 4976 78 25 L'Œu-

806 4997 46 21 vre
883 4996 19 24 h
925 4995 67 25 1.000
1015 4997 96 24 framc.s
1131 5000 151 28 d'amende
1305 5006 26 22 et
1352 5006 67 26 1.500

803 5026 33 26 de
857 5026 305 31 dommaees.intérêts.

901 5571 43 24 Tu
965 5574 61 22 vois
1050 5574 24 22 le
1093 5575 71 30 pelit
1182 5580 76 26 grot,
1280 5575 70 27 c'er.
1371 5581 40 21 un
1433 5576 97 32 gmnd
1571 5576 161 31 industriel,
1766 5578 26 24 et
1822 5577 25 26 le
1880 5578 92 30 grand
2003 5580 117 30 maigre,
2158 5581 67 26 e'est
2261 5585 37 21 un

803 5603 73 28 petit
894 5604 202 27 commerçant.

2461 829 76 74 Le
2574 834 304 90 président
2903 834 175 73 Ebert

2400 933 211 97 charge
2643 935 76 74 M.
2765 938 369 76 Sfresemann

2559 1043 69 74 de
2666 1048 315 72 constituer

2444 1152 54 66 le
2533 1146 228 73 cabinet
2799 1147 291 74 allemand

2447 1293 109 32 MAIS
2588 1296 152 31 CETTE
2772 1297 313 33 COMBINAISON

2447 1346 172 33 SEMBLE
2637 1343 156 38 VOUÉE
2811 1350 31 31 A
2859 1350 66 31 UN
2942 1344 143 37 ÉCHEC

2411 2598 93 30 PARIS,
2530 2598 27 26 17
2581 2600 156 25 décembre.
2812 2601 44 25 Un
2876 2601 188 30 télégramme
3084 2602 31 26 de

2380 2630 98 25 Berlin
2505 2635 76 22 nous
2607 2637 131 19 annonce
2766 2637 53 22 que
2850 2633 26 25 lo
2902 2633 150 25 Président
3080 2634 34 24 du

2381 2662 85 25 Reich
2485 2668 19 18 a
2524 2668 66 21 reçu
2609 2663 19 25 à
2642 2663 72 26 midi
2731 2663 27 25 le
2777 2663 131 26 ministre
2926 2663 52 26 des
2996 2663 118 26 Affaires

2380 2693 178 30 Etrangères,
2577 2694 37 25 M.
2635 2695 193 27 Streeemann,
2848 2696 26 24 et
2890 2696 40 24 lui
2947 2702 19 17 a
2982 2696 85 25 offert
3081 2696 33 26 de

2381 2726 157 24 constituer
2555 2728 27 22 le
2602 2726 125 25 Cabinet.

2408 2756 37 25 M.
2467 2756 187 26 Stresemann
2675 2763 19 19 a
2715 2758 116 25 réservé
2851 2764 35 19 sa
2909 2758 126 26 décision
3060 2760 41 27 jus-

2380 2787 66 30 qu'à
2469 2793 31 20 ce
2522 2787 66 26 soir.
2613 2789 73 25 Mais
2707 2793 73 20 nous
2803 2793 124 24 croyons
2943 2790 98 26 savoir
3064 2796 51 24 que

2378 2818 47 25 s'il
2446 2820 112 27 accepte
2581 2819 34 25 de
2635 2820 107 24 former
2761 2820 26 25 le
2810 2820 155 28 ministère,
2987 2822 37 24 M.
3046 2822 56 26 Stre-

2378 2854 120 20 semann
2519 2850 149 25 échouera.

2406 2881 38 26 Le
2464 2878 149 30 Président
2630 2882 83 25 Ebert
2728 2883 149 28 appellera
2893 2884 79 25 alors
2989 2885 125 25 d'autres

2375 2911 131 26 hommes
2530 2910 163 40 politiques,
2719 2914 27 24 et
2770 2913 86 27 finira
2881 2920 52 22 par
2956 2915 107 25 confier
3085 2916 30 24 la

2376 2942 119 25 mission
2524 2942 34 26 de
2583 2944 156 25 constituer
2764 2950 40 19 un
2828 2948 224 24 gouvernement
3077 2950 38 20 au

2376 2974 167 26 Chancelier
2562 2975 90 26 Marx.

2405 3005 40 24 La
2459 3006 143 30 première
2621 3006 144 26 condition
2785 3008 50 27 qui
2852 3014 64 19 sera
2934 3009 84 27 posée
3037 3009 17 25 à
3066 3015 48 19 ses

2375 3035 224 26 collaborateurs
2628 3038 144 26 éventuels
2796 3045 53 22 par
2876 3039 37 26 M.
2942 3040 80 25 Marx
3051 3046 64 19 sera

2374 3067 34 25 de
2430 3067 150 26 continuer
2597 3073 69 20 sans
2685 3074 113 20 aucune
2818 3071 112 24 réserve
2953 3072 26 24 et
2995 3076 69 21 sans
3084 3073 30 24 la

2374 3097 130 30 moindre
2525 3100 203 25 accentuation
2753 3100 190 28 nationaliste,
2968 3103 31 24 la
3021 3100 79 31 politi-

2373 3133 56 25 que
2451 3129 157 26 extérieure
2627 3131 93 25 suivie
2740 3132 116 27 jusqu'à
2876 3138 33 20 ce
2929 3133 65 28 jour
3013 3139 52 24 par
3085 3133 26 26 le

2374 3161 117 25 Cabinet
2511 3161 239 26 démissionnaire
2772 3165 26 22 et
2822 3163 124 28 inspirée
2967 3165 50 24 des
3034 3165 63 27 prin-

2374 3191 78 30 cipes
2473 3191 38 25 du
2533 3191 102 26 Centre
2656 3191 174 31 catholique.
2856 3196 52 24 Les
2930 3194 122 27 conseils
3076 3197 35 24 de

2372 3222 191 26 l'ambassade
2583 3224 198 30 d'Allemagne
2817 3227 19 24 à
2871 3227 89 30 Parts,
2987 3228 35 25 M.
3048 3228 61 24 Von

2374 3253 112 28 Hœsch.
2507 3255 98 22 seront
2626 3256 35 24 de
2680 3255 32 24 la
2732 3257 76 24 sorte
2830 3257 98 25 mieux
2946 3259 90 25 suivis
3058 3263 53 24 que

2372 3287 24 22 si
2413 3285 38 25 M.
2473 3286 184 24 Stresemann
2675 3288 116 27 prenait
2809 3288 27 25 le
2851 3289 132 26 pouvoir.

2399 3315 177 31 J'apprends,
2598 3317 107 26 d'autre
2726 3320 72 26 part,
2817 3325 56 22 que
2894 3322 152 26 reprenant
3063 3321 35 25 l'é-

2369 3347 70 25 tude
2459 3348 67 25 d'un
2546 3348 93 27 projet
2659 3348 113 26 élaboré
2790 3356 34 19 en
2843 3351 66 27 1923,
2930 3357 53 22 par
3001 3353 26 24 le
3046 3353 47 24 doc-

2370 3378 65 25 teur
2458 3378 162 28 Wiedfeldt.
2642 3380 210 26 ambassadeur
2875 3381 195 30 d'Allemagne
3093 3385 18 24 à

2370 3409 201 31 Washington,
2600 3411 35 24 M.
2669 3411 122 26 Aristide
2819 3413 109 25 Briand
2960 3420 30 18 se
3020 3415 86 25 serait

2370 3441 148 25 entretenu
2538 3442 18 24 à
2572 3443 96 28 Rome,
2689 3448 69 19 avec
2777 3444 65 24 MM.
2859 3444 202 25 Chamberlain
3083 3446 26 25 et

2368 3471 162 28 Mussolini,
2554 3474 69 25 d'un
2642 3475 81 27 pacte
2743 3475 35 24 de
2798 3476 130 26 garantie
2948 3477 158 27 généralisé

2369 3504 78 25 entre
2467 3504 31 25 la
2517 3504 116 30 France.
2654 3504 111 28 l'ltalie,
2781 3504 196 31 l'Angleterre,
2999 3508 30 24 la
3048 3508 45 24 Bel-

2367 3535 85 28 gique
2474 3536 27 24 et
2524 3535 196 30 l'Allemagne.
2746 3537 52 24 Les
2823 3537 167 27 puissances
3014 3539 78 28 signa-

2367 3565 86 26 taires
2481 3573 31 19 se
2538 3568 208 26 garantiraient
2773 3568 217 26 mutuellement
3018 3570 77 25 l'inté-

2367 3596 74 31 grité
2458 3598 35 25 de
2512 3598 77 25 leurs
2609 3598 158 31 frontières,
2789 3600 27 24 et
2830 3599 34 25 de
2883 3601 73 27 plus,
2978 3601 69 25 elles
3065 3607 27 19 or-

2367 3628 196 28 ganiseraient
2583 3628 34 26 de
2636 3632 123 26 concert,
2780 3635 41 19 un
2839 3632 175 24 mécanisme
3033 3633 58 24 d'ac-

2367 3660 61 24 tion
2458 3660 164 28 préventive
2650 3661 100 25 contre
2778 3661 26 26 le
2833 3661 200 26 bolckevisme.
3065 3665 41 22 La

2366 3690 126 31 Pologne
2517 3692 26 22 et
2567 3691 30 25 la
2615 3690 92 27 'Petite
2732 3693 118 24 Entente
2875 3693 124 26 seraient
3022 3694 66 26 natu-

2363 3720 152 26 rellement
2538 3723 131 26 appelées
2687 3724 18 22 à
2726 3723 143 30 exprimer
2888 3724 64 25 leur
2970 3726 63 22 avis
3052 3731 52 20 sur

2365 3752 27 25 le
2411 3752 83 25 pacte
2512 3752 126 25 général.

2850 3783 76 26 L.-A-
2944 3783 124 26 PAGÈS.

2365 3840 40 39 Le
2422 3848 105 32 centre
2548 3855 39 24 ne
2607 3843 189 45 participera
2815 3856 58 32 pas

2687 3899 20 34 à
2727 3911 41 22 es
2787 3895 130 38 Cabinet
2939 3895 39 38 de
2998 3895 99 38 droite

2392 3974 105 26 B-RLIN,
2519 3974 27 25 17
2567 3974 156 25 décembre.
2793 3976 37 24 Le
2848 3981 110 24 groupe
2975 3976 39 24 du
3034 3977 47 24 Cen-

2359 4005 44 24 tre
2417 4006 40 25 du
2470 4005 156 30 Beichstag
2641 4013 18 18 a
2673 4007 71 24 tenu
2758 4012 31 19 ce
2805 4006 92 25 matin
2913 4012 32 19 sa
2957 4006 139 30 première

2359 4035 104 26 séance
2483 4042 67 19 sous
2572 4037 28 24 la
2623 4037 168 28 présidence
2813 4038 34 25 de
2869 4038 228 25 l'ex-chancelisr

2359 4065 193 26 Fehrenbach.
2571 4068 39 24 Lo
2627 4068 165 26 chancelier
2809 4070 83 22 Marx
2910 4075 17 18 a
2947 4070 103 28 exposé
3070 4070 27 22 la

2359 4097 139 26 situation
2525 4098 139 33 politique
2694 4098 157 25 extérieure
2878 4100 28 25 et
2934 4100 163 25 intérieurs.

2359 4129 59 25 Une
2443 4129 163 25 discussion
2628 4130 35 25 de
2688 4129 144 31 plusieurs
2854 4129 104 26 heures
2981 4130 102 25 s'ensui-

2356 4160 48 24 vit.

2386 4191 24 25 Il
2427 4191 105 26 semble
2549 4196 57 24 que
2620 4192 28 25 la
2663 4198 123 26 presque
2802 4193 110 25 totalité
2929 4194 34 24 de
2980 4194 28 25 la
3026 4194 57 24 frac-

2356 4221 60 25 tion
2448 4222 37 25 du
2515 4222 102 25 Centre
2646 4224 37 24 du
2712 4224 154 30 Reichstag
2893 4225 148 25 considère
3070 4226 27 22 la

2356 4253 202 31 participation
2578 4253 37 25 du
2634 4254 74 28 parti
2727 4254 17 24 à
2763 4260 39 18 un
2818 4257 226 28 gouvernement
3063 4257 33 22 de

2355 4284 97 25 Droite
2467 4290 112 19 comme
2594 4285 185 30 impossiblle.
2798 4285 37 26 Le
2849 4286 77 30 parti
2940 4286 39 24 du
2995 4286 102 26 Centre

2355 4319 37 19 11e
2411 4320 31 19 se
2460 4315 152 25 considère
2630 4320 54 24 pas
2704 4322 59 19 non
2784 4317 65 28 plus
2868 4323 37 18 en
2926 4323 113 19 mesure
3059 4318 37 24 de

2355 4344 135 32 déléguer
2513 4348 74 24 dans
2614 4352 40 18 un
2679 4348 39 24 tel
2745 4348 117 24 Cabinet
2889 4349 37 24 de
2949 4349 148 25 ministres

2355 4377 182 25 techniciens.
2568 4377 37 25 Le
2634 4377 51 25 but
2713 4377 142 32 principal
2882 4378 41 25 du
2950 4380 76 30 parti
3054 4381 41 24 du

2354 4408 102 27 Centre
2483 4410 43 22 est
2554 4409 33 24 de
2613 4408 157 26 maintenir
2794 4410 28 25 la
2852 4410 77 28 ligua
2957 4410 137 32 politique

2353 4439 93 25 suivie
2460 4439 115 31 jusqu'à
2593 4440 122 28 présent,
2731 4446 33 19 ce
2781 4441 47 28 qui
2846 4442 40 22 lui
2903 4442 94 28 parait
3015 4442 64 25 abso-

2352 4469 111 25 lument
2479 4470 165 25 impossible
2662 4475 69 20 avec
2746 4476 40 19 un
2803 4472 119 24 Cabinet
2937 4473 34 22 de
2986 4473 105 22 Droite.

2380 4501 39 25 La
2439 4502 117 31 plupart
2576 4502 51 24 des
2647 4502 118 31 députés
2785 4502 39 25 du
2844 4504 99 25 Centre
2966 4505 107 25 considè-

2352 4533 63 24 rent
2435 4539 53 22 que
2509 4533 237 30 l'élargissement
2766 4534 33 25 de
2820 4534 28 25 la
2867 4534 138 25 coalition
3025 4541 47 24 gou-

2350 4565 213 24 vernementale
2588 4564 119 25 actuelle
2732 4570 65 20 vers
2820 4565 30 24 la
2874 4565 118 30 gauche,
3015 4566 72 26 dans

2349 4593 26 25 Je
2395 4599 65 19 sens
2483 4594 84 25 d'une
2589 4593 206 26 collaboration
2816 4600 66 19 avec
2902 4596 43 26 les
2966 4598 109 24 socialis-

2350 4624 41 25 tes
2413 4625 25 25 et
2459 4625 33 25 de
2513 4625 30 25 la
2559 4624 130 26 création
2708 4626 37 24 de
2763 4626 31 24 la
2816 4626 109 31 grande
2941 4629 146 27 coalition,

2349 4655 165 31 répandrait
2536 4661 57 19 aux
2613 4656 132 25 résultats
2764 4657 52 26 des
2836 4657 135 26 élections
2988 4665 7 19 :
3014 4658 73 25 mais

2350 4687 141 25 l'attitude
2520 4687 38 24 du
2588 4688 73 28 parti
2693 4688 144 30 populiste
2865 4689 122 25 rendant
3015 4690 72 25 cette

2349 4716 124 26 eoaliion
2498 4716 174 31 impossible,
2696 4717 22 26 il
2740 4724 37 18 ne
2797 4720 132 24 resterait
2954 4726 53 24 que
3030 4721 47 25 l'al-

2349 4748 138 26 ternative
2511 4748 34 26 de
2568 4748 112 25 revenir
2704 4750 15 24 à
2744 4755 38 19 un
2805 4753 224 22 gouvernement
3052 4754 34 21 de

2347 4779 74 30 parti
2446 4783 111 25 moyen.

2378 4809 35 25 Le
2438 4815 106 24 groupe
2571 4811 183 26 nationaliste
2778 4812 39 24 du
2843 4812 151 28 Reiclistag
3019 4814 63 25 s'est

2347 4839 81 26 réuni
2464 4846 31 19 ce
2530 4840 99 25 matin.
2666 4840 51 25 Les
2752 4844 102 28 quatro
2887 4843 195 31 négociateurs

2347 4871 118 27 chargés
2485 4872 34 22 de
2538 4872 120 28 prendre
2676 4873 113 24 contact
2807 4878 67 20 avec
2894 4874 27 25 le
2939 4876 143 30 président

2347 4900 81 24 Ebert
2452 4902 25 24 et
2497 4900 26 25 le
2548 4903 73 28 parti
2642 4904 38 24 du
2702 4904 100 24 Centre
2825 4905 48 24 ont
2896 4905 104 31 déposé
3020 4906 61 25 leur

2347 4932 122 25 rapport.

2606 2541 37 22 M.
2662 2541 227 22 STRESEMANX

2502 5030 65 37 LE
2590 5030 99 37 CAS
2713 5033 210 34 SADOUL

2373 5135 93 27 PARIS,
2492 5137 26 24 17
2543 5137 154 25 décembre.
2771 5139 79 25 Ainsi
2875 5139 85 31 qu'on
2980 5140 39 26 l'a
3040 5146 17 13 V
3061 5147 14 18 U

2342 5164 69 28 hier,
2432 5165 28 26 la
2481 5163 146 31 Charfbre,
2649 5171 47 28 qui
2719 5176 15 18 a
2754 5169 63 24 voté
2837 5170 25 24 le
2882 5171 91 30 projet
2994 5172 66 25 d'am-

2341 5197 92 27 nistie,
2453 5198 70 24 s'est
2542 5199 158 28 prononcée
2721 5205 50 19 sur
2791 5200 25 24 le
2836 5206 47 19 cas
2903 5202 35 26 de
2960 5203 115 25 Sadoui.

2369 5226 59 25 Elle
2452 5228 67 25 était
2542 5229 86 25 saisie
2647 5230 70 25 d'un
2739 5231 74 25 texte
2836 5232 34 25 de
2891 5231 30 26 la
2943 5232 113 26 Commis-

2340 5258 63 25 sion
2431 5259 130 24 refusant
2587 5259 156 26 l'amnistie
2770 5263 17 24 à
2815 5263 120 25 certains
2963 5265 111 28 crimes,

2341 5296 78 19 come
2445 5290 202 31 l'intelligence
2672 5297 67 19 avec
2765 5293 135 26 l'ennemi
2924 5295 28 24 et
2979 5296 27 24 la
3033 5296 28 25 dé-

2339 5321 107 25 sertion
2476 5322 17 24 à
2517 5322 144 26 l'ennemi,
2691 5323 74 26 mais
2792 5324 190 31 restreignant
3009 5327 53 25 l'ex-

2337 5352 102 30 cepion
2465 5359 34 18 en
2530 5353 143 30 précisant
2701 5360 54 22 que
2780 5355 30 26 la
2835 5355 177 26 déclaration
3039 5359 34 24 de

2339 5387 100 24 guerre
2461 5382 109 25 devrait
2595 5385 57 25 être
2673 5386 167 24 intervenue
2861 5387 72 24 dans
2956 5387 40 25 les
3020 5388 40 25 for-

2339 5418 59 19 mes
2419 5413 117 24 légales.

2368 5444 34 24 Ce
2421 5446 83 26 texte,
2524 5446 48 28 qui
2589 5452 18 18 a
2626 5446 41 25 été
2685 5447 64 25 voté
2765 5453 52 20 par
2833 5447 43 27 Dis
2893 5450 66 24 voix
2976 5451 92 25 contre

2336 5474 43 25 225
2395 5477 107 25 permet
2518 5476 182 26 d'amnistier
2718 5478 113 24 Sadoui.

2451 5568 72 25 VOIR
2543 5572 30 20 EN
2590 5570 25 25 2'
2636 5570 67 25 PAGE
2722 5577 6 19 :

2365 5615 41 26 LE
2426 5615 139 26 BUDGET
2585 5616 19 25 A
2628 5616 40 25 LÀ
2688 5616 178 25 CHAMBRE,

3177 833 67 94 Le
3268 835 144 107 puits
3438 835 66 93 du
3535 836 196 94 moulin
3761 839 149 96 fialot

3293 959 148 90 a-t-ii
3478 959 144 93 enfin
3659 959 130 98 livré

3327 1098 99 74 son
3470 1081 294 109 mystère?

3242 1264 174 34 A-T-ON
3448 1267 155 32 ENFIN
3632 1259 204 45 ARRÊTÉ

3390 1331 301 35 L'ASSASSIN

3176 1396 66 33 DE
3263 1407 18 21 «
3301 1396 240 34 L'HOMME
3559 1400 135 34 SANS
3709 1390 129 45 TÊTE
3854 1398 47 37 »1

3534 1449 21 22 *
3559 1457 50 5 —

3206 1518 21 24 «
3249 1504 275 50 Risque-tout
3553 1522 21 22 »
3599 1508 161 41 semble
3783 1509 87 41 être

3365 1567 52 39 de
3441 1567 136 41 bonne
3598 1570 113 48 prise

3600 1636 8 4 -

3198 1675 85 27 BLAH,
3307 1676 27 24 17
3356 1676 156 25 décembre.
3539 1678 48 27 (De
3611 1681 79 22 notre
3713 1680 106 30 envoyé
3842 1682 45 27 spé-

3167 1704 77 31 cial.)
3307 1707 38 24 De
3363 1708 92 24 toutes
3471 1708 41 25 les
3529 1708 116 26 affaires
3664 1710 172 26 criminelles
3852 1711 50 30 qui

3168 1737 181 31 défrayèrent
3376 1740 26 22 la
3428 1740 155 30 chronique
3620 1741 144 30 régionale
3803 1743 98 32 depuis

3171 1768 142 28 plusieurs
3339 1770 115 28 années,
3480 1772 70 22 celle
3576 1773 90 25 restée
3689 1779 70 20 sans
3780 1779 122 20 conteste

3168 1799 28 26 la
3220 1800 64 31 plus
3305 1802 188 28 mystérieuse
3517 1805 26 22 et
3570 1804 71 25 dans
3669 1805 40 25 les
3731 1806 120 25 mobiles
3878 1808 24 22 et

3168 1831 72 25 dans
3261 1832 40 25 les
3322 1832 213 26 circonstances
3555 1835 33 22 de
3609 1834 187 31 l'assassinat,
3819 1839 39 24 est
3878 1838 24 25 !a

3167 1864 180 30 dramatique
3374 1864 170 26 découverte
3570 1867 34 24 de
3637 1878 8 11 «
3676 1867 131 26 l'homme
3835 1874 66 19 sans

3167 1893 54 24 tête
3250 1903 20 20 »,
3299 1896 122 25 cadavre
3448 1897 100 24 mutilé
3576 1903 53 25 que
3657 1898 58 25 l'on
3737 1900 99 22 trouva
3862 1906 39 18 un

3165 1925 92 24 matin
3279 1926 33 22 de
3331 1926 97 28 juillet
3446 1929 33 24 de
3506 1929 56 24 l'an
3583 1930 84 30 passé
3689 1936 35 19 au
3746 1931 67 25 fond
3835 1932 66 24 d'un

3167 1956 77 31 puits
3266 1956 178 30 abandonné,
3480 1959 26 24 le
3530 1961 76 27 puits
3627 1961 37 24 du
3689 1962 107 26 Moulin
3822 1962 79 26 Galot

3167 1988 65 30 près
3254 1988 34 25 de
3313 1988 67 26 Sion
3407 1989 180 31 (Loire-Inf.).

3194 2019 37 24 Le
3252 2020 89 24 crime
3363 2021 132 24 semblait
3519 2022 79 25 avoir
3622 2023 41 24 été
3687 2024 126 28 perpétré
3837 2026 64 31 fuis

3167 2049 115 25 exécuté
3299 2053 34 22 de
3353 2052 79 24 main
3451 2053 35 24 de
3501 2053 109 25 maître.
3630 2054 39 25 La
3686 2055 73 24 suite
3776 2056 26 24 le
3821 2062 65 25 prou-

3167 2086 43 21 va,
3231 2081 120 31 puisque
3373 2085 92 22 toutes
3487 2083 39 25 les
3546 2086 167 25 recherches
3732 2087 169 30 entreprises

3167 2112 197 26 demeurèrent
3386 2114 217 27 infructueuses.
3630 2118 72 24 Mais
3722 2124 32 19 ce
3772 2119 47 31 qui
3843 2125 44 19 ren-

3165 2144 41 22 dit
3230 2144 138 30 l'enquête
3392 2145 64 31 plus
3481 2146 119 25 délicate
3621 2153 109 24 encore,
3755 2151 67 24 c'est
3848 2157 53 25 que

3164 2174 27 24 la
3215 2176 113 24 victime
3351 2181 34 19 ne
3407 2177 44 25 fut
3474 2178 104 30 jamais
3604 2179 150 27 identifiée.

3194 2205 37 24 Le
3255 2207 124 28 mystère
3404 2210 74 22 resta
3514 2210 33 24 de
3572 2210 83 32 longs
3677 2211 79 30 jours
3780 2212 105 31 impéné-

3164 2237 89 25 trable
3275 2239 26 22 et
3319 2238 76 25 voici
3416 2245 56 24 que
3490 2242 61 24 tout
3568 2242 18 25 à
3601 2248 80 25 coup,
3704 2249 56 19 une
3782 2246 103 24 arresta-

3163 2268 60 25 tion
3250 2270 100 27 opérée
3379 2276 51 25 par
3456 2271 27 24 la
3511 2274 197 27 gendarmerie
3736 2275 35 25 de
3798 2275 100 26 Derval

3164 2300 76 24 vient
3262 2301 164 30 d'aiguiller
3445 2302 139 31 l'enquête
3607 2309 48 21 sur
3678 2310 56 19 une
3757 2306 71 31 piste
3852 2307 48 27 des

3162 2330 65 28 plus
3246 2333 87 22 sûres.

3184 2388 47 37 Un
3249 2392 96 37 crâne
3363 2394 52 44 qui
3430 2399 141 32 remonte
3587 2396 19 34 à
3624 2408 40 22 an
3681 2409 41 22 an
3741 2402 32 31 et
3787 2395 85 39 demi

3188 2469 164 30 Rappelons
3379 2470 72 26 donc
3476 2471 174 26 brièvement
3690 2476 72 22 dans
3788 2477 103 28 quelles

3158 2499 162 25 conditions
3343 2502 26 22 le
3391 2502 123 31 mystère
3537 2503 37 25 du
3600 2504 76 31 puits
3700 2504 79 26 Galot
3803 2512 28 19 se
3856 2509 24 24 ré-

3157 2530 64 25 véla
3247 2537 37 18 ou
3312 2533 104 28 public.

3187 2562 53 24 Sur
3265 2562 26 25 la
3309 2565 80 22 route
3413 2564 47 31 qui
3485 2571 35 18 va
3542 2565 33 25 de
3598 2567 78 27 Sion,
3700 2568 69 31 petit
3790 2569 100 32 village

3156 2594 67 30 près
3246 2594 34 25 de
3304 2594 233 30 Chàteaubriant,
3561 2601 17 24 à
3602 2597 154 32 Lusanger,
3778 2601 19 24 à
3819 2601 58 26 envi-

3157 2629 52 18 ron
3229 2626 76 25 deux
3322 2627 163 25 kilomètres
3501 2628 34 25 de
3553 2628 77 28 Sion.
3650 2635 31 19 se
3698 2633 132 24 trouvent
3844 2639 46 19 sur

3155 2654 31 25 la
3206 2656 111 30 gauche
3337 2659 38 24 du
3393 2659 122 28 chemin,
3539 2660 39 24 les
3601 2660 98 26 ruines
3720 2661 81 26 d'une
3824 2663 50 25 mai-

3155 2692 53 20 son
3230 2688 26 24 et
3281 2689 67 24 d'un
3371 2691 119 24 moulin.

3183 2718 74 26 C'est
3274 2719 28 27 là
3317 2726 54 24 que
3389 2721 26 24 le
3428 2722 31 22 27
3472 2722 94 30 juillet
3583 2725 65 27 !!>>!,
3666 2725 35 25 M.
3720 2725 97 32 Degré,
3836 2726 41 25 cul-

3154 2751 130 26 tivateur.
3309 2752 69 25 était
3399 2754 105 30 occupé
3530 2756 18 25 à
3573 2756 118 24 faucher
3715 2761 39 20 un
3778 2757 112 30 champ.

3154 2783 138 24 Profitant
3315 2784 83 25 d'une
3418 2785 170 31 suspension
3612 2786 38 24 du
3670 2787 111 28 travail,
3803 2789 20 24 il
3844 2790 46 24 eut

3154 2812 83 24 l'idée
3255 2815 99 24 d'aller
3371 2816 130 30 explorer
3522 2817 24 25 le
3565 2817 77 31 puits
3660 2818 37 24 du
3717 2820 118 24 moulin.
3855 2820 35 25 Ce

3154 2844 77 30 puits
3254 2845 200 30 disparaissait
3480 2852 66 19 sous
3566 2855 39 18 un
3630 2855 80 20 amas
3733 2850 37 25 de
3793 2856 98 20 ronces

3154 2875 26 24 et
3202 2876 34 25 de
3262 2876 93 31 fagots
3394 2878 27 22 et
3446 2877 41 25 les
3514 2884 124 25 paysans
3678 2881 34 24 de
3739 2881 27 25 !a
3790 2881 99 33 région

3151 2907 194 28 n'ignoraient
3369 2914 52 25 pas
3441 2910 71 30 qu'il
3535 2911 67 22 était
3626 2913 17 22 à
3665 2917 31 18 ce
3719 2914 80 30 point
3819 2914 57 24 invi-

3150 2937 71 25 sible
3237 2940 26 24 et
3279 2946 56 25 que
3350 2944 119 21 souvent
3485 2941 93 31 lapins
3596 2943 26 22 et
3639 2942 102 25 lièvres
3756 2944 132 26 venaient

3150 2968 43 31 s'y
3208 2969 102 25 laisser
3330 2972 120 30 prendre
3468 2978 110 21 comme
3594 2979 35 20 en
3647 2979 54 20 une
3720 2974 107 31 trappe.

3156 3000 4 35 ,
3180 3000 35 25 M.
3239 3001 91 31 Degré
3351 3002 80 25 allait
3451 3005 73 24 donc
3546 3011 31 19 se
3599 3005 102 25 rendre
3720 3007 111 28 compte
3854 3007 33 26 si.

3149 3038 52 25 par
3221 3032 116 31 hasard,
3358 3034 122 31 quelque
3500 3035 61 24 bête
3582 3037 97 25 n'était
3699 3038 79 30 point
3797 3038 89 25 restée

3150 3064 111 30 captive
3276 3071 7 20 ;
3298 3064 22 25 il
3339 3065 144 25 cherchait
3506 3072 37 18 un
3563 3067 86 30 lapin,
3672 3069 28 24 et
3716 3069 22 24 il
3756 3070 128 25 trouva...

3149 3099 40 19 un
3211 3096 131 25 cadavre.
3366 3096 52 26 Car
3441 3099 17 24 à
3480 3098 137 31 quelques
3639 3099 180 26 centimètres
3840 3106 31 19 au-

3150 3124 100 25 dessus
3275 3125 33 26 de
3332 3128 28 24 la
3383 3129 113 25 surface
3521 3129 33 25 do
3582 3130 78 26 l'eau,
3684 3136 54 24 peu
3762 3131 123 34 haute_à

3148 3158 72 22 cette
3240 3157 109 31 époque
3367 3159 34 24 de
3417 3159 122 28 l'année,
3559 3162 200 32 émergeaient,
3778 3168 92 20 recour-

3149 3188 57 28 bés,
3231 3189 40 25 les
3296 3188 76 26 reins
3394 3193 26 21 et
3445 3193 59 22 tout
3541 3191 27 25 le
3593 3193 96 24 bassin
3713 3194 66 25 d'un
3803 3200 81 26 corps

3146 3219 130 26 humain!

3177 3252 37 22 Le
3233 3252 123 25 cadavre
3373 3253 54 25 mis
3446 3255 17 24 à
3478 3254 73 31 jour,
3570 3261 37 18 on
3626 3256 141 30 s'aperçut
3784 3262 54 25 que
3854 3257 30 25 la

3146 3281 56 24 tête
3229 3283 78 22 avait
3331 3283 43 25 été
3399 3285 164 24 sectionnée
3587 3286 84 26 d'une
3696 3287 85 28 façon
3806 3293 78 20 assez

3146 3312 125 32 étrange.
3296 3314 56 25 Par
3372 3314 112 31 devant,
3506 3322 57 18 une
3581 3318 77 30 ligne
3678 3318 57 25 très
3755 3318 77 26 nette
3849 3320 34 24 de

3146 3344 28 24 la
3193 3351 74 24 peau
3291 3346 105 30 coupée
3418 3352 110 19 comme
3550 3353 67 20 avec
3639 3356 39 17 un
3702 3351 91 24 rasoir
3813 3351 58 25 indi-

3146 3377 81 28 quait
3249 3377 28 24 la
3299 3377 109 25 section
3433 3379 18 24 à
3471 3378 28 25 la
3524 3379 66 24 base
3614 3379 39 24 du
3676 3386 53 19 cou
3751 3381 132 30 jusqu'au

3145 3411 48 19 ras
3217 3407 50 24 des
3291 3409 162 26 clavicules.
3477 3410 136 30 Derrière,
3635 3416 37 20 au
3694 3412 151 28 contraire,
3860 3413 22 24 il

3145 3438 131 24 semblait
3294 3445 54 22 que
3367 3439 190 26 l'instrument
3578 3442 47 28 qui
3643 3443 78 25 avait
3738 3444 74 24 servi
3828 3445 41 24 n'é-

3143 3468 53 25 tait
3219 3475 51 25 pas
3291 3475 79 20 assez
3393 3471 54 25 fort
3469 3476 72 25 pour
3563 3475 128 22 entamer
3712 3475 28 24 la
3761 3475 120 25 colonne

3144 3501 158 26 vertébrale
3322 3506 27 21 et
3374 3502 19 25 il
3419 3503 152 31 paraissait
3596 3510 54 24 que
3676 3506 27 24 la
3728 3504 54 26 tète
3806 3507 74 27 av*it

3144 3533 43 24 été
3207 3533 136 25 arrachée
3363 3534 18 25 à
3399 3534 27 25 la
3445 3534 120 25 hauteur
3585 3536 50 24 des
3652 3535 154 31 premières
3822 3543 45 18 ver-

3142 3563 102 28 tèbres,
3263 3570 37 18 au
3317 3572 48 18 ras
3384 3566 35 25 de
3436 3566 28 24 la
3482 3566 69 25 hase
3568 3567 37 25 du
3622 3568 96 24 crâne.

3167 3594 43 24 Ein
3226 3596 87 24 outre,
3330 3596 28 24 le
3373 3596 120 26 cadavre
3511 3599 111 26 portait,
3639 3599 39 24 du
3694 3600 128 25 sternum
3835 3604 41 21 au

3133 3625 100 26 milieu
3257 3628 39 24 du
3317 3627 167 26 bas-ventre,
3506 3635 57 19 une
3581 3630 118 26 entaille
3720 3631 138 31 longitudi-

3135 3658 65 25 nale
3219 3657 70 27 faite
3306 3664 67 20 avec
3392 3665 41 19 un
3449 3660 174 25 instrument
3639 3663 159 25 tranchant.

3163 3690 35 24 Et
3217 3690 113 26 lorsque
3351 3692 30 24 le
3397 3696 85 20 corcs
3503 3698 69 18 sains
3591 3693 57 24 tête
3665 3694 44 22 fut
3724 3694 87 25 retiré
3830 3696 40 24 du

3137 3720 85 26 puits,
3249 3723 43 24 les
3320 3723 133 26 intestins
3482 3723 216 31 s'échappèrent
3724 3729 52 26 par
3802 3728 70 22 cette

3136 3752 152 25 ouverture
3308 3754 103 24 béante
3435 3755 6 22 !

3162 3784 37 24 Le
3221 3790 85 19 corDS
3330 3785 70 24 était
3419 3787 77 26 celui
3519 3788 71 24 d'un
3613 3788 113 26 homme
3750 3789 38 25 de
3810 3789 57 25 très

3132 3816 86 28 petite
3239 3819 87 24 taille,
3348 3817 67 26 vêtu
3435 3819 60 24 tout
3516 3820 72 25 juste
3607 3820 69 25 d'un
3696 3821 85 25 vieux
3802 3827 52 24 pan-

3133 3848 78 25 talon
3228 3848 119 27 rapiécé,
3369 3850 69 22 dont
3454 3852 43 24 les
3514 3850 104 28 poches
3637 3852 104 25 étaient
3756 3853 98 26 absolu-

3133 3882 79 22 ment
3231 3881 89 25 vides.
3343 3882 24 24 Il
3385 3882 67 24 était
3474 3883 72 24 dans
3565 3888 40 19 un
3627 3883 57 25 état
3703 3886 38 24 de
3758 3885 93 25 décom-

3131 3912 126 27 position
3283 3913 58 25 fort
3367 3915 132 25 avancée,
3530 3917 72 22 mais
3630 3920 37 18 on
3693 3918 119 27 pouvait
3837 3924 30 19 se

3133 3945 102 24 rendre
3263 3944 118 26 comnte.
3409 3945 110 28 malgré
3544 3946 69 30 tout,
3640 3951 54 24 que
3719 3951 45 20 ses
3789 3946 80 31 pieds

3130 3977 107 25 étaient
3265 3977 206 25 extrêmement
3496 3977 86 25 netits
3608 3978 27 25 et
3666 3984 45 19 ses
3741 3978 126 25 attaches

3130 4007 81 20 fines.

3162 4039 43 24 On
3223 4039 91 24 sonda
3331 4041 26 24 le
3377 4041 76 24 nuits
3468 4042 28 22 et
3514 4042 41 24 les
3572 4042 105 25 abords
3694 4042 169 28 immédiats,

3129 4071 74 24 mais
3223 4076 35 19 en
3278 4070 79 25 vain.
3377 4071 39 24 La
3430 4072 64 25 tête,
3515 4072 51 25 oui
3585 4075 46 22 eût
3651 4075 136 26 oeut-ètre
3804 4080 45 24 per-

3128 4102 57 26 mis
3202 4102 172 26 d'identifier
3390 4103 26 24 le
3435 4103 130 26 cadavre,
3585 4104 76 24 resta
3677 4104 187 27 introuvable.

3157 4134 53 25 Les
3236 4134 207 26 constatations
3469 4134 155 26 médicales
3650 4137 155 26 permirent
3830 4139 33 25 de

3129 4167 73 24 fixer
3221 4167 31 24 la
3273 4168 72 22 inort
3372 4168 17 21 h
3411 4173 40 18 un
3475 4167 76 24 mois
3574 4173 37 20 ou
3632 4168 78 25 deux
3735 4168 128 25 environ.

3129 4198 113 25 D'autre
3270 4198 94 26 cart.il
3391 4200 84 22 Darut
3502 4199 107 25 certain
3635 4206 44 20 qr.
3716 4200 148 26 l'inconnu

3129 4228 98 26 trouvé
3259 4230 72 24 dans
3359 4231 26 21 ln
3416 4231 76 24 mtits
3521 4231 78 24 avait
3627 4231 43 22 éws
3700 4231 46 24 tué
3775 4233 87 22 avant

3128 4261 86 27 qu'on
3227 4261 41 24 lui
3283 4263 105 22 coueât
3404 4261 28 24 la
3448 4263 60 24 tète.
3527 4263 40 22 En
3582 4263 74 25 effet,
3677 4264 71 24 dans
3763 4265 41 22 les
3820 4267 28 20 ar-

3128 4292 73 25 tères
3226 4293 40 24 du
3292 4298 59 19 cou.
3379 4298 37 19 on
3442 4297 103 20 trouva
3567 4294 40 24 du
3632 4298 76 24 sanpr
3731 4294 128 30 coagulé,

3126 4324 77 25 alors
3227 4330 52 20 que
3305 4326 21 22 si
3356 4324 27 25 la
3404 4326 73 22 mort
3498 4325 80 25 a,vait
3602 4324 41 26 été
3664 4325 57 26 due
3745 4330 37 20 au
3806 4328 53 24 fait

3125 4357 91 25 même
3234 4357 33 25 de
3283 4358 28 24 la
3327 4356 165 26 séoaration
3509 4356 33 25 de
3559 4357 28 25 la
3602 4357 63 27 tète,
3681 4357 26 25 le
3724 4363 72 25 sang
3811 4363 33 20 au-

3126 4389 56 20 rait
3203 4388 81 21 coulé
3306 4390 18 19 à
3346 4389 73 20 flots.

3234 4447 58 38 Lss
3307 4449 99 45 pistes
3422 4461 40 24 ne
3477 4449 204 45 manquèrent
3694 4461 61 32 pas

3155 4526 43 24 On
3215 4527 26 24 le
3257 4527 66 22 voit,
3343 4525 152 26 l'autoosie
3510 4532 35 18 ne
3565 4527 98 24 donna
3679 4532 35 20 en
3732 4527 59 27 fait,
3811 4533 30 19 au-

3123 4563 72 19 cune
3214 4557 157 25 indication
3391 4559 76 25 utile.
3489 4558 151 27 L'enquête
3658 4559 51 30 qui
3725 4564 31 20 se
3776 4564 64 24 pour-

3122 4589 105 24 suivait
3246 4594 67 19 avec
3332 4589 124 26 activité,
3476 4589 104 27 rermit
3594 4590 190 28 d'apprendre
3803 4594 52 26 que

3120 4619 26 25 le
3167 4619 137 25 pantalon
3324 4622 35 22 de
3379 4620 31 24 la
3429 4622 115 25 victime
3563 4622 105 27 portait
3690 4622 28 24 la
3736 4625 119 26 marque

3119 4651 37 25 de
3177 4651 34 25 M.
3237 4651 84 25 René,
3346 4651 113 26 tailleur
3482 4654 18 24 à
3521 4652 120 25 Rennes.
3665 4651 73 26 Mais
3758 4657 39 20 on.
3817 4657 37 20 ne

3122 4684 50 26 put
3190 4689 37 18 en
3246 4683 96 24 savoir
3359 4683 170 25 davantage,
3550 4689 50 19 car
3615 4684 21 25 il
3656 4684 67 25 était
3742 4684 113 25 évident

3119 4720 53 22 que
3247 4715 137 26 pantalon
3409 4716 97 26 usacé.
3528 4716 102 25 datant
3653 4716 34 26 de
3710 4716 144 30 plusieurs

3118 4744 116 27 années,
3250 4746 77 25 avait
3344 4750 39 20 pu
3397 4748 57 24 être
3471 4747 78 26 porté
3566 4753 53 24 par
3633 4746 143 31 plusieurs
3795 4754 45 24 per-

3117 4782 105 20 sonnes
3250 4780 28 21 et
3306 4779 72 24 celts
3404 4780 196 24 D.irticularité
3631 4781 158 26 permettait
3816 4779 38 25 de

3117 4815 139 20 supposer
3276 4815 56 18 aue
3354 4811 27 22 la
3402 4811 113 22 victime
3540 4812 93 22 devait
3656 4813 57 24 être
3732 4812 37 24 do
3787 4817 50 20 con-

3116 4840 107 26 ditions
3248 4841 141 25 modestes
3413 4845 27 21 et
3468 4843 135 24 Dent-être
3626 4847 67 20 sans
3719 4844 132 24 domicile

3117 4872 53 22 flyp

3148 4905 113 24 D'autre
3280 4906 70 28 part,
3369 4905 18 24 à
3404 4905 70 25 cette
3489 4905 117 30 époque,
3625 4911 34 18 on
3676 4905 178 26 recherchai!

3117 4935 35 24 M.
3172 4936 180 28 Quemeneur
3371 4937 26 22 et
3413 4936 117 22 l'ombre
3549 4936 38 24 du
3604 4937 152 24 conseiller
3770 4937 66 27 géné-

3117 4965 43 24 ral
3176 4967 39 24 du
3233 4964 138 26 Finistère
3385 4965 89 30 plana
3490 4971 38 18 un
3547 4967 106 24 instant
3670 4972 50 18 sur
3733 4967 26 25 le
3776 4967 57 25 Mou-

3117 4996 43 24 lin
3182 4996 91 25 Galot.
3299 4996 67 24 Puis
3391 4996 20 24 il
3436 4996 41 24 fut
3502 4996 130 30 question
3657 4996 71 26 d'un
3750 4997 100 25 Italien

3116 5030 53 25 que
3189 5026 58 24 l'on
3266 5027 132 25 retrouva
3416 5027 99 24 vivant
3534 5027 15 24 à
3566 5027 106 27 Melun,
3691 5028 34 25 de
3744 5028 104 25 Marcel

3115 5056 109 28 Jambu,
3247 5057 33 24 de
3301 5056 77 26 Sion,
3402 5056 117 30 disparu
3539 5057 100 30 depuis
3660 5059 26 22 le
3706 5059 30 24 23
3756 5060 92 27 juillet

3117 5087 25 24 et
3169 5087 47 30 qui
3242 5088 45 24 fut
3313 5087 150 25 découvert
3489 5088 18 22 à
3530 5094 51 18 son
3607 5089 64 24 tour
3697 5089 72 25 dans
3793 5094 56 20 une

3117 5118 89 24 ferme
3226 5118 35 24 où
3286 5118 20 24 il
3330 5118 67 25 était
3419 5118 129 30 employé
3572 5119 64 31 près
3656 5119 35 24 de
3711 5120 119 25 Château-

3113 5147 102 25 briant.
3236 5148 83 24 Enfin
3337 5148 41 24 les
3393 5148 89 31 pistes
3500 5150 69 22 d'un
3587 5150 111 24 chemin
3703 5154 60 24 eau,
3782 5152 65 30 puis

3113 5178 69 25 d'un
3214 5179 99 24 Italien
3347 5179 94 25 furent
3472 5179 237 26 successivement
3741 5181 106 24 suivies

3112 5213 69 19 sans
3201 5209 118 28 qu'elles
3338 5210 177 24 aboutissent
3536 5210 18 24 à
3574 5211 79 24 autre
3671 5211 87 25 chose
3777 5212 69 28 qu'à

3113 5238 145 26 retrouver
3278 5238 48 26 des
3347 5250 11 11 «
3378 5239 135 30 disparus
3530 5242 187 28 imaginaires
3736 5251 11 13 »
3767 5233 78 34 alors

3112 5275 53 24 que
3183 5270 27 25 la
3228 5269 136 25 véritable
3380 5270 112 25 victime
3510 5276 35 19 ne
3560 5271 118 28 pouvait
3694 5272 58 24 être
3768 5272 74 25 iden-

3102 5290 1 37 I
3110 5300 83 24 tiflée.

3306 5333 47 37 Un
3370 5347 81 33 coup
3467 5331 41 39 de
3524 5333 123 39 théâtre

3138 5408 51 25 Les
3208 5409 78 31 jours
3304 5411 150 30 passèrent
3472 5412 25 22 et
3517 5411 57 24 l'on
3594 5417 80 19 cessa
3691 5412 35 25 de
3745 5414 96 28 parler

3110 5439 38 25 du
3163 5440 123 28 mystère
3305 5440 38 24 du
3358 5440 77 30 puits
3452 5440 87 25 Galot.
3560 5441 33 25 Et
3608 5441 77 25 voilà
3699 5446 54 26 qûe
3770 5445 57 22 tout-

3109 5469 107 31 à-coup,
3242 5476 51 18 sur
3314 5476 57 18 une
3394 5471 208 28 dénonciation,
3627 5472 28 25 la
3676 5472 146 31 gendarme-

3106 5499 41 25 rie
3167 5500 35 24 de
3222 5499 102 25 Derval
3340 5500 96 26 arrêta
3455 5500 26 26 le
3500 5502 28 24 35
3547 5504 150 22 novembre
3717 5504 119 28 dernier,

3106 5531 18 24 i\
3145 5530 77 28 Sion,
3244 5537 39 18 un
3301 5531 125 26 courtier
3444 5537 38 19 «n
3502 5532 130 25 bestiaux
3651 5538 94 20 connu
3767 5536 72 25 dam

3106 5561 28 25 la
3151 5561 97 27 région
3265 5567 67 20 sous
3347 5561 26 25 le
3387 5562 144 31 sobriquet
3543 5563 37 26 de
3594 5572 12 13 «
3620 5564 103 30 Risqua
3738 5565 74 25 Tout
3822 5575 12 14 »

3106 5590 25 25 et
3150 5590 98 26 disant
3268 5591 142 31 s'appeler
3429 5593 116 25 Charles
3565 5595 35 24 Le
3620 5595 84 30 Sage.
3723 5596 26 26 Il
3769 5596 67 27 était

3105 5621 116 32 inculpé
3244 5622 34 28 de
3301 5616 143 33 d&ertion
3468 5623 39 26 du
3528 5624 56 25 144»
3607 5616 178 37 il'lriTiiultl
3808 5628 24 25 >i
