4060 5762
556 198 540 84 unii
1133 198 143 96 P
1708 198 138 111 /É
1990 198 354 111 iJiilËr

1922 876 41 19 LE
1987 876 94 20 MANS

1772 904 130 24 RÉDACTION.
1929 906 118 20 PUBLICITÉ
2068 907 25 18 Et
2118 905 111 21 ANNONCES

1724 928 117 26 SUREAUX
1863 940 7 9 <
1891 934 20 21 9.
1935 933 71 22 place
2030 932 87 22 Thlen
2139 933 59 22 (Tél.
2220 933 53 24 6-71)

1948 989 112 25 LAVAL

1654 1019 128 25 RiDACTION,
1805 1022 128 24 PUBLICITE,
1957 1022 111 20 ANNONCES
2091 1025 25 17 ET
2137 1022 54 20 AVIS
2213 1022 135 22 D'OBSÈQUES

1694 1050 116 21 ÛOHE4UX
1827 1057 7 14 :
1850 1052 33 22 31,
1903 1051 65 24 Quai
1985 1050 171 24 d'Avcsnières
2176 1050 59 24 [Tél.
2251 1052 53 22 2-47)

1956 1106 90 25 CAEN

1652 1137 119 24 RlcAinoi
1794 1144 7 18 ;
1824 1139 33 22 M.
1877 1139 39 22 m
1918 1137 83 24 ANGE
2006 1137 46 26 VI.
2074 1143 45 18 rue
2138 1137 155 28 Saint-Jean,
2313 1142 37 21 IS7

1853 1167 118 22 PUBLICITÉ
1991 1169 24 19 ET
2039 1168 111 21 ANNONCES

1629 1195 122 22 Publient
1775 1202 6 17 !
1805 1196 97 25 Agence
1926 1195 107 25 nAVAS.
2059 1198 33 24 «.
2114 1195 96 24 boulev.
2235 1196 43 22 des
2300 1196 71 22 Alliti

1863 1224 151 25 (Téléphona
2034 1224 5 25 :
2055 1225 56 24 8-09)

1923 1278 161 27 SAIMT-LO

1932 1309 136 24 RÉDACTION

1688 1338 30 21 V.
1735 1337 111 24 VIDIEV.
1863 1339 35 21 41.
1916 1339 52 20 Rue
1985 1338 31 22 de
2033 1337 25 22 la
2072 1338 85 22 Marne
2172 1338 61 25 (Tél.
2250 1338 63 25 143).

1833 1364 131 22 PUBLICITÉ
1990 1365 17 20 &
2034 1367 129 20 ANNONCES

1639 1393 30 24 U.
1706 1391 163 27 LEMASSOX,
1904 1391 119 27 Libraire,
2059 1393 21 25 2,
2118 1393 69 24 Place
2223 1393 130 24 Gambetla.

1893 1448 213 25 CHERBOURG

1879 1481 84 20 AOENCE
1983 1479 135 26 RÉGIONALE,

1678 1506 67 22 SALLE
1768 1509 24 19 OS
1815 1507 126 21 DEPECHES.
1970 1506 120 22 PTIM.ICIT*
2111 1509 26 17 ET
2160 1506 158 22 ABONNEMENTS

1850 1534 33 22 26.
1903 1537 46 18 rue
1970 1532 174 22 Tour-Carrée.

1652 1668 90 32 Après
1757 1669 141 31 quelques
1915 1669 74 25 motâ
2006 1669 35 25 de
2056 1669 198 26 circonstance
2270 1669 26 25 et
2311 1669 56 26 fort

1623 1700 141 25 aimables
1780 1701 35 24 de
1834 1701 37 24 M.
1890 1700 27 25 le
1936 1700 100 28 ma're,
2054 1700 66 26 MM.
2143 1701 119 25 Calouet
2282 1701 27 24 et
2326 1700 28 24 Bi-

1622 1734 48 24 net
1696 1731 181 32 épingièrent
1898 1735 28 21 la
1952 1730 136 25 médaille
2114 1737 46 20 su:
2189 1733 31 26 la
2244 1731 123 32 poitrine

1623 1762 50 25 des
1694 1768 120 25 sapeurs
1838 1763 89 25 Barre
1950 1766 27 22 et
1996 1763 164 25 Malfllatre.

1651 1798 22 21 A
1690 1795 72 24 miidi
1781 1796 26 22 et
1828 1796 85 28 demi,
1932 1795 44 25 les
1996 1796 143 25 membres
2156 1796 34 25 de
2209 1795 28 26 la
2257 1799 92 27 compa-

1624 1826 76 32 gnie,
1722 1826 79 26 leurs
1825 1827 106 25 invités
1955 1828 27 24 et
2006 1827 145 31 plusieurs
2176 1827 142 25 membres
2340 1833 27 20 se

1623 1858 151 25 réunirent
1795 1858 18 25 à
1831 1858 102 25 l'hôtel
1949 1859 34 24 d-
2006 1865 28 18 la
2055 1858 80 25 Gare.

1654 1891 35 26 M.
1716 1892 26 25 le
1768 1891 93 26 maire
1890 1891 149 32 présidait,
2066 1891 89 31 ayant
2180 1892 18 25 à
2223 1898 45 20 ses
2295 1891 74 26 côtés

1624 1923 66 26 MM.
1716 1924 27 25 le
1767 1923 210 27 commandant
2002 1923 84 26 Binet
2112 1925 26 24 et
2159 1923 26 26 le
2209 1923 161 26 lieutenant

1624 1955 117 30 Guérin;
1767 1955 120 30 Fresnil,
1912 1955 155 26 conseiller
2089 1955 129 32 général;
2244 1955 125 28 Calouet,

1622 1988 22 25 J.
1670 1987 118 32 Lepetit;
1820 1988 26 25 le
1877 1985 145 33 capitaine
2055 1988 152 26 honoraire
2237 1988 132 30 Lassery;

1624 2019 118 30 Bonnel,
1768 2019 253 30 sous-lieutenant;
2043 2021 135 30 Toutain,
2203 2021 111 28 Costey,
2340 2021 30 24 G.

1624 2050 171 30 Chaumont,
1839 2052 161 28 Pennctier,
2042 2050 169 27 conseillers
2251 2052 102 24 munici-

1622 2087 89 26 paux;
1735 2083 96 28 Cosse,
1859 2083 66 25 chef
1952 2082 35 26 de
2014 2082 145 31 musique;
2185 2083 28 25 L.
2244 2082 125 30 Baratte,

1624 2114 156 30 sous-chef;
1811 2115 100 30 Marie,
1943 2114 145 27 directeur
2118 2115 40 26 du
2186 2114 117 30 journal
2335 2113 34 25 de

1623 2146 203 22 Saint-Pierre,
1853 2147 52 21 etc.

1650 2178 39 26 Le
1704 2183 90 21 menu
1808 2178 71 25 était
1896 2178 142 26 excellent
2052 2178 27 26 et
2093 2178 207 32 partaitement
2316 2181 41 20 ser-

1623 2211 28 25 vi
1671 2211 27 25 et
1716 2217 57 19 une
1793 2210 120 26 franche
1935 2210 94 31 gaieté
2049 2210 92 32 régna
2161 2210 129 32 pendont
2309 2210 61 25 tout

1623 2243 27 26 le
1670 2248 94 26 repas.

1651 2275 45 24 Au
1717 2275 181 31 Champagne
1924 2275 84 25 offert
2028 2282 53 25 par
2101 2275 39 25 M.
2160 2274 105 32 Joseph
2285 2275 69 30 Lepe-

1623 2306 41 28 tit,
1694 2307 48 25 des
1770 2307 131 26 discours
1924 2307 189 27 longuement
2140 2306 156 28 applaudis
2321 2307 50 21 ont

1624 2337 43 26 été
1683 2339 162 30 prononcés
1861 2343 52 27 par
1929 2340 34 22 M.
1982 2337 112 32 Malais,
2112 2339 91 24 maire
2211 2346 7 21 ;
2236 2339 25 24 le
2277 2339 80 25 lieute-

1620 2370 73 20 nant
1715 2368 115 22 Guérin.

1650 2401 40 24 La
1709 2401 97 31 parole
1821 2400 46 25 fut
1883 2401 112 25 ensuite
2009 2400 115 25 donnée
2140 2407 58 20 aux
2213 2399 154 26 chanteurs

1623 2435 50 27 qui
1691 2432 85 26 firent
1800 2438 103 26 passer
1923 2432 181 31 d'agréables
2125 2432 136 26 instants.

1650 2466 21 24 A
1690 2466 14 25 9
1722 2465 113 30 heures,
1858 2465 73 26 dans
1951 2464 30 27 la
1997 2464 72 27 salle
2089 2465 51 25 des
2160 2464 80 30 fûtes,
2263 2470 39 20 un
2321 2464 46 27 bal

1622 2497 59 26 très
1698 2497 96 25 animé
1813 2504 18 19 a
1850 2497 85 25 réuni
1950 2497 35 24 de
2002 2497 163 25 nombreux
2185 2497 118 30 couples
2320 2496 47 30 qui

1618 2530 63 26 6'an
1696 2529 163 25 donnèrent
1874 2530 18 24 à
1910 2528 146 33 cœur-joie
2074 2528 118 28 jusqu'à
2205 2533 58 20 une
2277 2526 90 25 heuro

1622 2559 126 24 avancée
1768 2559 35 24 de
1825 2561 31 22 la
1874 2559 73 24 nuit.

2184 2594 157 25 Fervaques

1661 2623 231 25 NECROLOGIE.
1968 2624 43 24 On
2034 2628 132 19 annonce
2186 2623 30 24 la
2237 2623 74 24 mort
2335 2622 32 24 de

1622 2656 35 24 M.
1677 2655 131 25 Edmond
1830 2655 112 27 Bisson,
1964 2654 92 26 maire
2074 2654 37 25 de
2131 2656 174 28 Fervaquos,
2326 2653 28 26 dé-

1619 2686 84 31 légué
1728 2687 146 28 cantonal,
1902 2686 111 26 officier
2035 2686 41 26 du
2101 2686 100 26 Mérite
2226 2685 141 30 Agricole,

1623 2717 104 27 décédé
1746 2724 35 19 en
1800 2724 53 20 son
1869 2717 145 28 domicile,
2034 2719 17 25 à
2068 2718 74 27 l'û.ge
2163 2718 35 25 do
2211 2717 30 26 75
2259 2720 63 21 ans.

3195 405 92 26 6oirés
3311 405 27 26 et
3364 405 99 26 écroué
3489 404 122 27 aussitôt
3635 405 17 24 à
3673 403 30 24 la
3728 403 112 25 maison
3863 402 58 25 d'ar-

3195 436 48 25 rêt.

3224 467 76 25 Nous
3320 467 185 25 reviendrons
3528 467 112 25 demain
3661 471 50 19 sur
3730 465 70 25 cette
3819 464 105 26 arresta-

3195 497 60 30 tion
3279 497 48 37 qui
3351 497 52 26 fait
3425 497 25 25 le
3472 497 65 31 plus
3561 497 91 30 grand
3672 496 132 26 honneur
3826 496 19 24 à
3865 501 72 20 ceux

3197 529 47 28 qui
3275 529 11 25 1
3298 529 47 26 ont
3377 529 99 31 opérée
3517 529 24 25 11
3570 528 92 30 s'agit,
3694 534 34 18 en
3759 528 77 27 effet,
3867 527 70 24 d'un

3196 560 131 25 individu
3350 561 52 25 des
3425 561 64 30 plus
3513 561 167 28 dangereux
3704 560 47 28 qui
3776 565 18 19 a
3817 562 120 21 commis

3196 592 32 25 de
3248 593 161 22 nombreux
3429 592 115 24 méfaits
3563 585 73 31 dans
3656 592 28 24 la
3704 591 106 30 région.

607 465 383 103 ■iÇABN

128 648 54 56 Un
208 651 110 65 appel
346 652 24 54 à
396 652 37 56 la
458 652 141 58 Presse
626 654 120 58 locale

118 746 7 57 ]
188 749 97 47 peur
304 732 89 56 «La
407 732 231 60 Fraternelle
657 757 20 37 »

91 848 19 25 L
123 849 157 27 Harmonie
306 863 11 12 «
339 853 40 25 La
403 854 176 28 Fraternelle
604 868 9 12 »
638 865 15 18 a
677 859 130 25 recueilli

60 880 102 31 depuis
181 886 143 26 quarante
341 891 53 19 ans
412 885 159 27 l'unanime
591 889 164 30 sympathie
770 892 37 24 de

59 914 79 24 toute
152 913 28 26 ia
196 915 171 31 population
385 922 162 20 eatnnaise.
566 921 79 24 Est-il
658 921 102 26 besoin
771 922 35 25 de

60 945 131 30 ranpelei'
217 947 47 26 les.
286 947 145 26 dernières
457 950 236 27 manifestations
719 953 71 25 musi-

60 977 76 25 cales
152 980 54 26 que
224 983 73 20 nous
314 978 43 27 lui
372 979 110 27 devons
498 981 12 24 ?
526 981 118 31 Chaque
663 984 54 25 fois
735 984 72 30 qu'il

60 1015 15 18 a
102 1009 43 24 été
170 1010 52 24 fait
248 1012 86 33 a.ppel
360 1018 37 18 au
422 1019 141 19 concours
588 1015 35 25 de
648 1020 46 19 ses
719 1017 71 22 musi-

60 1039 86 28 ciens,
167 1045 118 25 ceux-ci,
306 1041 73 25 dans
397 1043 126 27 l'intérêt
543 1045 128 30 général,
692 1052 30 19 se
742 1048 64 24 sont

59 1072 159 31 empressée
233 1074 34 25 de
282 1072 143 32 répondre
441 1077 229 31 gracieusement
689 1085 56 19 aux
759 1081 31 24 de-

58 1104 122 25 mandes
198 1107 47 28 qui
265 1106 64 25 leur
346 1107 107 25 étaient
474 1108 157 27 adressées.
652 1111 38 24 La
709 1115 81 20 recon-

57 1136 155 27 naissance
229 1137 39 25 du
289 1137 97 32 public
405 1141 138 26 cacnnals
560 1143 110 26 trouve,
690 1142 99 31 aujour-

59 1166 85 31 d'hui,
171 1169 24 26 le
219 1175 104 24 moyen
347 1170 35 25 de
403 1178 30 19 se
458 1172 170 27 manifester
651 1180 103 20 envers
776 1176 30 26 la

57 1200 138 26 vaillante
228 1202 145 30 phalange
404 1202 154 27 d'artistes.
593 1207 107 28 Depuis
726 1207 65 28 long-

57 1231 92 32 temps
178 1235 110 24 ceu::-ci
315 1234 126 25 désirent
470 1235 137 32 posséder
635 1243 39 19 un
702 1237 102 25 fanion

58 1265 48 28 qui
123 1270 35 19 ne
174 1265 180 31 remplacera
370 1269 91 25 certes
477 1273 51 24 pas
543 1269 28 25 la
587 1269 139 25 bannière
738 1274 50 20 cou-

57 1296 78 24 verte
157 1298 35 24 de
216 1296 132 31 lauriers,
373 1293 122 35 prenveis
517 1300 51 25 des
592 1300 102 26 succès
716 1302 33 25 de
774 1303 32 24 la

60 1336 9 13 «
89 1326 180 26 Fraternelle
286 1336 21 22 »,
327 1330 74 25 mais
420 1330 57 30 qui,
498 1331 67 31 pius
581 1332 157 28 maniable,
761 1338 30 18 ac-

58 1361 217 31 compagnerait
298 1362 30 24 la
350 1361 133 31 musique
507 1363 73 24 dans
605 1369 45 20 ses
673 1363 115 31 déplace-

57 1391 103 25 ments.

85 1424 41 25 La
148 1424 103 25 Presse
270 1424 100 30 locale,
396 1426 156 31 interprète
576 1427 34 25 de
633 1428 30 26 la
683 1428 102 31 popula-

57 1454 69 30 tion,
149 1462 17 19 a
183 1456 91 30 pensé
294 1456 105 32 qu'elle
417 1457 98 25 devait
531 1459 125 25 susciter
677 1460 27 25 le
725 1465 57 18 mou-

57 1489 115 24 vement
201 1487 151 32 d'opinion
381 1488 164 27 nécessaire
575 1492 17 22 à
621 1489 30 26 la
678 1491 123 25 réussite

56 1518 86 26 d'une
161 1519 196 32 souscription
373 1521 146 30 publique,
540 1522 71 25 dont
625 1521 26 24 le
669 1522 132 25 montant

57 1551 135 26 servirait
207 1551 19 25 fi
240 1551 110 26 l'achat
365 1553 33 24 do
416 1560 31 17 ce
465 1554 110 22 fanion.

85 1583 60 26 Elle
164 1584 142 25 s'adresse
322 1584 18 25 à
356 1584 64 26 tous
436 1585 41 26 lcc
494 1584 154 33 Caennais,
667 1591 70 22 sans
754 1593 32 20 au-

56 1619 72 20 cune
148 1615 177 30 distinction,
348 1623 73 25 pour
439 1617 65 26 leur
526 1617 159 26 demander
703 1617 37 26 de
758 1619 43 25 lui

57 1646 135 31 apporter
207 1646 64 25 leur
286 1646 80 26 obole
384 1650 28 24 si
428 1649 129 26 modeste
576 1650 105 31 qu'elle
700 1650 57 26 soit
775 1650 26 25 et

56 1682 136 26 marquer
211 1680 78 24 ainsi
309 1681 65 24 leur
394 1681 146 31 gratitude
563 1687 58 20 aux
641 1682 159 26 musiciens

56 1710 34 25 de
110 1710 30 25 la
159 1720 12 14 «
190 1709 177 27 Fraternelle
387 1721 12 13 »
418 1713 50 28 qui
488 1713 151 26 rallieront
660 1713 59 26 Tan
737 1719 52 30 (pro-

58 1741 92 30 chain,
175 1743 104 24 autour
301 1743 35 24 de
356 1742 64 26 leur
442 1743 138 32 drapeau,
605 1744 50 26 d=s
677 1744 124 25 milliers

56 1774 144 26 d'artistes
235 1780 92 21 venus
361 1774 51 26 des
448 1776 100 28 quatre
582 1781 84 20 coins
700 1776 37 25 de
771 1776 30 24 la

56 1806 117 24 France.

58 1897 66 40 LE
154 1897 250 43 CONCERT
433 1898 103 39 DES
566 1897 233 40 ANCIENS

151 1964 72 38 DU
250 1963 457 43 CONSERVATOIRE
750 1963 2 43 .

84 2056 59 25 Une
170 2056 76 25 foule
274 2057 117 25 énormo
417 2057 78 22 avait
521 2057 107 25 envahi
654 2057 64 25 hier
744 2063 54 19 soir

56 2087 28 25 la
109 2087 70 26 salle
203 2088 51 25 des
281 2087 71 26 fêtes
376 2088 37 26 de
438 2087 105 26 l'Hôtel
569 2088 34 25 de
631 2088 73 25 Ville
728 2094 71 25 pour

56 2119 117 25 assister
196 2126 37 18 au
255 2120 116 24 concert
393 2119 37 25 de
452 2119 197 25 l'association
673 2120 51 25 des
749 2121 33 22 An-

56 2148 77 25 ciens
151 2150 98 24 Elèves
269 2152 38 21 du
327 2151 227 22 Conservatoire.

83 2180 38 26 Le
145 2181 46 25 bel
217 2181 145 25 orchestre
387 2181 214 30 symphonique
628 2187 53 26 que
710 2183 89 28 dirige

54 2217 69 20 avec
141 2218 57 20 une
216 2213 109 30 grande
344 2212 122 25 autorité
484 2213 37 24 M.
540 2215 100 27 Amiel,
659 2215 139 25 recueillît

54 2248 40 20 un
113 2243 98 26 succès
231 2243 180 31 magnifique
431 2245 17 24 à
463 2243 73 25 cette
556 2244 91 25 soirée
667 2250 56 25 que
744 2251 41 25 per-

56 2280 89 20 sonne
164 2281 34 19 ne
221 2276 102 25 trouva
343 2276 64 30 trop
426 2276 116 28 longue,
563 2276 111 30 malgré
694 2276 90 26 l'abon-

56 2304 89 25 dance
163 2304 40 24 du
222 2310 191 24 programme.

81 2335 40 26 La
138 2336 171 31 symphonie
328 2343 34 19 en
381 2337 32 24 ut
431 2337 113 25 mineur
561 2337 35 25 de
615 2339 183 26 Saint-Saëns

58 2367 113 25 rormait
190 2367 26 25 le
236 2367 71 26 fond
327 2367 34 27 de
381 2374 31 19 ce
432 2374 191 26 programme.
647 2370 77 24 Cette
745 2376 40 20 oeu-

54 2402 48 20 vre
130 2399 45 25 fut
203 2399 171 30 interprétée
400 2400 89 25 d'une
519 2400 87 32 façon
633 2401 165 31 magistrale

56 2433 51 25 par
135 2428 30 25 la
193 2430 85 28 jeune
307 2431 183 26 association.
523 2432 52 24 Les
606 2432 177 32 applaudisse-

54 2460 92 25 ments
165 2460 170 33 crépitèrent
354 2463 72 25 dans
445 2463 27 26 la
491 2463 78 26 salle.
591 2464 37 26 M.
647 2465 92 25 Amiel
759 2465 39 26 fut

56 2491 113 32 îapeplé
193 2492 76 25 deux
292 2493 63 24 fois.

83 2523 149 25 Plusieurs
257 2524 116 26 solistes
400 2524 143 31 prêtaient
569 2526 64 25 leur
659 2533 139 20 concours

54 2557 57 21 aux
131 2555 226 28 organisateurs.
380 2556 98 26 Citons
498 2556 123 27 d'abord
643 2557 37 26 M.
703 2559 80 25 Eusta-

54 2583 52 26 cha
124 2593 7 17 :
157 2585 61 25 l'un
247 2587 52 26 des
330 2587 170 26 fondateurs
530 2589 34 26 de
594 2589 204 26 l'association.

54 2616 144 25 Excellent
217 2617 106 26 flûtiste
344 2619 27 24 et
391 2620 195 30 compositeur
602 2621 39 25 de
659 2621 98 28 talent,
781 2623 18 24 il

54 2647 44 24 fut
117 2647 265 32 particulièrement
404 2650 132 30 apprécié
556 2652 74 25 dans
650 2659 58 19 une
729 2654 57 24 séré-

54 2679 72 26 nade
152 2680 58 24 fort
234 2680 66 25 bien
325 2680 100 26 traitée
448 2682 30 24 et
498 2681 77 26 dans
599 2688 41 20 un
664 2689 135 21 morceau

54 2709 84 25 d'une
170 2709 144 27 heureuse
347 2712 158 32 inpiration
524 2721 6 18 :
566 2714 53 25 Des
654 2715 144 30 papillons

54 2740 71 25 dans
148 2741 25 25 te
195 2741 105 31 jardin.

80 2771 77 27 Mme
178 2773 119 31 Auffray
317 2776 50 24 sut
384 2777 99 28 capter
502 2777 181 27 l'assistance
704 2784 35 20 en
761 2780 31 25 in

54 2803 156 32 terprétant
228 2811 50 19 sur
295 2807 28 24 la
341 2806 91 31 liarpe
452 2807 76 25 deux
546 2807 146 27 chansons
713 2817 69 24 ponu-

54 2835 85 24 laires
168 2836 169 32 françaises.

83 2865 43 25 On
143 2868 87 27 igofita
250 2868 162 30 également
431 2869 149 33 beaucoup
598 2871 31 25 la
647 2874 79 25 valse
745 2880 35 20 ms-

53 2895 164 33 lancolique
236 2898 33 26 de
292 2900 73 27 Mme
385 2902 34 25 de
439 2902 154 26 Grandval.
614 2904 73 25 Mais
706 2906 32 24 la
756 2906 28 24 vé-

57 2928 97 26 ritable
175 2930 219 31 triomphatrice
413 2931 37 27 de
470 2934 73 25 cette
567 2934 122 31 superbe
711 2936 71 25 mani-

58 2960 131 25 iestation
217 2961 141 26 musicale
386 2962 51 31 fut,
468 2969 69 20 sans
563 2967 150 30 contredit,
744 2974 54 19 une

59 2994 79 22 ieune
158 2991 154 27 violoniste
334 2993 86 26 sortie
444 2995 34 24 de
500 2996 83 25 notre
604 2998 83 26 Ecole
709 3000 76 25 Natio-

58 3019 61 28 nale
144 3020 35 26 de
206 3022 142 31 Musique,
376 3026 67 25 Mlle
470 3026 93 32 Costy.
607 3028 39 26 La
671 3030 128 27 décision

56 3057 73 24 prise
154 3053 175 26 récemment
354 3061 37 19 au
416 3058 76 28 sujet
515 3058 37 26 de
575 3059 72 25 cette
671 3063 112 25 merveil-

54 3083 78 25 leuse
154 3084 98 27 artiste
273 3091 56 26 par
348 3087 26 25 le
398 3087 67 30 jury
488 3090 70 30 d'un
579 3096 149 26 concours,
755 3099 44 18 ar>

54 3115 92 27 >;a-aît
170 3116 164 27 réellement
358 3119 198 31 inexplicable.

81 3145 40 25 La
148 3148 92 30 partie
263 3149 90 25 chant
378 3151 78 25 avait
480 3151 45 25 été
548 3154 109 26 confiée
683 3155 17 25 à
726 3156 72 26 Mmo

54 3176 159 31 Falaiseau,
230 3180 50 27 qui
296 3180 44 26 fut
354 3181 58 25 très
429 3183 156 31 applaudie
598 3187 76 25 dans
689 3188 30 24 la
735 3189 47 24 Pro-

54 3208 111 25 cession
184 3208 33 26 do
235 3209 86 26 César
337 3213 120 22 Franck.

84 3239 97 26 Citons
203 3247 69 19 avec
295 3243 94 28 éloges
413 3246 41 25 les
474 3247 157 26 excellents
654 3256 126 22 accompa-

56 3272 135 26 gnateurs
211 3272 5 39 :
239 3273 74 26 Mme
335 3275 157 33 Maratray,
516 3278 66 26 MM.
606 3280 146 31 Vergriète
774 3285 25 24 et

56 3301 106 26 Jeanne
181 3311 6 20 ;
217 3304 34 26 M.
282 3305 94 32 Bellis,
407 3308 57 25 très
493 3312 151 30 remarqué
674 3313 73 26 dans
774 3315 25 24 le

56 3333 60 24 solo
131 3334 35 24 de
183 3335 104 24 piston.

84 3363 39 26 La
150 3366 81 28 quête
257 3369 43 24 fut
326 3370 70 25 faite
422 3376 53 25 par
500 3372 76 26 Mme
601 3374 146 30 Magnoux
772 3378 25 25 et

56 3396 35 24 M.
110 3396 129 26 Armand
254 3400 100 28 Marie,
374 3402 91 26 maire
485 3403 33 26 de
537 3405 77 24 Caen
632 3413 7 21 ;
657 3406 77 27 Mme
754 3409 37 26 Gé

57 3426 65 25 rard
149 3429 27 22 et
202 3428 35 24 M.
266 3430 150 21 Eustache.

84 3530 46 25 AU
146 3531 135 26 COMITE
299 3533 66 26 DES
381 3536 118 26 FETES.
520 3552 28 5 -
565 3539 38 26 Le
620 3540 109 26 Comité
748 3542 51 25 des

58 3565 70 21 .êtes
150 3569 32 19 (îo
207 3565 118 26 réunira
351 3573 35 20 en
413 3570 157 25 as-emblée
598 3572 144 31 générale,
768 3580 31 19 ce

57 3598 78 39 tiFû
275 3596 39 40 ,??,•
338 3604 31 20 sa
429 3601 40 25 du
490 3602 115 27 Consul
626 3609 171 27 municipal,

58 3630 18 20 a
89 3630 11 22 1
112 3630 83 21 Hôtel
215 3630 34 22 de
268 3630 81 30 Ville,
372 3637 70 20 avec
462 3633 26 24 le
509 3635 109 24 Comité
639 3638 105 28 chargé
765 3638 33 25 de

57 3658 8 24 1
77 3659 198 30 organisation
293 3663 39 26 du
350 3663 145 27 Concours
513 3666 131 30 national
660 3670 33 24 de
712 3670 70 26 musi-

57 3693 53 25 que
125 3692 48 30 qui
188 3691 64 25 doit
266 3696 83 24 avoir
364 3694 60 24 lieu
438 3703 37 19 en
493 3697 66 26 1925.

84 3720 90 27 Ordre
195 3724 39 24 du
254 3725 67 30 jour
344 3735 6 15 :
370 3729 200 30 organisation
591 3730 40 26 du
652 3732 146 26 Concours

58 3754 32 24 de
110 3759 133 25 musique
268 3754 4 37 :
295 3758 183 25 nomination
501 3762 35 25 de
557 3762 28 25 la
606 3762 193 28 Commission

56 3787 19 22 d
85 3788 200 27 organisation
317 3797 6 20 ;
353 3791 181 27 nomination
566 3794 33 25 de
630 3794 64 27 huit
718 3800 80 21 sous-

57 3817 206 27 Oominissions
286 3828 6 20 ;
317 3821 141 26 demande
477 3826 34 24 de
533 3826 174 26 subvention
728 3833 71 22 pour

57 3847 201 28 l'Association
278 3852 48 24 des
346 3852 161 24 Etudiants.

86 3896 172 26 ACCIDENT
345 3900 39 25 La
409 3902 86 28 jeune
520 3904 104 26 Denise
650 3906 148 30 Lefeuvre,

57 3928 67 31 âgée
148 3930 33 24 de
202 3931 14 25 2
237 3937 54 19 ans
311 3933 25 24 et
358 3932 87 32 demi,
468 3937 172 26 demeurant
664 3939 67 25 chez
755 3946 43 18 ses

57 3963 124 26 parente,
201 3963 37 26 26,
255 3970 51 19 rue
325 3964 34 25 de
377 3964 157 32 Vaucellcs,
553 3970 93 30 jouait
663 3970 64 26 hier
742 3976 38 19 ma-

57 3991 40 26 tin
110 3993 73 25 dans
200 3993 26 25 le
240 3996 112 25 couloir
366 3996 37 26 de
417 3997 187 28 ''immeuble.
622 4002 85 25 Etant
720 4009 58 18 mon-

57 4023 44 25 tée
122 4029 50 20 sur
193 4031 56 19 une
268 4026 107 30 chaise,
398 4028 56 26 elle
475 4030 93 31 perdit
591 4031 161 30 l'éouilibre
774 4035 24 25 et

57 4057 94 22 tomba
172 4064 53 25 par
244 4059 28 24 la
295 4061 107 24 fenêtre
422 4061 86 26 d'une
530 4062 123 26 hauteur
671 4065 37 24 de
729 4067 69 25 trois

57 4087 112 27 mètres.
195 4089 41 24 En
260 4090 137 30 tombant,
422 4093 53 25 elle
498 4094 69 26 s'est
592 4097 206 26 contusionnée

57 4120 18 21 à
89 4121 30 20 la
135 4120 65 21 tête.

84 4163 148 26 MALADE
252 4167 67 25 SUR
341 4167 43 24 LA
404 4169 81 25 VOIE
508 4170 185 27 PUBLIOUE.
763 4174 35 24 Le

58 4198 115 22 nommé
191 4198 106 26 Gaston
315 4199 163 31 Lemoigne,
496 4202 53 30 âgé
566 4205 34 25 de
618 4204 28 26 24
664 4209 61 24 ans,
744 4211 37 19 ma-

57 4231 126 26 nœuvre,
203 4230 117 30 logeant
338 4237 38 19 en
392 4233 94 30 garni,
506 4234 21 27 3,
548 4241 50 19 rue
617 4237 119 30 Buquet,
758 4238 40 25 est

57 4260 93 25 tombé
162 4263 116 24 malade
295 4269 50 18 sur
359 4264 30 25 la
402 4264 64 25 voie
481 4266 145 30 publique,
644 4274 50 19 rue
709 4269 90 25 Saint-

59 4290 104 31 Pierre,
184 4291 72 31 hier,
281 4294 20 24 à
322 4294 27 25 15
374 4294 26 25 h.
424 4296 37 25 45.
488 4296 21 25 Il
533 4304 17 18 a
572 4298 44 25 été
637 4300 162 28 transporté

57 4323 18 25 à
86 4323 133 31 l'hôpital

87 4367 151 27 STUPIDE
266 4370 265 27 PLAISANTERIE.
607 4376 69 25 Hier
699 4377 99 27 matin,

57 4401 43 25 les
116 4400 148 27 habitants
279 4403 34 24 de
330 4403 28 25 la
373 4404 81 30 place
472 4406 203 28 Saint-Martin
692 4410 50 24 ont
758 4410 40 24 été

57 4433 61 24 tout
145 4434 111 28 surpris
283 4436 35 24 de
350 4437 144 25 constater
522 4444 63 24 que,
614 4440 131 30 pendant
772 4442 26 24 la

57 4463 72 28 nuit,
146 4465 27 25 le
189 4465 103 26 cheval
309 4466 35 25 de
363 4467 105 25 bronze
487 4470 50 27 qui
554 4473 83 28 porte
654 4470 27 26 le
699 4472 83 25 conné-

57 4493 76 28 table
162 4496 176 31 Duguesclin
367 4501 79 22 avait
475 4500 111 31 changé
613 4502 132 30 d'espèce
774 4506 25 24 et

57 4527 96 27 s'était
168 4530 176 25 transforme
363 4537 37 19 en
416 4532 90 26 zèbre.
524 4533 38 24 De
579 4535 135 24 mauvais
730 4537 56 31 plai-

57 4561 80 25 sants
155 4563 117 24 avaient
286 4563 71 25 orné
374 4569 46 20 ses
437 4564 90 25 flancs
543 4565 34 25 de
593 4571 122 25 rayures
731 4567 67 25 d'un

57 4590 67 25 effet
137 4592 209 22 extrêmement
363 4596 124 19 réaliste.

84 4642 24 25 A
130 4642 45 25 LA
201 4643 106 25 CROIX
337 4644 118 25 BOUGE
481 4645 202 31 FRANÇAISE.
764 4649 37 25 Le

58 4672 107 26 Comité
187 4676 139 22 caannais
347 4676 35 24 de
405 4676 115 26 l'Union
546 4680 48 24 des
618 4681 130 24 Femmes
768 4682 33 24 de

57 4703 107 28 France
191 4706 119 26 adresse,
337 4713 45 20 ses
409 4709 234 26 remerciements
669 4710 41 26 les
738 4713 63 28 plus

58 4737 174 26 chaleureux
253 4741 19 22 h.
292 4740 65 24 tous
378 4746 72 21 ceux
474 4742 58 26 oui.
555 4741 189 26 directement
765 4749 35 20 ou

57 4768 227 26 indirectement,
318 4772 48 25 ont
397 4773 66 25 bien
494 4774 89 25 voulu
614 4775 94 28 prêter
737 4776 64 25 leur

57 4806 139 20 concours
226 4804 17 24 II
267 4801 31 26 la
324 4804 144 25 kermesse
497 4807 48 26 qui
575 4806 69 25 s'est
670 4807 131 26 déroulée

58 4831 71 26 dans
150 4833 44 26 les
215 4834 98 25 suions
337 4837 34 22 de
391 4835 31 25 la
443 4835 174 28 Préfecture.

85 4865 76 26 Qu'il
181 4871 73 20 nous
276 4866 54 25 soit
350 4867 106 25 nermis
477 4869 33 25 de
533 4870 161 28 témoigner
712 4872 74 28 publi-

57 4899 135 25 quement
214 4898 81 25 notre
318 4899 244 28 reconnaissance
587 4904 17 22 à
626 4902 37 26 M.
687 4903 26 24 le
738 4904 47 24 Pré-

57 4929 40 24 fet
122 4930 39 25 du
184 4930 142 25 Calvados
350 4932 28 24 et
404 4932 18 25 à
445 4931 74 27 Mme
546 4932 110 27 Hélitas
680 4936 57 27 qui,
767 4943 34 18 en

57 4964 73 20 nous
155 4962 172 25 permettant
351 4963 90 26 d'être
467 4964 78 25 leurs
570 4965 79 25 hôtes
674 4968 126 27 pendant

57 4998 76 19 ceux
159 4994 89 27 jours,
274 4996 50 22 ont
352 4995 100 25 assuré
477 4996 25 25 le
531 4997 99 24 succès
657 4998 35 25 de
719 5001 81 22 notre

57 5023 54 20 fête

93 5056 35 26 Le
155 5055 109 27 Comiié
291 5060 33 22 de
364 5057 117 26 l'Union
507 5062 51 25 des
598 5061 130 25 Femmes
768 5063 33 24 de

57 5087 107 28 France
187 5095 34 19 ne
240 5091 110 22 .saurait
371 5093 63 22 trou
455 5093 151 25 remercier
626 5093 41 25 les
689 5095 112 25 artistes

57 5120 154 26 mondains
230 5122 73 24 .dont,
324 5121 281 27 malheureusement
626 5126 22 25 il
664 5124 71 26 doit'
748 5132 40 19 res-

57 5152 94 30 pecter
181 5153 188 25 l'anonvmat.
398 5153 113 26 d'avoir
541 5156 64 25 bien
637 5158 87 22 voulu
756 5164 31 24 ap-

57 5185 97 26 porter
168 5185 26 25 le
213 5189 141 22 concours
371 5185 34 26 de
423 5185 63 26 leur
501 5187 93 28 grand
611 5187 91 26 talent
722 5190 15 24 à,
756 5194 45 21 ces

57 5215 73 22 deux
156 5216 116 21 soirées.

85 5248 54 25 Nos
158 5250 231 25 remerciMnents
411 5250 163 26 éealement
593 5254 18 24 ù.
631 5252 35 26 M.
686 5254 26 25 le
735 5255 50 25 mai-

57 5284 30 21 re
109 5281 37 26 de
171 5281 83 26 Caen.
282 5282 50 24 oui
358 5289 18 18 a
399 5283 67 25 bien
490 5283 89 25 voulu
606 5285 143 24 autoriser
774 5287 26 26 lo

57 5313 143 26 directeur
214 5315 39 24 du
273 5315 100 25 Jardin
392 5315 51 25 des
465 5315 125 28 Plantes,
611 5317 17 24 à
647 5317 94 31 prêter
761 5319 40 24 les

57 5346 193 26 magnifiques
274 5348 130 24 arbustes
429 5348 48 25 qui
503 5349 133 25 ornaient
659 5350 27 25 le
711 5348 90 26 salon.

58 5375 91 27 Enfin,
170 5379 26 24 le
219 5376 107 26 Comité
348 5379 144 26 témoigne
511 5381 79 25 aussi
612 5381 77 26 toute
710 5387 33 19 sa
764 5387 25 20 re-

57 5409 209 25 connaissance
289 5415 35 19 au
350 5412 92 25 crand
467 5412 118 27 nombre
611 5413 33 26 de
667 5418 115 21 commer-

58 5441 80 26 çants
155 5441 37 24 de
209 5441 30 25 la
256 5441 77 26 ville,
356 5443 48 25 oui
422 5444 51 24 ont
490 5441 67 26 bien
576 5444 90 25 voulu
685 5443 99 27 alimen-

58 5473 43 21 ter
116 5474 43 20 les
178 5473 96 21 divers
293 5473 163 21 cometoirs.

87 5517 46 25 AU
159 5512 175 31 THEATRE.
419 5518 125 28 Samedi,
572 5525 34 20 en
634 5520 100 30 soirée,
763 5520 40 24 La

60 5548 98 30 Totea,
185 5552 38 25 eu
247 5550 61 26 l'on
331 5550 143 27 entendra
498 5550 61 27 l'un
585 5552 52 25 des
665 5552 138 25 premiers

842 657 89 27 sujets
951 659 37 25 de
1010 660 80 27 notre
1113 660 102 31 troupe
1235 663 272 34 d'opéra-comique.

872 689 41 25 En
940 691 133 25 matinée,
1103 693 164 28 dimanche.
1296 696 35 26 Le
1361 697 97 26 Grand
1482 700 96 31 Mogol

843 720 48 26 qui
917 726 65 20 sera
1003 722 98 27 donné
1126 731 73 20 Dour
1220 726 30 26 la
1274 728 139 28 première
1439 731 56 26 fois
1518 733 70 25 cette

841 752 102 26 annào.

872 784 33 26 Et
922 785 85 26 enflin.
1020 793 40 19 -en
1077 790 100 25 soirée,
1198 791 15 24 à
1228 791 15 24 8
1260 791 26 26 h.
1306 793 35 26 30,
1362 794 30 24 la
1406 794 130 28 création
1554 798 33 26 de

843 817 90 26 Vody,
963 819 70 25 dont
1061 824 73 19 nous
1161 827 91 21 avons
1276 824 152 26 entretenu
1456 833 53 21 nos
1537 830 39 25 lec-

842 848 78 25 teurs
947 850 17 25 à
989 849 144 27 Dlusicurs
1159 854 133 28 reprises.
1319 856 76 27 Cette
1420 859 128 31 opérettf»
1572 863 15 25 à

842 880 30 24 la
893 881 83 25 mode
998 883 44 24 est
1062 882 132 27 toulours
1218 886 57 24 très
1296 888 103 27 goûtée
1420 889 39 25 du
1482 893 104 28 public.

842 912 59 26 Elle
922 921 20 18 a
963 915 69 24 tenu
1055 915 125 27 l'affiche
1204 918 34 24 de
1258 919 124 30 l'Apollo
1404 922 129 27 pendant
1553 926 34 24 de

842 945 188 25 nombreuses
1061 947 152 26 semaines.

872 976 78 25 Pour
964 978 43 25 les
1024 978 71 25 fêtes
1113 980 33 26 de
1165 980 74 27 Noël,
1257 987 39 19 on
1313 989 73 20 nous
1404 987 112 27 promet
1531 993 57 21 une

842 1007 124 26 opérette
987 1009 91 27 aimée
1098 1013 38 24 du
1156 1013 105 27 public,
1279 1015 74 25 dans
1371 1016 125 30 laquelle
1515 1026 72 19 nous

843 1039 207 27 applaudirons
1071 1052 11 13 a
1101 1043 58 26 Tlie
1179 1045 129 26 Carley's
1326 1056 20 15 ».

865 1106 520 152 jg^FAl^Sj>

841 1302 168 57 Réonien
1022 1304 48 56 de
1083 1306 37 54 la
1133 1306 150 57 Société
1298 1307 289 59 dHortkîïlnire

870 1424 60 26 Une
956 1427 123 26 réunion
1100 1429 38 25 de
1160 1430 30 25 la
1212 1430 113 27 Société
1349 1434 237 30 d'Horticulture,

839 1456 52 26 des
911 1457 133 26 Sciences
1063 1461 28 22 et
1111 1461 48 25 des
1180 1462 66 26 Arts
1266 1463 34 26 de
1317 1463 270 28 l'arrondissement

839 1489 37 24 de
896 1489 112 26 Falaise
1032 1498 17 19 a
1070 1498 37 20 eu
1128 1493 57 25 iieu
1205 1494 26 25 le
1253 1495 154 27 dimanche
1428 1499 31 25 14
1478 1496 92 26 décem-

839 1519 47 26 bre
907 1521 17 24 à
945 1521 98 27 l'hôtel
1068 1524 34 25 de
1126 1525 67 25 ville
1215 1526 34 25 de
1274 1527 113 24 Falaise

868 1552 113 26 Etaient
1006 1553 131 31 présents
1165 1552 5 40 :
1195 1558 34 24 M.
1259 1558 144 30 Paixliau,
1429 1560 157 32 président;

837 1584 37 25 M.
895 1584 72 32 Lecjv
976 1585 67 32 iere,
1062 1587 234 31 vice-président;
1316 1591 37 25 M.
1375 1591 103 31 Duval,
1498 1593 74 24 secré-

837 1616 84 28 taire;
953 1617 37 25 M.
1024 1618 115 31 Barbot,
1172 1620 240 32 vicc-secrétairé;
1440 1624 37 25 M.
1509 1624 77 31 Noël,

837 1648 171 31 sous-préfet
1035 1651 27 24 et
1084 1650 35 26 M.
1148 1651 194 31 Lecouturier.
1365 1656 92 25 maire
1478 1655 35 27 de
1538 1656 33 25 Fa-

837 1678 80 25 laise.

849 1741 7 11 1
867 1710 48 26 1-oi
935 1713 38 25 du
993 1714 30 25 22
1039 1720 78 20 mars
1139 1715 67 26 1924.
1228 1719 85 24 —Le
1332 1717 150 32 président
1504 1721 83 25 attire

837 1742 163 27 l'attention
1022 1746 37 25 de
1080 1747 183 27 l'assemblée
1287 1754 51 20 sur
1358 1748 53 26 des
1436 1753 150 28 questions

837 1779 31 20 se
889 1778 170 28 rapportant
1082 1778 17 24 à
1117 1780 30 24 la
1167 1780 40 25 loi
1230 1780 38 25 du
1286 1780 30 26 22
1333 1787 79 20 mars
1434 1783 67 27 1924.
1522 1788 48 19 con-

837 1808 120 24 cernant
980 1808 31 24 la
1035 1811 135 25 nouvelle
1195 1811 170 27 évaluation
1385 1813 52 26 des
1459 1815 112 30 proprié-

837 1837 41 26 té?
895 1844 59 19 non
972 1839 93 26 bâties
1081 1844 27 24 et
1123 1841 113 30 l'impôt
1254 1844 122 27 foncier.

868 1870 22 25 11
908 1877 123 25 propose
1050 1872 26 25 le
1091 1873 65 24 vote
1174 1872 35 26 de
1226 1880 87 19 v<eux
1333 1877 180 27 demandant
1531 1884 56 26 que

836 1900 51 27 des
906 1899 54 28 lois
979 1904 226 26 modificatrices
1226 1907 93 24 soient
1338 1909 98 26 votées
1453 1913 87 22 avant
1560 1912 26 25 le

836 1933 13 24 l
852 1937 22 13 w
891 1933 119 31 janvier
1030 1936 67 28 1926,
1122 1943 34 19 en
1176 1943 56 20 vue
1253 1939 33 25 de
1306 1939 133 27 modifier
1461 1942 125 26 certains

837 1965 117 26 articles
971 1968 37 24 do
1026 1969 31 26 la
1072 1969 39 25 loi
1130 1969 39 26 du
1191 1970 30 25 22
1235 1976 81 19 mars
1336 1972 67 22 1924.

866 1997 216 28 Procès-verbal
1102 2001 34 25 de
1159 2002 27 25 la
1211 2002 131 26 dernière
1365 2004 111 28 séance.
1547 2008 38 24 Le

836 2030 213 27 procès-verbal
1074 2034 33 25 de
1133 2034 30 26 la
1185 2034 133 27 dernière
1345 2035 111 31 séance,
1482 2037 30 26 lu
1533 2042 52 25 par

836 2061 26 26 le
878 2062 164 30 secrétaire,
1059 2068 45 22 est
1120 2066 104 30 adapté
1239 2073 72 20 sans
1330 2068 194 26 observation.

865 2093 165 27 Démission
1050 2095 39 24 du
1109 2096 143 26 trésorier.
1316 2100 119 26 Lecture
1455 2102 43 24 est
1515 2101 53 25 don-

836 2126 53 25 née
908 2126 86 26 d'une
1016 2126 83 26 lettre
1121 2128 33 24 de
1176 2128 35 25 M.
1234 2128 117 31 Guérin,
1363 2131 152 33 .trésorier,
1539 2139 31 19 au-

837 2158 65 27 quel
924 2165 54 18 son
1000 2158 58 25 état
1078 2158 35 26 de
1131 2160 84 24 santé
1238 2161 26 22 et
1285 2167 53 19 son
1361 2165 93 27 grand
1476 2165 53 30 âge
1548 2170 37 18 ne

836 2191 172 27 permettent
1028 2191 69 31 plus
1117 2191 163 26 d'assumer
1299 2194 32 25 la
1352 2196 113 28 gestion
1485 2197 52 25 des
1554 2197 21 22 fi-

836 2224 110 21 nances
971 2223 35 24 de
1028 2218 33 30 la
1084 2223 120 26 Société.
1231 2224 37 26 Le
1289 2226 157 30 président,
1469 2235 39 20 en
1534 2229 39 24 ter-

835 2256 60 20 mes
921 2254 90 28 émus,
1035 2255 44 24 dit
1098 2256 64 24 tout
1185 2256 27 25 le
1234 2256 196 27 dévouement
1453 2259 71 24 dont
1547 2261 34 24 M.

836 2282 107 26 Guérin
967 2291 17 17 a
1005 2285 53 24 fait
1078 2293 109 24 preuve
1207 2288 130 28 pendant
1357 2295 45 20 ses
1424 2291 30 24 40
1475 2291 110 24 années

836 2315 33 26 de
889 2315 138 26 trésorier
1045 2317 38 24 de
1104 2317 28 26 la
1154 2317 113 26 Société
1285 2321 28 25 et
1331 2320 122 27 l'assure
1472 2324 52 24 des
1545 2328 27 19 re-

836 2347 78 28 grets
941 2349 26 24 et
990 2348 37 26 de
1051 2349 78 25 toute
1150 2349 31 26 la
1206 2352 164 30 sympathie
1397 2353 126 27 cordiale
1551 2355 34 25 de

835 2375 191 28 l'assemblée.

865 2413 21 21 A
904 2411 195 33 l'unanimité,
1121 2413 35 26 M.
1179 2413 107 27 Guérin
1303 2418 43 22 est
1362 2418 117 26 nommé
1499 2419 70 24 tréso-

836 2443 58 25 rier
918 2444 164 27 honoraire.
1109 2446 56 25 Par
1189 2446 31 25 40
1243 2447 69 25 voix
1336 2454 51 18 sur
1407 2451 30 25 43
1460 2452 122 26 votants,

836 2474 34 25 M.
898 2474 115 28 Moncel
1035 2478 44 24 est
1101 2478 117 25 nommé
1239 2478 138 26 trésorier
1397 2486 39 20 en
1460 2483 105 30 rempla-

836 2509 111 24 cement
969 2509 33 24 de
1020 2509 37 24 M.
1078 2509 117 25 Guérin.

865 2537 130 26 Election
1013 2541 71 24 d'un
1104 2542 237 26 vice-secrétaire.
1406 2545 25 24 n
1446 2546 44 24 est
1507 2546 76 24 alors

835 2570 122 30 procédé
976 2570 18 25 à
1010 2570 146 26 l'élection
1174 2574 70 24 d'un
1260 2574 231 28 vice-secrétaire
1509 2582 73 26 pour

834 2601 227 32 l'Horticulture,
1091 2610 34 18 en
1153 2604 227 33 remplacepient
1407 2608 35 25 de
1469 2608 38 26 M.
1534 2608 33 26 Co-

835 2633 66 31 ri?.e,
922 2634 249 27 rémissionnaire.
1195 2636 38 25 M.
1260 2636 111 31 Guigné
1396 2641 43 22 est
1461 2640 47 26 élu
1531 2644 52 25 par

833 2666 30 25 27
883 2667 69 24 voix
969 2673 52 18 sur
1039 2668 37 22 43.

863 2698 132 26 D'autres
1019 2700 69 25 voix
1113 2706 30 19 se
1165 2700 117 32 portent
1306 2707 51 22 sur
1378 2701 98 27 divers
1496 2709 64 20 mem-

834 2728 64 26 bres
915 2732 38 24 de
971 2732 32 24 la
1023 2731 120 25 Société.

863 2761 161 26 Réduction
1042 2765 35 25 de
1098 2764 149 31 dépenses.
1324 2766 191 27 L'assemblée
1535 2770 32 24 dé-

833 2792 111 27 sireuse
963 2794 37 24 de
1019 2793 116 26 réduire
1155 2796 40 25 les
1215 2796 143 32 dépenses
1376 2798 207 26 occasionnées

834 2831 54 25 par
902 2826 44 25 les
961 2826 103 25 visites
1077 2826 52 26 des
1146 2828 107 26 fermes
1270 2830 28 25 et
1313 2829 123 32 jardins,
1456 2831 59 26 lors
1532 2832 51 24 des

836 2862 150 27 concours,
1000 2857 103 26 décide
1120 2864 56 25 que
1192 2865 46 20 ses
1253 2862 206 26 commissions
1475 2863 107 30 seront,

834 2889 74 26 dans
934 2890 131 30 l'avenir,
1093 2891 168 30 composées
1289 2893 130 26 chacune
1447 2895 35 25 de
1508 2895 74 24 deux

834 2921 143 26 membres
993 2923 143 28 auxquels
1150 2923 183 31 s'adjoindra
1349 2931 43 19 un
1404 2924 123 30 délégué
1544 2927 39 25 du

835 2953 122 22 Bureau.

866 2986 203 27 Subventions.
1142 2989 38 24 Le
1202 2989 149 31 président
1374 2991 124 26 informe
1519 2991 53 26 l'as-

833 3017 128 27 semblée
984 3024 56 26 que
1058 3019 44 25 1-es
1124 3019 191 27 subventions
1339 3021 156 28 attribuées
1519 3024 18 22 à
1556 3024 28 24 la

835 3050 112 26 Société
970 3057 76 24 pour
1069 3057 46 19 ses
1140 3058 139 19 concours
1306 3054 123 24 annuels
1455 3061 30 18 sa
1509 3057 61 21 trou-

834 3083 103 25 veront
957 3083 156 26 fortement
1131 3083 128 27 réduites
1283 3084 72 26 dans
1375 3084 133 32 l'avenir,
1532 3091 54 25 par

836 3113 53 25 fait
917 3117 33 24 de
977 3115 30 25 la
1032 3116 191 31 suppression
1247 3117 35 24 de
1310 3118 30 25 la
1367 3119 92 27 prime
1482 3119 103 25 offerte

836 3151 52 22 par
915 3148 35 24 M.
977 3148 27 24 le
1031 3149 91 25 comte
1147 3148 182 30 d'Harcourt,
1357 3148 131 32 lorsqu'il
1514 3150 71 25 était

836 3178 104 30 député
956 3178 40 25 du
1013 3178 152 30 Calvados,
1187 3180 26 25 et
1233 3182 79 25 aussi
1331 3181 34 24 de
1383 3181 30 26 la
1429 3181 141 32 participa-

836 3210 60 24 tion
913 3211 35 25 de
966 3210 115 26 l'Office
1098 3210 240 35 départemental.

867 3242 123 26 MtXtëhi
1029 3248 9 22 |
1051 3248 9 17 £
1088 3244 111 24 beurre.
1283 3246 109 25 Invités
1419 3252 53 24 par
1498 3246 37 27 M.
1558 3248 26 24 le

836 3274 91 26 maire
947 3278 34 22 de
1002 3275 116 26 Falaise
1139 3283 18 15 n
1178 3276 73 25 faire
1273 3278 150 26 connaître
1440 3278 65 26 leur
1525 3278 46 33 pré-

837 3307 115 25 férence
972 3313 73 24 pour
1064 3309 41 25 les
1127 3308 106 25 heures
1253 3309 181 25 d'ouverture
1455 3311 39 25 du
1515 3317 54 20 mar-

837 3338 51 25 ché
908 3345 38 18 au
963 3340 104 24 beurre
1085 3340 40 24 les
1146 3341 79 28 jours
1245 3343 35 24 de
1298 3341 125 30 marché,
1442 3343 43 24 les
1502 3348 64 19 mem-

836 3370 65 26 bres
921 3371 131 31 présents
1078 3372 132 24 décident
1237 3372 33 25 de
1296 3373 72 25 fixer
1394 3373 72 25 cette
1491 3379 81 20 ouver-

837 3403 63 22 ture
928 3403 17 22 à
970 3404 28 21 11
1023 3403 27 22 h.
1078 3403 37 22 30.

866 3431 216 27 Commissions.
1159 3435 194 26 L'assemblée
1374 3436 139 31 complète
1537 3441 31 20 en-

837 3464 76 25 suite
927 3470 45 19 ses
986 3464 171 25 différentes
1175 3467 217 22 Commissions.

866 3725 146 27 MARCHE
1046 3728 72 28 AUX
1157 3728 176 27 BESTIAUX
1372 3730 90 25 GRAS
1545 3731 37 22 Le

834 3758 119 25 marché
974 3764 59 20 aux
1054 3759 133 25 bestiaux
1205 3767 67 21 gras
1294 3762 50 30 qui
1363 3767 31 20 se
1413 3762 72 25 tient
1505 3762 18 25 à
1541 3762 27 25 Li-

834 3789 84 25 sieux
937 3789 26 25 le
980 3790 139 26 vendredi
1139 3791 33 25 de
1192 3796 110 26 c'iaque
1323 3793 138 32 semaine,
1479 3798 32 21 se
1528 3794 40 25 ter-

834 3820 115 25 minera
971 3821 72 24 cette
1065 3821 93 24 année
1181 3823 25 21 >e
1231 3823 27 21 26
1279 3823 159 21 décembre.
1455 3816 6 8 '

865 3852 21 24 A
907 3852 93 32 partir
1019 3853 39 25 du
1078 3854 12 24 ler1
1093 3857 20 12 er
1134 3853 116 31 janvier
1270 3855 60 25 1925
1350 3857 26 22 et
1396 3855 138 30 jusqu'au
1554 3857 27 24 15

835 3882 103 30 juillet,
958 3883 26 24 le
1004 3883 118 25 marché
1146 3891 57 19 aux
1221 3885 135 26 uestiaux
1375 3892 69 25 gras
1465 3891 31 20 se
1514 3887 54 26 tien-

835 3914 61 30 dra,
913 3920 110 20 comme
1042 3922 53 24 par
1109 3917 26 24 le
1153 3917 92 32 pas?é,
1263 3918 26 25 le
1306 3918 94 26 mardi
1420 3919 34 25 de
1468 3917 113 33 chaque

835 3945 138 24 semaine,
993 3946 17 22 à
1029 3947 13 21 9
1061 3947 104 21 heures
1185 3948 38 20 du
1240 3950 96 19 matin

866 3976 37 26 Le
918 3977 126 32 premier
1058 3977 117 27 marché
1193 3985 72 19 aura
1283 3981 74 26 donc
1375 3981 58 26 lieu
1448 3983 26 25 le
1492 3983 14 25 G
1521 3983 46 32 jan-

835 4009 61 19 vier

866 4052 43 25 LA
934 4054 113 25 FOIRE.
1126 4056 40 24 De
1189 4056 162 25 nombreux
1372 4056 112 27 forains
1511 4062 53 19 com-

836 4087 133 24 mencent
991 4085 18 24 à
1030 4085 111 27 arriver
1159 4093 73 25 pour
1251 4088 30 25 la
1299 4088 73 25 foire
1393 4088 34 25 de
1446 4089 67 25 Noël
1533 4089 48 28 qui

835 4116 144 25 s'ouvrira
997 4119 112 24 samedi
1126 4117 143 32 prochain
1285 4120 31 25 20
1332 4119 157 31 décembre,
1507 4120 17 26 à
1540 4120 28 25 Ll-

836 4146 91 21 sieux.

866 4192 45 24 AU
937 4192 175 25 THEATRE.
1192 4194 93 25 Lundi
1311 4195 143 28 prochain
1481 4196 30 25 22
1537 4196 31 24 dé-

836 4222 120 28 cembre,
976 4230 38 19 au
1033 4224 120 26 Théâtre
1173 4225 170 30 municipal,
1364 4225 35 25 Le
1419 4226 76 26 Petit
1512 4228 70 26 Duc,

835 4253 242 31 opéra-comique,
1103 4256 133 31 musique
1260 4257 35 25 de
1322 4257 117 25 Charles
1465 4257 117 31 Lecocq,

835 4290 53 25 par
906 4286 31 24 la
953 4286 102 31 troupe
1076 4287 34 25 de
1129 4286 80 25 Caen

866 4316 66 25 BAL
953 4317 45 24 DU
1022 4328 9 12 «
1051 4318 198 26 REVEILLON
1270 4329 19 15 ».
1361 4319 139 26 Mercredi
1520 4325 46 25 pro-

836 4348 85 26 chain
939 4349 30 24 24
981 4348 161 30 décembre,
1159 4350 17 24 !i
1191 4350 307 30 l'lixcelsior-Cinéma,
1515 4354 50 24 bou-

836 4380 99 26 levard
953 4380 200 28 Sainte-Anne,
1173 4381 90 31 grand
1284 4382 46 25 bal
1348 4388 69 19 avec
1437 4383 144 24 orchestra

834 4409 162 26 jazz-bnnd.

1208 4446 348 30 Notre-Dama-de-Livayo

865 4473 172 27 ELECTION
1067 4474 79 26 D'UN
1175 4475 154 27 ADJOINT.
1413 4478 35 25 M.
1476 4478 105 31 Joseph

837 4504 164 26 Blanchard
1031 4513 17 17 a
1076 4506 43 25 été
1146 4505 46 26 élu
1222 4506 112 31 adjoint
1363 4514 38 19 au
1427 4508 92 26 maire
1548 4509 33 24 de

836 4535 359 31 Notre-Dame-de-Livaye,
1227 4544 35 19 en
1294 4539 226 31 remplacement
1550 4540 32 24 de

835 4566 37 24 M.
892 4567 158 26 Guîlmard,
1068 4567 116 26 décédé.

1208 4600 348 28 Saint-Pïarre-sur-Bives

867 4628 90 25 FETE
987 4630 262 26 SAINTE-BARBE.
1336 4631 112 27 Fidèles
1478 4635 17 24 à
1520 4633 63 24 leur

836 4658 94 27 bonne
961 4661 149 31 tradition,
1146 4663 40 25 les
1221 4665 279 30 vapeurs-pompiers
1534 4668 48 24 ont

836 4690 109 27 honoré
963 4694 241 26 solennellement
1218 4695 155 27 dimanche
1388 4697 64 25 leur
1469 4698 98 30 patron-

839 4728 34 17 ne
891 4724 93 20 sainte
1003 4726 91 19 Barbe

868 4756 39 24 La
931 4757 131 30 Musique
1085 4759 177 27 municiuale
1287 4761 26 22 et
1336 4761 31 26 la
1387 4761 124 26 Fanfare
1534 4762 48 25 des

837 4787 30 26 T.
894 4789 28 24 C.
948 4788 40 28 T.,
1013 4794 69 20 sous
1106 4791 28 24 la
1159 4789 142 27 direction
1328 4792 33 24 de
1387 4792 79 27 leurs
1489 4793 93 28 chefs,

839 4820 65 26 MM.
932 4820 85 26 Cosse
1039 4825 28 21 et
1091 4822 31 25 R.
1150 4822 38 25 Le
1192 4824 161 31 bourgeois,
1380 4826 185 34 accompagnè-

839 4853 63 24 rent
924 4852 41 26 les
989 4854 282 31 sapeurs-pompiers
1296 4861 37 19 au
1355 4861 85 19 cours
1466 4858 33 24 de
1521 4854 61 27 leur

839 4883 170 30 cérémonie,
1035 4884 19 26 à
1076 4885 109 32 l'égise,
1212 4891 38 20 au
1272 4891 170 24 monument
1468 4891 25 22 et
1518 4890 18 25 à
1556 4889 27 24 la

837 4916 105 24 remise
965 4917 51 22 des
1038 4917 158 22 médailles.

868 4948 133 25 Pendant
1022 4949 27 25 la
1068 4954 103 25 messe,
1192 4951 28 24 la
1243 4951 131 30 musique
1394 4952 32 25 fit
1447 4951 135 25 entendre

837 4981 99 28 quatre
958 4985 157 20 morceaux
1137 4983 57 22 fort
1217 4983 66 24 bien
1302 4983 106 26 choisis
1429 4983 71 26 dont
1521 4984 48 25 l'in-

836 5011 190 26 terprétation
1050 5014 44 24 fut
1116 5013 58 25 très
1199 5014 111 24 goûtée.

868 5042 59 26 Une
950 5043 169 25 charmante
1141 5044 159 26 allocution
1322 5054 18 18 a
1358 5047 43 25 été
1422 5048 161 31 prononcée

839 5080 52 25 par
912 5075 37 25 M.
974 5076 27 25 le
1023 5076 144 24 chanoine
1192 5078 113 28 Fiimée,
1329 5079 66 30 puis
1419 5083 57 20 une
1500 5079 83 31 quête

837 5111 73 25 pour
931 5107 39 24 leâ
990 5113 125 25 pauvres
1133 5108 44 25 fut
1193 5108 233 30 gracieusement
1446 5111 69 25 faite
1532 5115 51 26 par

839 5138 73 26 Mme
931 5139 103 26 Daniel
1052 5141 191 27 Ressencourt
1263 5143 213 30 accompagnée
1492 5143 34 25 de
1547 5143 34 24 M.

837 5170 112 24 Malais,
970 5172 98 21 maire.

868 5204 20 22 A
913 5202 99 25 l'issue
1042 5203 33 25 de
1104 5204 28 26 la
1162 5203 161 27 céiémonie
1351 5204 162 32 religieuse,
1544 5206 39 24 les

839 5233 70 25 trois
931 5233 128 26 Sociétés
1081 5241 30 20 se
1133 5236 148 27 rendirent
1304 5243 33 20 en
1361 5237 84 26 fléillé
1467 5243 38 22 au
1527 5243 38 20 mo-

839 5268 120 21 nument
980 5271 56 20 aux
1059 5269 90 22 morts
1170 5272 38 20 au
1230 5270 69 28 .pied
1322 5269 104 30 duquel
1452 5269 67 27 elles
1539 5269 30 25 dé-

839 5296 135 32 posèrent
994 5303 54 20 une
1068 5298 123 30 superbe
1209 5301 84 27 gerbe
1311 5301 35 26 de
1365 5301 94 25 fleurs.

867 5328 38 26 Le
926 5328 122 31 cortège,
1074 5335 57 19 aux
1156 5335 67 20 sori3
1248 5330 19 24 d
1280 5337 40 18 un
1342 5333 168 25 entraînant
1531 5336 52 26 pas

839 5361 145 28 redoublé,
1006 5367 28 19 se
1058 5362 94 25 rendit
1175 5363 77 24 alors
1274 5363 80 31 place
1378 5365 32 26 de
1433 5365 28 26 la
1482 5363 100 26 Mairie

839 5392 46 31 où,
912 5399 34 19 en
976 5393 136 32 présence
1139 5394 47 26 des
1217 5395 138 26 autorités
1381 5396 202 31 municipales,

839 5424 33 25 de
896 5426 64 24 MM.
983 5426 125 27 Calouei,
1133 5428 144 25 sous-nef
1298 5427 34 26 de
1355 5428 126 25 division
1502 5428 34 25 de
1558 5427 25 25 la

839 5456 162 31 préfecture
1028 5459 37 24 du
1090 5458 142 27 Calvados
1260 5460 27 24 et
1315 5459 38 26 du
1378 5460 204 25 commandant

839 5487 91 30 Binet,
957 5490 164 30 inspecteur
1146 5491 229 31 départemental
1400 5493 48 24 des
1472 5497 93 26 compa-

839 5519 83 31 gnies
944 5522 33 24 de
998 5523 291 33 sapeurs-ipoinpiers,
1310 5524 136 26 devaient
1462 5524 60 26 être
1544 5530 26 20 re-

839 5551 87 26 mises
945 5551 43 26 les
1007 5551 161 28 médaille*.

2061 3012 278 21 Troaville-sur-Mer

1654 3043 46 25 AU
1723 3041 174 26 SYNDICAT
1920 3043 237 25 D'INITIATIVE.
2233 3043 117 25 L'assem-

1620 3072 61 27 blée
1707 3072 136 32 générale
1867 3072 38 26 du
1930 3072 139 32 Syndicat
2091 3072 180 27 d'lnitiative
2294 3079 15 20 a
2333 3077 34 20 eu

1623 3104 60 26 lieu
1702 3109 70 20 sous
1791 3105 32 25 la
1841 3105 168 30 présidence
2028 3106 38 24 de
2085 3105 38 26 M.
2144 3103 144 31 Maillard,
2310 3103 43 28 pré-

1623 3136 102 21 sident.

1654 3168 35 25 M.
1707 3169 158 30 Labigang,
1885 3168 91 26 secrét
1988 3168 59 28 lire,
2068 3176 17 18 a
2102 3169 33 26 lu
2152 3170 26 25 le
2197 3168 155 31 procès-ver-

1622 3200 47 24 bal
1684 3200 37 24 de
1735 3200 31 24 la
1782 3200 132 24 dernière
1931 3198 112 28 séance,
2063 3200 48 27 qui
2132 3206 17 19 a
2165 3198 45 25 été
2225 3197 113 30 adopté.

1652 3229 69 26 Puis
1740 3230 37 25 M.
1798 3230 92 25 Emile
1906 3230 100 28 Lucas,
2027 3229 145 30 trésorier,
2193 3236 17 19 a
2230 3229 94 26 donné
2342 3230 22 25 le

1622 3263 111 30 compte
1754 3262 92 26 rendu
1866 3262 142 26 financier
2029 3262 51 30 qui
2100 3268 31 19 so
2152 3261 80 26 solde
2254 3266 54 27 par
2328 3266 37 19 un

1620 3294 69 24 boni
1703 3294 37 26 de
1755 3294 87 25 22.070
1858 3294 27 25 fr
1911 3294 35 24 19.

1649 3326 119 25 Ensuite
1789 3326 132 25 diverses
1943 3326 149 30 questions
2113 3327 65 24 sont
2202 3324 163 28 examinées

1620 3363 35 19 en
1676 3364 53 20 vue
1747 3358 33 25 de
1798 3359 30 22 la
1841 3358 158 28 prochaine
2017 3358 99 25 saison
2133 3366 6 15 :
2158 3357 120 25 d'abord
2296 3358 56 24 l'im-

1622 3389 132 30 pression
1773 3389 72 24 d'un
1866 3389 87 30 guide
1974 3389 66 31 plus
2060 3387 131 25 luxueux
2212 3396 6 19 ;
2241 3387 66 31 puis
2327 3386 38 25 les

1618 3420 237 25 manifestations
1887 3419 206 30 saisonnières,
2126 3418 239 32 principalement

1620 3451 220 31 l'organisation
1859 3454 51 24 des
1925 3451 70 31 jeux
2009 3451 146 26 d'enfants
2173 3457 50 20 sur
2236 3451 26 25 le
2278 3449 86 28 sable,

1619 3483 57 25 soit
1693 3490 53 24 par
1762 3483 27 25 le
1806 3483 26 26 S.
1852 3484 21 24 I.
1891 3483 30 25 T.
1941 3483 71 27 seul,
2028 3483 58 25 soit
2102 3489 35 19 en
2157 3482 208 26 collaboration

1619 3520 70 21 avec
1707 3515 125 26 certains
1847 3515 149 31 journaux
2013 3514 144 30 parisiens
2171 3515 50 28 qui
2237 3515 50 24 ont
2302 3511 63 31 déjà

1620 3544 94 25 donné
1734 3547 64 22 leur
1819 3550 148 19 concours,

1649 3579 44 22 On
1721 3579 80 31 parle
1834 3582 77 20 aussi
1943 3578 34 24 de
2008 3582 142 20 concours
2178 3576 185 31 intcrplages,

1620 3614 109 21 comme
1744 3608 61 26 cela
1821 3615 31 18 se
1863 3607 136 33 pratiqua
2014 3608 18 25 à
2047 3607 131 32 Cabourg
2196 3607 26 26 et
2238 3607 125 26 ailleurs.

1619 3641 37 25 M.
1680 3640 104 26 Bisson
1806 3646 124 26 propose
1954 3640 26 25 le
2002 3640 52 31 jeu
2074 3641 34 25 de
2132 3640 162 25 cochonnet
2319 3639 45 28 qui

1620 3679 17 19 a
1650 3666 202 35 beaucoup'do
1869 3671 100 27 succès
1983 3672 76 25 dans
2075 3670 143 27 certaines
2231 3670 132 26 stations.

1649 3704 84 25 Enfin
1765 3704 34 25 M.
1833 3703 103 25 Boulet
1969 3703 122 30 suggère
2122 3700 241 31 l'aménagement

1619 3735 70 25 d'un
1715 3735 79 25 autre
1819 3733 84 31 local,
1929 3733 116 27 l'actuel
2069 3733 80 25 étant
2172 3731 191 26 notoirement

1618 3767 175 25 insuffisant.
1814 3768 22 24 Il
1854 3767 89 25 serait
1957 3764 136 32 possible,
2112 3764 182 32 moyennant
2308 3768 56 19 une

1619 3796 124 32 dépense
1770 3797 17 25 à
1813 3796 125 33 rêpâ.riîf
1965 3802 50 20 sur
2039 3796 145 31 plusieurs
2212 3795 151 27 exercices,

1619 3829 143 25 d'utiliser
1776 3829 30 25 la
1826 3829 73 24 tente
1919 3829 50 27 qui
1989 3833 28 19 se
2036 3833 103 20 trouve
2158 3828 17 24 à
2193 3827 119 24 l'entrée
2329 3826 34 24 de

1618 3862 28 24 la
1669 3860 92 31 plage.
1786 3861 37 24 Ce
1845 3860 94 30 projet
1961 3860 41 25 est
2026 3859 104 31 adopté
2150 3860 27 24 et
2197 3859 30 25 lu
2249 3855 100 26 réalisa-

1617 3891 61 26 tion
1695 3898 35 20 en
1748 3898 66 19 sera
1832 3892 72 24 faite
1919 3895 74 26 pour
2013 3894 28 20 Ja
2060 3891 98 25 saison
2177 3888 66 26 1925.

1646 3933 326 28 CONTRAVENTIONS.
2034 3933 39 26 Le
2091 3933 115 26 nommé
2224 3932 139 26 Moncelat

1617 3967 116 30 Gaston,
1747 3967 32 25 83
1794 3972 61 25 ans,
1876 3966 117 26 ouvrier
2008 3965 168 27 menuisier,
2194 3965 169 25 demeurant

1617 3999 37 30 25,
1684 4005 51 20 rue
1767 3999 33 25 de
1830 3999 28 26 la
1889 3998 119 25 Marine,
2041 3997 17 24 â
2088 3996 155 30 Trouville,
2276 3993 87 32 ayant

1617 4030 102 26 trouvé
1735 4030 138 31 plaisant,
1897 4029 83 31 après
2001 4028 81 26 avoir
2099 4029 38 25 bu
2157 4033 39 21 un
2216 4032 57 25 peu
2289 4025 74 32 trop,

1617 4063 33 25 de
1676 4062 92 25 briser
1793 4062 41 22 les
1856 4062 90 22 vitres
1970 4059 34 25 de
2031 4058 175 32 réverbères,
2233 4057 69 26 s'est
2326 4062 38 20 vu

1617 4093 115 26 drosser
1752 4091 213 33 procès-verbal
1988 4096 51 26 par
2061 4091 30 25 la
2111 4089 92 33 police
2223 4090 35 25 de
2277 4089 70 25 Trou-

1617 4124 77 28 ville,
1717 4129 74 26 pour
1813 4124 171 28 dommages
2008 4121 177 26 volontaires
2209 4121 18 25 -i
2250 4121 30 25 la
2302 4123 44 26 pro-

1617 4155 90 32 priété
1728 4155 151 25 mobilière
1899 4154 137 25 d'autrui.

1644 4200 195 25 VIOLENCES
1863 4198 168 27 LEGERES.
2107 4198 216 25 Procès-verbal
2348 4200 15 18 a

1617 4233 44 25 été
1687 4231 97 27 dressé
1811 4235 73 27 pour
1907 4231 146 24 violences
2080 4230 26 24 et
2132 4228 104 31 tapage
2262 4233 48 21 sur
2335 4226 28 24 la

1618 4263 64 26 voie
1703 4263 146 31 publique,
1876 4263 98 24 contre
1995 4266 32 20 ia
2046 4260 105 25 femmu
2174 4259 111 31 Halley,
2311 4258 52 25 née

1617 4294 123 26 Rauline
1767 4294 99 26 Marie,
1896 4292 177 26 marchande
2100 4292 33 25 de
2160 4292 126 30 poisson,
2314 4294 50 18 rue

1617 4328 50 24 dos
1685 4325 154 28 Carrières.
1857 4325 38 27 29,
1912 4325 18 25 à
1948 4323 157 28 Trouville,
2124 4323 27 25 et
2170 4323 103 26 Hallev
2290 4320 56 24 Oné-

1617 4358 79 28 sime,
1719 4357 30 26 26
1767 4363 60 22 ans,
1851 4355 242 32 marin-pôchcur,
2117 4359 48 19 rue
2186 4352 138 28 Bcrtnier,
2347 4351 17 25 à

1616 4390 157 25 Trouville.

1690 4422 37 24 M.
1743 4421 26 25 le
1786 4420 203 26 Commissaire
2008 4420 34 25 de
2055 4417 94 32 police
2165 4417 34 26 do
2216 4415 146 27 Trouville

1619 4461 15 18 a
1651 4453 97 28 dressé
1766 4449 210 33 procès-verbal
1995 4455 39 20 au
2050 4448 115 26 nommé
2184 4448 116 32 Racapé
2317 4448 31 22 Ju-

1616 4485 66 28 lien,
1701 4481 353 28 marchand-brocanteur,
2072 4481 171 25 demeurant
2259 4481 17 22 à
2290 4479 56 25 Tou-

1617 4520 78 26 ques,
1713 4520 73 27 pour
1800 4514 100 26 défaut
1916 4513 203 31 d'Uncription
2138 4512 116 25 d'achat
2269 4515 38 20 au
2322 4514 27 22 re-

1617 4546 87 33 gistre
1723 4546 37 26 de
1780 4545 182 26 brocanteur,

2056 4574 282 25 DsauviHe-sur-Mer

1646 4610 137 26 CARNET
1802 4610 45 24 DE
1866 4606 236 32 FIANÇAILLES.
2170 4606 74 25 Nous
2263 4607 83 28 appre-

1617 4646 73 20 nons
1719 4642 41 25 les
1782 4639 162 31 fiançailles
1974 4639 34 26 de
2034 4638 67 25 Mlle
2130 4638 85 27 Edith
2243 4636 117 25 Hanler,

1617 4672 59 26 fille
1695 4674 34 24 de
1749 4672 35 24 M.
1807 4672 48 24 Ch.
1877 4667 117 33 Manier,
2013 4670 144 26 directeur
2176 4670 34 24 de
2229 4670 27 22 la
2275 4667 86 28 Plage

1617 4703 122 31 Fleurie,
1772 4703 26 26 et
1831 4703 33 24 de
1893 4701 141 30 Madame,
2070 4703 69 22 avec
2170 4700 35 26 M.
2238 4698 124 24 Andrew

1618 4736 119 21 Hun'er.

2753 423 358 102 IISIS

2445 596 135 25 COMITE
2634 595 311 26 DEPARTEMENTAL
2998 595 156 26 D'ACTION

2415 628 230 26 ECONOMIQUE
2666 627 44 24 DE
2727 627 132 25 L'ORNE.
2926 627 67 24 Prix
3011 627 143 25 Indicatifs

2415 663 73 26 pour
2509 658 30 25 la
2561 657 67 27 ville
2649 657 157 31 d'Alençon
2829 657 50 26 des
2903 657 119 25 denrées
3044 657 34 24 de
3102 661 39 25 pre-

2415 689 89 25 mière
2525 687 148 30 nécessité,
2698 693 34 19 en
2754 689 93 25 bonne
2869 687 116 35 qualité,
3007 687 17 25 à
3045 687 28 25 la
3094 686 59 26 date

2414 719 39 25 du
2472 720 30 25 12
2518 719 148 25 décembre
2688 719 64 25 1924.
2773 719 52 25 Ces
2842 719 66 30 prix
2929 720 50 21 ont
2998 719 40 24 été
3058 719 96 24 établis

2415 756 52 25 par
2489 755 57 20 une
2569 749 191 25 Commission
2783 749 151 32 composée
2957 750 34 24 de
3017 749 123 31 représen-

2414 783 77 22 tants
2519 781 34 24 de
2581 781 129 25 maisons
2737 780 35 26 de
2802 785 73 26 gros,
2906 782 33 24 de
2966 781 130 24 maisons
3126 780 27 25 de

2415 811 94 27 détail,
2537 813 34 24 de
2595 811 129 25 maisons
2750 811 17 25 à
2790 811 189 26 succursales,
3005 811 34 24 de
3063 811 77 30 coopé-

2408 843 107 25 ratives
2541 843 26 24 ot
2588 842 35 24 de
2646 843 248 25 consommateurs
2920 842 4 26 .

2438 873 84 25 Cafés
2545 873 136 28 torréfiés,
2705 874 26 22 le
2754 873 86 31 kilog,
2865 874 28 22 15
2915 874 32 22 fr.
2970 874 27 22 GO
3021 874 17 24 à
3059 874 28 22 17
3109 874 45 27 fr.;

2411 904 80 31 pâtes
2523 902 196 26 alimentaires
2754 905 46 28 (en
2830 904 144 31 paquets),
3009 904 26 25 le
3067 904 86 31 Kilog,

2411 937 14 25 4
2447 935 46 26 fr.;
2516 934 128 31 graisses
2666 935 154 28 végétales,
2844 935 25 25 le
2893 934 86 31 kilog,
3002 935 15 25 6
3039 935 33 24 fr.
3097 935 31 24 40
3150 934 4 31 ;

2411 966 167 28 margarine
2597 966 35 24 de
2653 965 85 28 table,
2759 966 25 24 le
2806 966 85 30 kilog,
2914 966 14 24 7
2948 966 33 22 fr.
3004 966 31 24 20
3057 973 6 20 ;
3084 966 57 24 hari-

2412 998 59 22 cots
2489 996 100 25 blancs
2609 996 144 30 (brézins),
2772 997 26 24 le
2816 996 85 31 kilog,
2919 998 15 22 2
2952 997 33 22 fr.
3005 997 31 24 85
3054 1004 6 19 ;
3079 996 74 25 huile

2412 1026 112 28 d'olive,
2548 1026 26 26 le
2596 1026 86 32 kilog,
2705 1028 30 25 10
2757 1028 33 25 fr.
2815 1026 30 26 40
2865 1033 6 21 ;
2894 1026 78 25 huile
2995 1026 112 27 d'olive,
3131 1026 22 26 le

2411 1058 72 28 litre,
2506 1058 15 24 9
2545 1058 34 25 fr.
2606 1058 28 25 35
2659 1065 7 21 ;
2704 1058 79 25 huile
2806 1057 174 28 d'arachide,
3020 1057 27 24 le
3070 1057 84 31 kilog,

2411 1089 13 24 7
2445 1089 34 25 fr.
2502 1089 30 25 35
2552 1096 6 21 ;
2578 1088 78 30 huile
2676 1088 174 27 d'arachide,
2874 1088 26 25 le
2920 1088 72 28 litre,
3012 1089 15 25 6
3047 1088 34 25 fr.
3102 1089 31 24 50
3150 1088 4 30 ;

2411 1119 131 31 vinaigre
2563 1117 122 26 d'alcool
2707 1120 63 30 (7°),
2790 1119 26 25 le
2835 1119 73 27 litre,
2931 1119 13 25 1
2963 1119 34 25 fr.
3018 1119 30 25 30
3069 1117 5 32 ;
3094 1119 45 25 cho-

2411 1150 98 30 colats,
2535 1150 110 25 bonnes
2668 1150 132 32 qualités,
2828 1150 26 24 le
2878 1149 85 31 kilog,
2988 1150 14 24 6
3027 1150 32 24 fr.
3084 1150 31 24 40
3139 1150 14 24 à

2409 1181 14 25 7
2450 1181 33 26 fr.
2510 1188 7 20 ;
2542 1181 145 32 fromages
2713 1181 189 26 camemberts
2933 1181 46 28 (en
3005 1180 97 30 botte),
3129 1181 25 25 la

2411 1211 87 31 pièce,
2517 1212 14 24 2
2549 1212 34 24 fr.
2604 1212 28 24 40
2652 1213 19 24 à.
2686 1213 15 24 2
2719 1213 33 24 fr.
2772 1212 30 25 GO
2822 1219 7 19 :
2848 1217 65 25 gros
2933 1211 85 31 cidre,
3037 1212 26 24 le
3083 1211 71 30 litre,

2409 1245 14 22 0
2440 1244 34 24 fr.
2494 1244 30 24 50
2542 1251 6 20 ;
2565 1243 57 25 bon
2637 1243 51 25 vin
2705 1248 90 25 rouge
2817 1243 61 30 (9°),
2897 1241 26 26 le
2942 1241 73 28 litre,
3033 1244 13 24 1
3065 1243 34 25 fr.
3118 1244 35 26 50;

2411 1278 91 19 savon
2520 1273 28 24 72
2572 1274 34 30 %,
2627 1274 26 22 le
2674 1273 87 31 kilog,
2783 1274 14 25 4
2816 1273 33 25 fr.
2874 1280 6 20 ;
2901 1277 83 20 sucre
3004 1274 79 24 cassé
3103 1279 51 25 par

2408 1303 109 31 paquet
2535 1304 33 25 de
2587 1305 13 24 1
2617 1304 86 30 kilog,
2721 1305 14 24 3
2751 1305 34 24 fr.
2803 1303 38 26 15.

2477 1361 116 99 fk
2607 1374 407 77 4^Ë6ENTÀND

2479 1455 181 34 IrjswßsJr
2819 1485 6 8 „
2992 1466 77 30 «C2a

2440 1519 149 27 CONSEIL
2608 1520 202 27 MUNICIPAL.
2877 1524 35 25 Le
2934 1524 112 25 Conseil
3065 1525 71 25 muni-

2411 1550 74 32 cipal
2511 1551 67 25 s'est
2603 1551 83 26 réuni
2707 1558 74 26 pour
2807 1553 111 25 donner
2942 1559 52 21 son
3021 1553 63 26 avis
3107 1561 46 19 sur

2408 1579 143 32 l'enquête
2574 1583 38 24 du
2634 1584 93 31 projet
2750 1584 33 25 de
2804 1584 157 27 voulevard
2985 1585 112 25 d'accès
3118 1586 24 25 di-

2411 1613 58 24 rect
2492 1611 17 25 à
2530 1612 28 26 la
2580 1618 69 25 gare
2668 1615 52 24 des
2740 1615 130 26 chemins
2895 1616 34 24 de
2950 1617 44 24 fer
3017 1617 34 25 de
3072 1617 81 26 l'Etat

2412 1642 195 32 (voyageurs).
2627 1644 35 26 Le
2682 1645 92 30 projet
2792 1651 17 19 a
2829 1645 43 25 été
2890 1648 71 25 voté.
2983 1648 51 25 Les
3054 1649 83 30 dépen-

2409 1677 45 21 ses
2471 1674 138 26 s'élèvent
2624 1675 74 26 àun
2714 1676 115 25 million
2846 1677 99 25 398.000
2962 1678 105 30 francs,
3084 1684 53 19 som-

2409 1708 45 21 me
2478 1704 57 30 qui,
2561 1707 168 30 empruntée
2753 1714 38 19 au
2816 1708 94 25 Crédit
2935 1709 129 28 Foncier,
3089 1709 50 25 don-

2411 1741 70 19 nera
2499 1735 58 26 lieu
2577 1742 37 18 au
2629 1737 148 30 paiement
2794 1740 86 24 d'une
2900 1741 119 24 annuité
3037 1741 100 25 d'amor-

2408 1766 151 26 tissement
2589 1767 34 26 de
2654 1768 97 25 120.000
2781 1769 99 26 francs
2909 1772 129 27 pendant
3065 1773 89 24 trente

2408 1801 63 20 ans.
2492 1798 24 24 Il
2535 1802 65 20 sera
2617 1799 56 26 fait
2691 1799 63 26 face
2772 1799 19 26 à
2809 1801 53 24 cett
2882 1800 136 26 eannuité
3037 1808 53 25 par
3107 1805 46 24 des

2411 1828 132 24 surtaxes
2564 1827 34 25 dn
2621 1828 115 25 chemin
2758 1831 34 22 de
2813 1831 50 22 fer.

2440 1858 37 25 Le
2506 1858 115 26 Conseil
2647 1859 100 25 décide
2777 1863 111 24 ensuite
2915 1863 30 25 la
2969 1864 184 31 prorogation

2408 1887 51 26 des
2485 1890 80 26 taxes
2590 1891 122 26 d'octroi
2735 1891 139 26 actuelles
2900 1894 128 30 pendant
3053 1900 40 19 un
3118 1902 35 19 an

2409 1918 18 25 ù
2453 1919 91 30 partir
2570 1920 38 25 du
2631 1922 12 22 l
2647 1924 21 15 er
2689 1923 116 28 janvier
2826 1923 58 26 1935
2909 1930 72 24 pour
3006 1926 148 28 permettre

2411 1949 159 27 d'attendre
2593 1951 26 25 le
2641 1952 96 25 décret,
2758 1955 162 26 autorisant
2942 1956 28 26 la
2992 1957 162 31 perception

2411 1981 50 25 des
2481 1982 81 25 taxes
2583 1982 175 25 récemment
2777 1984 103 22 votées.

2832 2233 296 32 Bàgnoles-de-l'Orne

2445 2262 98 25 CiIIEN
2567 2262 223 27 EMPOISONNE.
2863 2268 26 25 M
2916 2269 89 27 Gayot
3026 2270 125 31 Georges*

2411 2293 187 30 propriétaire,
2646 2295 118 26 chassait
2810 2303 50 18 sur
2889 2300 39 25 les
2955 2301 133 30 bruyères
3118 2303 33 22 du

2407 2323 73 26 Haut
2505 2324 32 25 de
2562 2326 144 26 Couterne.
2747 2329 43 25 Un
2817 2329 31 25 de
2875 2335 44 19 ses
2943 2331 92 26 chiens
3059 2334 92 24 rentra

2407 2360 64 21 vers
2497 2357 14 24 6
2541 2356 102 25 heures
2670 2360 37 22 du
2731 2359 56 27 soir
2815 2363 27 24 et
2867 2362 32 24 20
2927 2362 118 25 minutes
3073 2365 78 30 après

2411 2387 117 27 l'anima]
2558 2394 89 19 creva.
2696 2391 109 26 Comme
2837 2393 89 26 c'était
2956 2394 24 26 le
3011 2394 141 31 dcuxièn>c

2407 2419 66 31 qu'il
2498 2420 113 28 perdait,
2635 2420 19 25 il
2679 2421 24 27 le
2726 2424 31 24 fit
2779 2424 139 31 autopsier
2941 2426 26 24 et
2988 2432 34 19 on
3045 2427 92 25 consta-

2408 2451 28 26 ta
2457 2456 35 26 qu
2504 2451 18 26 il
2544 2452 72 26 avait
2635 2451 41 27 é'é
2698 2453 183 32 empoisonné.
2903 2457 155 31 Préjudice,
3080 2458 71 26 1.000

2407 2481 104 30 françs.

2443 2513 40 25 On
2505 2515 148 27 rechfrchs
2676 2516 24 25 le
2726 2517 141 28 coupable.

3018 2554 109 31 Avrilly

2444 2577 72 26 VOL.
2597 2578 38 22 M.
2657 2580 129 26 Chochon
2811 2581 111 26 Marcel,
2948 2582 163 26 cultivateur
3137 2584 12 24 à

2408 2608 26 24 la
2453 2608 122 25 Jaunaie,
2596 2609 66 25 s'est
2681 2615 104 26 aperçu
2806 2611 25 27 le
2852 2614 31 26 16
2906 2614 143 26 décembre
3071 2615 78 31 qu'on

2409 2639 37 26 lui
2466 2640 72 27 avais
2558 2641 131 28 soustrait
2709 2641 32 26 la'
2754 2642 96 26 chaîne
2870 2643 26 25 et
2916 2644 25 25 le
2961 2650 66 21 seau
3052 2647 30 24 de
3103 2652 46 19 son

2408 2669 83 32 puits,
2511 2672 144 30 préjudice
2674 2669 33 30 40
2731 2673 103 27 francs.

2441 2846 92 27 VOICI
2555 2848 87 26 NOËL
2668 2849 7 24 !
2748 2849 37 25 Le
2807 2850 102 27 ComiW
2933 2852 32 25 de
2986 2851 99 25 Dames
3105 2857 30 26 pa-

2408 2876 157 27 troanesses
2587 2881 34 25 de
2642 2878 92 27 l'école
2756 2881 159 27 maternelle
2935 2882 111 28 Roland,
3067 2884 69 25 conti-

2407 2914 86 20 nuera
2510 2910 70 25 cette
2600 2910 84 26 année
2704 2914 27 24 la
2748 2911 158 25 charmante
2926 2914 128 25 tradition
3076 2915 31 25 de
3126 2915 22 25 la

2407 2940 56 25 fête
2486 2941 33 25 de
2541 2941 69 26 Noël
2633 2942 45 31 qui
2700 2948 61 19 sera
2783 2943 107 24 donnés?
2909 2944 25 27 le
2955 2946 76 30 jeudi
3053 2944 32 25 25
3105 2947 30 24 dé-

2408 2972 116 27 cembre,
2548 2973 15 25 à
2585 2974 15 25 3
2623 2973 102 27 heures
2746 2978 28 24 et
2798 2974 87 28 demie
2909 2978 33 25 de
2965 2975 184 31 l'après-midi,

2408 3009 34 18 au
2467 3005 117 24 Théâtre
2609 3006 157 30 Municipal,
2805 3012 65 19 aveo
2893 3007 26 25 le
2942 3012 135 20 concours
3119 3005 30 27 dé

2407 3035 79 27 Mlles
2505 3034 138 31 Berthore,
2662 3037 97 25 Douet,
2779 3037 91 26 Jarrot
2893 3038 26 25 et
2940 3038 111 30 Louve',
3072 3040 26 24 et
3119 3041 30 22 de

2405 3066 116 21 Mories'.

2439 3098 53 25 Les
2517 3099 76 28 loges
2616 3102 27 25 et
2665 3099 26 25 le
2713 3099 97 26 balcon
2832 3102 93 24 seront
2948 3102 123 25 réservés
3098 3107 48 18 aux

2407 3129 94 28 dcipies
2525 3130 176 30 patronesses
2726 3132 26 24 et
2774 3133 17 24 à
2816 3131 74 26 leurs
2914 3132 128 30 familles,
3064 3133 27 25 et
3111 3135 35 24 les

2408 3159 132 25 fauteuils
2568 3159 167 27 d'orchestre
2761 3164 27 21 et
2813 3163 25 27 le
2865 3164 133 30 pourtour
3025 3170 54 19 aux
3106 3169 27 27 pa-

2407 3191 76 28 rents
2510 3194 48 22 des
2582 3193 118 28 enfants,
2730 3195 38 22 les
2796 3193 91 31 places
2915 3196 136 25 restantes
3078 3195 69 25 étant

2406 3223 84 25 mises
2513 3226 17 27 à
2552 3224 26 25 la
2604 3222 158 33 disposition
2791 3227 35 24 du
2855 3226 91 30 public
2972 3233 34 19 au
3032 3227 60 33 prix
3118 3228 28 24 de

2407 3255 15 24 2
2447 3255 102 26 franoa.
2576 3255 136 28 Location,
2738 3256 32 25 50
2797 3257 138 25 centimes.

2440 3298 154 26 FANFARE
2635 3300 45 25 DE
2721 3301 110 26 FLERS.
2911 3302 39 25 La
2975 3302 116 27 Fanfare
3119 3304 27 24 de

2405 3328 76 26 Fiers
2503 3332 120 22 donnera
2647 3332 25 25 le
2693 3332 144 25 dimanche
2857 3333 32 26 21
2915 3333 142 25 décembre
3077 3333 70 28 1924,

2405 3360 15 25 à
2447 3364 15 24 4
2491 3361 99 28 heures
2620 3363 128 30 précisés,
2794 3369 34 20 au
2857 3364 105 27 théâtre
2993 3364 154 33 municipal,

2406 3398 53 20 une
2481 3393 105 30 grande
2611 3393 116 25 matinée
2752 3396 111 25 concert
2882 3402 65 22 spus
2970 3397 27 25 la
3018 3396 129 26 direction

2406 3425 33 22 de
2460 3425 37 24 M.
2517 3425 97 30 Pcyré,
2635 3425 26 25 et
2686 3431 66 20 avec
2776 3428 24 25 le
2823 3431 133 20 concours
2980 3428 47 26 des
3051 3428 83 25 Vailié-

2406 3455 61 25 riss'
2492 3456 45 32 qui
2564 3457 155 24 donneront
2744 3464 34 19 au
2804 3456 92 32 publia
2921 3457 93 26 Aérien
3039 3459 26 24 la
3090 3464 43 26 pre-

2406 3485 84 26 mière
2516 3488 216 30 représentation
2778 3490 38 25 du
2845 3490 103 25 Moulin
2976 3490 33 24 de
3038 3490 109 26 Javelle,

2404 3516 230 33 opéra-comique,
2666 3521 79 28 qu'ils
2778 3521 209 32 interpréteront
3019 3528 33 19 au
3085 3528 46 18 con-

2406 3554 80 21 cours
2515 3550 32 28 de
2575 3550 172 33 Strasbourg,
2778 3554 26 27 et
2830 3553 35 26 de
2891 3553 139 31 plusieurs
3057 3554 90 25 autres

2406 3581 138 24 amateurs
2567 3583 33 21 de
2621 3583 26 21 la
2668 3582 111 22 Société.

2437 3613 178 31 Programme
2642 3613 5 33 :
2670 3615 20 25 1.
2712 3614 125 32 Eomont,
2857 3617 148 25 ouverture
3027 3617 102 28 (Beetho-

2405 3645 73 28 ven),
2499 3645 118 25 Fanfare
2647 3653 6 20 ;
2680 3646 22 26 2.
2726 3647 26 28 a)
2779 3647 122 26 MirtHUe.
2923 3647 220 26 Trahir-Vincent

2406 3677 151 30 (Gouncd),
2581 3677 27 30 b)
2633 3678 136 24 Sérénade
2790 3679 143 28 Française
2955 3679 38 26 (L.
3014 3678 129 32 Cavallo),

2404 3707 70 25 Mme
2493 3707 128 25 Richeval
2647 3715 7 24 ;
2674 3710 24 25 3.
2718 3710 38 25 Le
2772 3711 71 25 Jour
2861 3711 27 24 >'t
2903 3710 27 25 la
2947 3711 74 27 Nuit,
3039 3715 87 20 roman-

2404 3745 30 19 ce
2454 3739 57 28 (Ch.
2530 3741 111 30 Lecaql,
2657 3742 35 25 M.
2713 3741 116 25 Roussel
2854 3746 7 22 ;
2883 3741 24 25 4.
2927 3739 144 32 Fantaisie,
3090 3742 40 31 pol-

2402 3770 35 24 ka
2461 3776 71 25 pour
2556 3771 163 28 clarinettes,
2740 3771 162 28 violoncelle
2926 3774 26 25 et
2973 3772 87 31 piano.
3084 3774 59 24 MM.

2404 3802 94 32 Peyré.
2523 3802 105 27 Quiers,
2652 3803 64 25 Mlle
2739 3803 76 30 Lucy
2836 3803 115 30 Arnaud,
2973 3807 35 24 M.
3031 3806 97 25 Rousse-

2404 3834 38 22 lot
2469 3841 6 18 :
2498 3835 24 22 5.
2543 3829 37 35 a)'
2590 3834 126 28 Lackmé,
2738 3835 39 24 air
2797 3835 47 24 des
2865 3834 152 27 Cloche'les
3041 3835 37 28 (L.
3097 3835 31 25 De-

2404 3865 76 30 libes)
2491 3869 6 24 ;
2526 3866 28 28 h)
2585 3866 133 25 Werther,
2745 3866 100 24 Ariette
2876 3866 175 28 (Massenet),
3076 3868 67 22 Mme

2402 3896 128 24 Richeval
2557 3901 7 24 ;
2589 3895 22 25 G.
2630 3896 106 28 M'orlss,
2761 3898 66 24 dans
2849 3902 50 19 son
2916 3896 149 31 répertoire
3093 3904 6 22 ;
3123 3898 20 25 7.

2401 3927 167 30 Sympathie,
2590 3927 77 25 valse
2692 3928 35 31 (L.
2752 3928 154 31 Reynaud),
2930 3928 124 25 Fanfare.

2435 3960 35 27 Le
2494 3959 104 26 Mouttîi
2620 3960 33 22 d»
2675 3959 112 26 Javelle,
2810 3959 226 32 opéra-comiquo,
3053 3966 31 19 en
3109 3966 34 19 un

2404 3992 65 30 acte,
2491 3991 32 27 de
2546 3990 261 27 Grenet-Daucourt.
2825 3990 125 34 Musique
2973 3992 33 25 de
3026 3992 32 25 P.
3077 3992 50 26 Hen-

2404 4022 66 21 rion.

2439 4069 177 26 Distribution
2648 4074 8 19 :
2686 4070 110 26 Colviis,
2822 4070 145 26 meunière,
3008 4070 71 26 Mme
3105 4070 27 25 Ri-

2406 4101 94 26 cheval
2529 4108 6 19 :
2558 4101 149 32 jolUcœur,
2732 4103 111 28 sergent
2865 4107 54 20 aux
2942 4102 103 25 Gardes
3065 4103 65 22 Fran-

2405 4131 94 31 çaises,
2526 4133 34 24 M.
2588 4131 145 27 Bonvoisin
2765 4137 6 25 ;
2799 4133 118 30 Chirlot,
2943 4137 102 26 garçon
3071 4137 57 19 meu-

2405 4163 66 31 nier,
2491 4166 35 22 M.
2549 4163 159 28 Chevallier.

2438 4194 66 27 Prix
2523 4195 47 25 des
2587 4194 92 31 places
2705 4201 6 17 :
2732 4194 94 31 Liges,
2845 4195 141 31 pourtour,
3006 4195 139 27 fauteuils,

2405 4227 112 26 ba'cons
2538 4227 26 26 et
2585 4225 102 28 stalles,
2709 4227 15 25 3
2745 4226 35 27 îr.
2804 4227 31 25 50
2862 4233 7 19 :
2895 4226 125 31 galeries,
3044 4227 87 26 parter-

2402 4264 37 21 re,
2459 4258 215 31 amphithéâtre.-
2686 4259 14 24 2
2725 4258 33 24 fr.
2780 4258 136 27 Location,
2937 4259 15 25 0
2975 4258 34 26 fr.
3032 4258 39 24 50.
3093 4258 51 22 Les

2401 4289 90 25 billets
2519 4289 91 25 seront
2634 4289 106 25 vendus
2769 4296 35 18 au
2830 4290 104 24 bureau
2965 4290 37 24 du
3030 4287 113 26 théâtre.

2415 4587 287 35 ARRESTATION
2724 4589 97 34 D'UN
2844 4586 287 37 CAMBRIOLEUR

2428 4683 52 25 Les
2504 4683 72 28 gond
2581 4688 93 21 armes
2696 4683 34 24 (Te
2752 4683 94 25 Laval,
2870 4688 67 22 sous
2961 4683 27 25 la
3008 4682 135 25 conduite

2400 4714 33 27 da
2461 4714 163 30 l'adjudant
2655 4713 113 28 Guillot,
2800 4715 48 24 ont
2878 4713 120 31 procédé
3040 4713 102 30 mardi,

2400 4744 72 25 dans
2496 4746 28 25 la
2545 4746 102 27 «oirée,
2669 4750 37 19 en
2728 4750 69 25 gare
2818 4746 34 28 (le
2877 4744 93 28 Laval,
2995 4744 18 24 à
3033 4743 97 26 l'arrss-

2402 4776 90 26 tation
2512 4778 71 24 d'un
2603 4776 132 30 indiyldn
2754 4776 100 25 trouvé
2875 4776 80 25 muni
2974 4775 71 26 d'un
3066 4776 65 25 outil-

2398 4808 61 30 lage
2480 4808 123 31 complet
2624 4808 33 25 de
2679 4807 200 26 cambrioleur.
2903 4807 22 26 Il
2946 4814 15 18 a
2983 4807 43 25 été
3046 4807 56 26 mis
3123 4814 17 19 a

2405 4839 27 26 la
2451 4840 174 27 disposition
2643 4840 40 25 du
2704 4840 132 27 Parquet,
2857 4839 146 28 mercredi,
3027 4840 71 24 dans
3119 4840 24 24 la

3237 666 35 39 A
3301 666 211 43 PROPOS
3541 666 73 39 DU
3639 665 272 41 THEATRE-

3224 745 52 25 Les
3295 746 144 24 amateurs
3457 746 33 24 de
3509 744 92 25 beaux
3619 744 156 32 spectacles
3794 745 47 24 ont
3861 749 63 19 cons-

3196 777 65 26 taté,
3282 777 81 24 lundi
3384 782 111 20 encore,
3515 782 69 18 avec
3604 780 100 25 regret,
3725 781 54 24 que
3801 776 39 22 les
3861 775 63 24 meil-

3195 808 93 24 leures
3306 808 133 24 tournées
3458 807 155 26 théâtrales
3632 807 50 30 qui
3699 807 149 25 devraient
3866 804 73 25 faire

3196 837 71 26 salle
3296 839 110 24 comble
3437 844 84 24 parce
3550 837 120 31 qu'elles
3700 837 168 31 produisent
3898 836 41 25 ies

3197 869 144 25 meilleurs
3363 870 113 24 artistes
3495 870 26 24 et
3541 870 41 24 les
3601 869 125 25 vedette»
3745 869 51 25 des
3815 868 125 30 grandes

3195 901 99 25 scènes
3319 901 189 30 parisiennes,
3531 901 73 26 dans
3628 901 41 25 les
3692 901 78 25 toute
3791 900 148 25 dernières

3196 932 151 28 créations,
3376 938 35 17 ne
3436 933 117 24 doivent
3579 933 64 28 plus
3669 932 109 25 arriver
3802 932 17 22 à
3844 937 79 20 recou-

3196 967 65 19 vrer
3279 963 77 24 leurs
3372 963 133 28 débours,
3527 961 184 32 puisqu'elles
3730 967 35 19 ne
3785 961 63 24 font
3865 959 74 34 plus,

3197 998 18 20 a
3233 992 96 28 Laval,
3350 993 28 25 la
3398 993 72 26 forte
3490 993 103 27 recette

3227 1024 76 25 Pour
3331 1030 72 19 nous
3430 1024 72 26 faire
3528 1031 58 19 une
3612 1025 126 30 opinion,
3768 1030 72 20 nous
3867 1030 72 20 nous

3195 1061 124 18 sommes
3344 1056 131 24 adresser
3497 1057 18 24 à
3537 1056 50 24 des
3607 1061 158 24 personnes
3789 1062 53 22 que
3865 1062 76 18 nous

3195 1087 122 28 voyions
3341 1091 102 20 encore
3469 1087 111 27 l'année
3604 1087 132 26 dernière
3758 1088 18 24 à
3797 1088 142 24 certaines

3195 1116 96 31 plaoes
3324 1117 185 30 aujourd'hui
3543 1116 162 31 délaissées,
3739 1121 25 22 et
3797 1119 76 25 voici
3902 1123 38 21 e.-i

3197 1148 152 26 substance
3372 1155 31 19 ce
3429 1149 86 31 qu'on
3541 1155 72 19 nous
3639 1156 17 18 a
3681 1148 129 33 répondu
3829 1159 7 15 :

3280 1189 11 12 «
3319 1180 145 31 Pourquoi
3494 1186 72 20 nous
3594 1181 129 26 boudons
3750 1181 26 26 Je
3802 1181 107 26 théâtre
3926 1181 14 25 T

3196 1211 40 22 lin
3261 1211 65 30 plus
3351 1212 40 22 du
3417 1211 74 25 froid
3517 1214 48 26 qui
3593 1218 72 18 nous
3691 1213 90 27 saisit,
3806 1219 35 18 en
3867 1214 73 24 cette

3195 1241 106 26 saison,
3322 1241 67 25 sitôt
3407 1241 27 26 le
3456 1246 92 26 grand
3570 1244 100 24 rideau
3691 1243 70 27 levé,
3784 1245 107 28 malgré
3913 1246 27 22 ie

3202 1281 12 11 «
3227 1272 132 25 tambour
3378 1284 11 9 »
3411 1273 115 25 installé
3544 1273 100 31 depuis
3665 1279 63 26 peu,
3750 1279 83 25 parce
3853 1274 87 31 qu'on

3195 1307 35 19 ne
3249 1304 91 28 prend
3357 1305 80 27 point
3456 1305 40 25 les
3515 1305 183 30 précautions
3717 1306 176 25 nécessaires
3912 1309 27 22 et

3197 1338 53 25 que
3274 1336 27 24 la
3325 1335 71 25 salle
3419 1337 43 24 est
3485 1337 244 24 insuffisamment
3756 1338 137 27 chauffée,
3919 1338 22 25 il

3196 1365 91 25 existe
3313 1371 57 19 uno
3398 1368 79 24 autre
3504 1372 96 20 cause.
3632 1368 150 26 Consultez
3809 1369 41 24 les
3880 1369 50 25 affi-

3195 1396 76 27 ches,
3288 1402 71 19 vous
3378 1398 176 24 constaterez
3573 1404 53 24 que
3645 1398 25 25 le
3685 1400 65 30 prix
3769 1400 47 24 des
3834 1401 105 30 place;,

3196 1431 35 18 au
3254 1429 125 28 parterre
3400 1429 41 24 est
3463 1429 34 24 de
3520 1429 14 24 3
3555 1429 26 24 fr
3609 1430 32 25 60
3660 1433 26 22 et
3709 1435 57 20 aux
3787 1431 97 24 stalles
3906 1431 33 24 d
3940 1429 1 28 3

3198 1460 14 24 5
3229 1457 34 25 fr.
3288 1459 37 24 35.

3223 1499 11 12 «
3267 1489 144 31 Pourquoi
3442 1492 72 22 cette
3544 1493 155 24 différence
3717 1494 13 24 ?
3759 1494 51 25 Les
3839 1494 99 25 stalles

3195 1526 34 19 ne
3252 1526 30 19 se
3305 1521 248 28 composent-elles
3575 1528 53 25 pas
3648 1524 35 24 de
3707 1525 93 28 sièges
3823 1525 86 25 isolés
3925 1526 14 24 ?

3195 1551 39 25 Or
3257 1551 41 25 les
3319 1552 99 28 places
3442 1554 47 28 qui
3515 1558 72 20 nous
3612 1556 64 24 soait
3698 1556 97 25 louées
3817 1560 67 21 sous
3908 1563 33 19 ce

3191 1583 109 26 nom-lit
3320 1589 38 19 ne
3378 1585 64 24 sont
3463 1590 51 24 pas
3534 1586 80 24 autre
3634 1585 87 26 chose
3743 1592 53 24 que
3815 1587 41 24 les
3876 1593 46 25 pre-

3191 1612 87 27 miers
3305 1619 87 25 rangs
3420 1616 37 24 du
3483 1617 139 27 Parterre,
3651 1619 66 22 sans
3745 1624 117 20 aucune,
3881 1618 43 25 dis-

3195 1644 119 26 tinction
3339 1651 67 19 avec
3431 1646 40 24 les
3495 1648 129 25 derniers
3647 1654 94 25 rangs.

3223 1685 11 12 «
3260 1676 59 27 Que
3343 1676 58 24 l'on
3425 1677 135 31 applique
3583 1684 40 19 un
3647 1681 64 28 prix
3735 1682 107 28 unique
3866 1688 73 24 pour

3191 1707 21 24 te
3221 1707 31 24 ut
3274 1708 26 24 le
3325 1709 132 24 Parterre
3481 1709 47 30 qui
3553 1709 122 26 descend
3698 1710 156 32 jusqu'aux
3876 1713 46 25 fau-

3195 1737 85 26 teuils
3308 1739 184 30 d'orchestre,
3524 1742 26 24 et
3580 1741 18 25 à
3626 1742 110 31 chaque
3767 1743 158 30 représenta-

3195 1768 59 25 tion
3282 1769 27 25 la
3337 1770 71 24 salle
3435 1775 64 20 sera
3526 1773 118 27 comble,
3670 1774 120 33 puisque
3819 1781 30 19 ce
3875 1778 66 24 sont

3191 1801 111 24 surtout
3318 1801 43 24 les
3377 1801 96 31 places
3490 1802 168 31 auxquelles
3674 1805 58 24 l'on
3748 1807 94 22 donne
3861 1812 57 25 pom-

3195 1833 168 26 peusement
3390 1833 26 24 le
3444 1839 67 19 nom
3541 1835 47 24 des
3617 1835 83 24 talles
3725 1838 50 28 qui
3803 1839 64 22 sont
3894 1839 31 25 dé-

3195 1863 125 27 laissées,
3344 1865 17 24 t
3378 1865 100 25 raison
3501 1866 33 24 de
3554 1866 77 25 leurs
3652 1867 64 31 prix
3736 1869 61 30 trop
3820 1869 83 24 élevé.
3926 1879 13 12 »

3223 1893 35 25 Ce
3285 1894 216 26 raisonnement
3526 1898 100 24 n'a-t-il
3652 1898 78 30 point
3755 1905 32 19 sa
3809 1899 102 25 valeur
3926 1899 14 25 T

3221 1924 24 25 Il
3267 1928 104 28 parait,
3392 1932 37 19 en
3452 1928 74 28 effet,
3552 1929 117 26 difficile
3691 1930 209 27 de,continuer
3920 1931 18 25 k

3195 1956 98 30 exiger
3319 1963 57 19 une
3403 1957 158 27 différence
3586 1961 26 24 si
3639 1961 125 25 sensiblo
3790 1964 79 24 entre
3899 1964 40 25 le*

3194 1988 137 30 premiers
3356 1990 26 22 et
3406 1989 40 26 les
3471 1990 129 26 derniers
3622 1997 87 24 rangs
3733 1994 37 24 du
3797 1994 138 28 Parterre,

3191 2017 152 31 fuisqu'en
3364 2021 77 27 effet,
3462 2021 40 26 les
3522 2022 98 26 stalles
3641 2022 155 26 n'existant
3816 2030 58 25 pas,
3899 2031 37 19 au

3193 2048 123 26 théâtre
3331 2052 35 25 de
3386 2050 96 27 Laval.
3824 2055 30 26 G.
3876 2056 28 25 C.

3220 2127 253 27 CYLINDRAGES.
3553 2131 53 27 Des
3630 2131 184 32 cylindrages
3836 2134 97 25 seront

3195 2158 132 25 exécutés
3345 2159 73 24 dans
3436 2159 28 24 la
3482 2163 129 22 semaine
3627 2164 40 22 du
3683 2164 31 22 22
3731 2170 35 19 au
3783 2164 30 25 38
3830 2165 86 25 décem-

3194 2187 50 25 bre
3262 2194 52 19 sur
3333 2190 41 26 les
3393 2190 129 30 portions
3543 2193 34 24 de
3598 2193 97 24 routes
3715 2193 120 30 ci-après
3855 2187 5 35 :

1749 4850 18 19 [0

2205 5014 165 31 v^gjjJßÎK^V

1781 5160 116 43 My
1911 5165 21 28 *

1781 5190 151 32 Ss®sasni

2246 5200 9 33 i
2339 5204 11 27 >

2494 4980 136 57 mm
2674 4978 168 57 mm
2887 4978 217 57 intérêt

2694 5068 124 32 achetez
2845 5076 57 22 vos

2467 5140 260 73 MEUBLES
2781 5138 70 74 ET
2908 5138 217 74 LITERIE

2456 5310 11 34 -
2458 5248 19 40 4
2478 5250 112 100 .M
2596 5256 38 34 ,a
2661 5232 480 122 SÉNÉCHAL

2456 5381 30 35 la
2509 5379 139 39 PLUS
2672 5379 359 41 IMPORTANTE
3057 5380 57 39 FA-

2457 5432 204 45 BRIQUE
2702 5433 73 38 DU
2818 5432 168 44 MANS,
3027 5447 41 26 an
3111 5435 30 43 8,

2453 5486 90 47 place
2574 5485 159 40 d'Arcole.
2844 5486 248 39 MAGASIN
3128 5494 13 31 :

2452 5541 32 38 2.
2503 5537 67 41 Rue
2589 5538 40 40 de
2647 5539 250 47 Qqatre-Rouer
2916 5538 67 43 Tél.
3001 5541 92 40 7.90.

3193 2311 219 32 PHFVÛHY
3437 2315 19 19 °
3457 2317 15 17 n
3498 2315 123 21 demande
3645 2320 93 17 comte
3765 2317 154 22 REPRES&.V-

3459 2342 79 22 TANT
3562 2348 64 20 pour
3648 2344 86 20 visiter
3756 2346 123 24 eUtAtCe.
3902 2352 37 17 ai

3190 2367 104 21 homme
3311 2368 71 21 sobre
3399 2370 25 19 et
3443 2369 116 25 honnête,
3579 2373 78 22 ayant
3676 2373 126 25 e.-;;-.aclt*s
3819 2376 119 19 io.'.ira-r.

3190 2395 77 20 c.ales
3282 2401 65 20 pour
3363 2396 70 25 place
3450 2396 80 22 stable
3546 2400 22 18 et
3586 2398 117 22 d'avenir
3718 2395 5 27 .
3736 2404 22 17 n-
3770 2407 11 13 >
3798 2405 139 18 commorc»

3191 2420 31 21 de
3242 2421 119 22 chevaux.
3384 2424 145 21 Références
3548 2426 48 20 très
3617 2426 120 21 s£r.iuvs
3757 2427 104 25 rxlséss.
3882 2427 43 22 Inu-

3190 2448 45 21 tile
3255 2447 80 22 écrire,
3353 2454 33 17 ou
3407 2454 24 18 se
3451 2452 130 24 présenter
3600 2453 20 20 ,-i
3639 2458 34 18 on
3694 2458 30 15 ne
3744 2453 93 26 répond
3857 2459 44 20 pas
3921 2456 17 21 à

3189 2476 84 21 toutes
3295 2480 39 18 ces
3357 2478 149 22 conditions.
3528 2479 209 24 OAITUARDOT
3761 2483 22 20 et
3807 2483 128 25 VEÏRET,

3189 2503 126 24 Chevaux.
3339 2505 201 24 Crépy-cn-Vïioi
3544 2512 9 14 j
3574 2507 37 21 (os
3625 2512 11 15 r
3840 2511 96 21 58W7-D

3236 2558 259 97 Estomac
3535 2570 53 85 e!
3626 2564 267 96 intesttos

3221 2678 40 24 Ua
3278 2679 133 25 méthode
3429 2681 37 24 dit
3488 2682 21 24 R
3513 2686 9 11 1-
3542 2682 149 24 GILBERT
3711 2689 98 20 assure
3828 2685 27 30 Ifi
3873 2686 52 30 giié-

3190 2708 80 26 rison
3287 2711 92 30 quelle
3398 2719 25 19 <•;:
3431 2720 21 17 .0
3470 2713 56 24 soit
3542 2714 30 22 la
3587 2714 111 30 gravité
3717 2714 33 26 de
3767 2715 30 25 la
3811 2717 126 26 maladie

3191 2741 93 25 même
3306 2741 43 25 s'il
3369 2744 84 30 s'unit
3474 2745 131 26 d'ulcère.
3678 2747 211 27 Consultations
3912 2748 25 25 le

3191 2772 30 25 20
3242 2773 158 28 décembre,
3468 2777 119 28 LAVAL,
3612 2778 34 27 H,
3672 2784 50 20 rue
3746 2778 34 25 de
3804 2779 26 24 la
3855 2779 79 26 Paix.

3247 2832 320 58 LUNETTERIE
3593 2865 33 14 -
3654 2838 220 56 OPTIQUE

3189 2903 247 39 £R]RO\V4I
3474 2906 139 30 Opticien,
3628 2907 86 25 XJB
3731 2908 202 27 MCAJPS

3189 2928 169 32 tmlßVll
3367 2928 89 34 V/IL»
3470 2939 15 24 8
3507 2937 51 27 bis.
3580 2943 45 19 av.
3646 2939 109 25 Thiers.
3777 2940 28 24 R.
3822 2940 26 26 C.
3866 2942 66 24 1.0T3

3190 2966 143 24 Lunettes.
3373 2966 159 27 Pince-Nez.
3576 2968 187 27 Baromitres.
3802 2969 130 32 Compas.

3189 2995 202 26 Alcoomètres.
3428 2998 119 26 Articles
3582 3000 98 25 Photo.
3716 3001 146 28 Appareils
3895 3004 35 22 de

3189 3027 32 26 T.
3241 3027 26 25 S.
3287 3027 28 24 F.
3333 3040 27 8 -
3379 3028 52 26 N'A
3452 3030 65 26 PAS
3537 3031 45 24 DE
3600 3031 196 25 VOYAGEUR.

3188 3084 156 59 achat
3359 3086 572 63 M\mmm*«y2ïïsr

3187 3150 120 24 anciens
3324 3152 27 22 et
3370 3151 159 24 modernes.
3591 3151 30 26 G.
3640 3152 120 28 MOHIN,
3778 3152 22 30 G,
3819 3158 50 19 rue
3887 3154 31 24 Hi-

3188 3178 152 31 chebourg,
3359 3181 35 24 Lo
3411 3182 90 25 Mans.
3520 3182 35 24 Se
3573 3183 67 24 rend
3659 3185 24 20 s'
3702 3183 33 27 pl.
3755 3187 14 24 a
3788 3188 44 20 ses
3848 3184 79 26 fr«is.

3190 3240 38 67 !«
3256 3249 33 56 A
3337 3250 70 54 II

3257 3269 32 35 R
3337 3269 70 35 irK
3457 3268 379 40 mKIJMERRB
3863 3272 22 37 J)

3268 3312 37 27 10,
3330 3313 69 24 RUE
3424 3313 224 30 MARCHANDE,
3676 3314 40 22 LE
3742 3313 92 24 MANS

3302 3344 182 30 Confections
3508 3352 6 15 :
3540 3346 109 27 Dames.
3674 3347 124 22 Fillettes

3356 3377 161 24 MESURES
3582 3377 159 25 COUTURE

3441 3407 69 25 Prix
3528 3406 131 27 modérés

3233 3444 4 35 ;
3286 3444 89 35 -fiffr
3391 3444 148 35 nrVa^i

3696 3444 58 15 Xld.v
3765 3450 14 8 o
3785 3445 12 14 t
3802 3449 11 9 «
3821 3444 2 15 •
3829 3445 12 14 V
3846 3445 38 13 iv.
3895 3444 5 15 »

3588 3663 322 72 cl'Âïiaîyses

3183 3743 144 59 FU
3341 3743 22 14 flk
3380 3744 51 15 an
3444 3744 31 14 SK
3483 3743 15 15 fl
3575 3738 89 21 Docteur
3698 3746 24 13 en
3759 3738 113 20 Phirmscie

3229 3784 14 4 _
3291 3759 79 26 Msa
3381 3759 48 32 îfM
3444 3759 26 34 Bj
3484 3764 34 25 S—
3575 3765 54 25 A=C.
3639 3764 37 22 EU
3678 3772 22 13 vu
3710 3764 73 24 Institut
3795 3764 79 22 Partent

3230 3784 14 14 ■
3289 3777 141 21 iirugca
3443 3777 74 22 faaa
3672 3791 45 22 pris
3737 3790 20 22 ls
3777 3789 96 24 Tlibaul

3189 3829 124 21 URINE
3393 3828 105 22 SANO
3580 3823 301 26 QACTÊRIOLOOf
3891 3826 19 21 H

3189 3855 79 21 LAIT
3306 3862 24 5 -
3369 3855 66 25 EAg
3534 3854 128 22 CIDRES
3759 3852 150 22 ENGRAIS

3189 3888 40 21 10.
3250 3888 70 21 Plaça
3340 3888 81 21 Toléra
3442 3900 9 8 .
3475 3888 40 21 LE
3528 3887 99 22 MANS
3664 3895 25 6 -
3722 3883 117 26 TtUphoa»
3850 3885 60 25 B*l2

3182 4258 170 25 Paraissant
3372 4259 73 24 dans
3467 4261 52 21 nos
3540 4258 128 25 Editions
3689 4259 35 22 de
3744 4257 178 31 Normandie,

3215 4289 59 24 lues
3292 4289 73 24 dans
3385 4298 11 11 •
3417 4290 40 24 LA
3476 4286 148 31 SARTHE,
3643 4286 131 30 L'ORME,
3793 4289 41 25 LE
3852 4287 71 25 CAL*

3215 4316 123 32 VA9OS,
3359 4319 41 25 LA
3424 4318 143 26 MANCHE
3591 4319 41 24 ET
3654 4319 41 25 LA
3717 4318 164 26 MAYENNE

3214 4348 53 26 Ne*
3293 4351 154 24 Anuoncîï
3471 4350 207 28 Economiques
3704 4352 65 21 tant
3795 4351 128 26 toujuurt

3185 4385 133 28 paj/ûOle»
3341 4384 148 24 (t'avance.

3230 4420 161 39 Mùnntcm
3416 4434 60 32 par
3498 4422 150 37 insertion
3678 4434 13 25 :
3717 4422 22 35 2
3762 4420 43 39 h.
3829 4420 46 40 59
3919 4420 4 46 .

3189 4491 100 24 revrie.
3319 4491 148 24 Menuiserie
3495 4491 142 26 mécanique
3665 4491 109 26 Aiaaçoa
3802 4489 118 21 dem«n<l«

3228 4524 65 21 bons
3313 4524 156 24 menuisiers,
3493 4522 61 22 fci>ns
3576 4524 111 22 salaires,
3710 4522 125 25 losement
3855 4526 65 22 pour

3189 4550 102 22 familie.
3800 4548 123 22 iî24J-AB

3187 4590 21 20 □
3214 4587 45 21 cite
3285 4590 118 19 siiuitian
3424 4590 61 19 uiiei
3493 4590 22 19 le
3540 4589 13 21 4
3578 4589 113 24 emptoy*
3713 4587 129 25 intereê»*,
3866 4591 35 18 ma-

3228 4622 44 24 rié,
3294 4622 136 25 pcssâda-nt
3450 4622 87 24 capital
3561 4622 130 20 mluUnuia
3713 4622 79 20 13.000
3813 4622 41 24 rr.,
3874 4624 30 19 »u-

3184 4649 77 25 -pei-je
3283 4649 126 26 logemciK
3430 4649 98 25 gratuit,
3550 4654 59 18 avec
3631 4650 61 24 petit
3712 4649 76 25 dûjjût
3809 4650 65 25 vlna;
3899 4650 21 20 st

3187 4677 139 22 célibataire
3365 4676 174 25 trraprgeiùenc
3702 4681 57 18 avec
3795 4680 125 21 promesse

3183 4710 137 21 voyageur.
3345 4707 78 20 S'adr.
3446 4707 195 22 l'Ouest-Eclair.
3813 4707 110 25 liffll-AB

3182 4742 120 22 Poinmis
3326 4744 111 20 boucher
3459 4744 106 20 sachant
3589 4746 129 19 l'abattoir
3743 4747 34 20 est
3798 4746 123 22 demande

3182 4765 27 19 w
3231 4772 57 20 chez
3318 4772 93 24 Plante,
3443 4772 320 25 Sl-Hilaire-du-Harcouët.
3810 4775 111 21 MMI-A5

3187 4807 123 34 ppvjiws,
3338 4807 125 27 raîvi.oni,
3488 4808 125 22 hôteliers,
3639 4809 79 21 beaut
3746 4812 54 20 vifts
3828 4814 91 19 rouges

3228 4839 109 24 envoyés
3363 4839 161 22 ili.-jctotraont
3549 4840 118 22 vigneron
3691 4841 44 21 dea
3761 4841 123 25 Pyrénées
3912 4847 7 17 :

3184 4867 9 20 1
3215 4867 31 20 rr.
3267 4867 27 20 M
3314 4867 24 21 I«
3357 4867 65 22 i'.tr»,
3442 4869 70 22 rtfari»
3528 4870 25 19 ft
3573 4870 54 22 pert
3645 4867 85 25 piyfes;
3751 4873 31 15 en
3802 4870 117 24 bsrrlcjuo

3184 4894 40 20 vin
3244 4894 71 21 blanc
3333 4894 135 26 aupérleur
3485 4896 94 24 cmojré
3599 4896 27 20 de
3647 4896 105 22 âaumur
3769 4897 13 20 h
3803 4898 6 19 I
3833 4898 28 20 fr.
3880 4897 38 21 73.

3185 4922 203 21 Etablisse;!nents
3415 4922 94 24 PojTie,
3535 4923 14 22 &
3575 4923 77 21 Laval.
3817 4924 102 21 1&893-E

3191 4961 76 19 leuai-o
3292 4959 96 20 homme
3416 4959 24 20 il!
3465 4961 13 19 à
3504 4961 25 19 17
3554 4964 45 17 ans
3620 4961 122 21 deawiwM
3764 4964 64 21 pour
3853 4965 48 18 com-

3228 4994 83 18 merco
3338 4994 105 20 rayacat
3469 4991 32 21 <ie
3527 4993 74 22 suite;
3630 4993 141 20 deo»o!'3«lle
3797 4994 27 19 23
3852 4994 13 19 t
3892 4994 27 19 10

3183 5021 45 18 ans
3247 5019 100 20 saoton.;
3365 5020 104 19 coWJre
3488 5021 22 18 M
3528 5020 80 20 vente.
3631 5020 60 21 Bons
3711 5020 207 26 appoicîem«i!i,

3184 5046 70 25 loyéo
3273 5048 22 19 et
3313 5046 109 20 nourrie.
3442 5046 142 25 S'tirefstr
3600 5046 32 21 X»
3652 5047 72 21 3.3W,
3743 5047 175 24 Ouest-Eclair,

3183 5073 32 21 Le
3239 5073 74 21 Mans.
3794 5074 124 21 7SÎHAK

3190 5112 76 21 leuuo
3294 5111 97 21 hunciie
3417 5111 27 20 ii
3475 5114 43 19 uns
3547 5111 105 24 ciu-nvhe
3677 5112 90 26 emploi
3795 5113 14 20 à
3835 5112 80 25 i*vti,

3183 5132 13 20 1
3226 5145 60 18 îibs
3313 5141 193 26 conaaJasßoew
3535 5143 124 25 sprcUies.
3690 5143 126 26 nîpcodre
3848 5144 54 21 Cote-

3184 5170 65 22 leste,
3280 5169 175 24 Ouesi-Eclair.
3481 5170 80 20 Laval.
3797 5169 122 22 15910-.VK

3183 5209 103 32 pantpn
3306 5206 122 21 si-Se-vor.
3450 5207 148 24 Mdnaçtrw,
3620 5209 43 19 rut
3666 5212 25 15 m
3712 5210 44 18 vos
3775 5206 142 27 provMlon»

3226 5237 22 24 ic
3272 5237 91 22 iiinedi
3385 5235 22 28 M
3474 5235 21 28 4
3517 5235 285 28 l'EcejKmiKjuc
3826 5238 31 22 de
3876 5238 26 22 li-

3184 5267 28 20 se
3217 5270 41 17 ver
3280 5265 32 21 o(i
3333 5269 59 18 aura
3416 5267 48 21 lisu
3489 5270 46 19 ium
3559 5268 71 19 vtynte
3652 5265 104 24 rtotome
3778 5259 141 31 seoiatiôn»

3183 5294 71 20 îv*Ho.
3280 5293 67 26 Vçtis
3371 5294 131 24 preJltefez
3527 5298 26 17 c*
3578 5294 93 24 Jcor-M
3694 5294 33 20 d«
3750 5294 54 26 pris
3828 5298 89 21 exe«p«

3180 5320 110 22 tienne!*
3313 5323 25 18 et
3361 5324 61 20 vous
3448 5326 113 18 recatvras
3587 5326 31 18 un
3643 5321 91 24 cadeau
3757 5323 70 21 »>oa
3852 5322 50 24 i'im-

3183 5349 117 22 portance
3324 5348 31 21 do
3378 5352 44 18 vos
3449 5349 87 21 itihate.
3796 5348 122 24 ««M-AB

3184 5383 174 37 gûurrclierie
3378 5385 66 24 uilSe,
3465 5386 14 22 t
3500 5382 118 26 HbmSear
3638 5385 133 26 tCilwaos)

3184 5407 24 18 °
3224 5419 33 18 ut»
3283 5415 50 22 bon
3360 5417 116 25 preaUer,
3503 5420 47 18 non
3580 5418 92 24 nourri,
3698 5420 65 24 pour
3789 5417 85 24 tr»valj
3900 5417 17 25 (

3181 5444 111 24 l'a:*lie»-.
3313 5444 93 24 Trwau
3428 5444 86 24 usure
3533 5450 25 19 «
3575 5444 48 22 boo
3645 5444 94 25 »iWrc.

3381 5498 92 32 wm
