4060 5762
148 190 52 21 son
220 187 138 26 véritable
380 193 69 20 nom
471 189 43 25 est
536 189 122 31 Georges
680 189 149 31 Lemaltre,
853 191 34 24 né

145 217 27 26 le
194 219 28 25 19
239 219 76 25 avril
333 219 58 25 1888
411 220 18 24 à
449 219 92 25 Blain.

176 249 48 25 Cet
249 248 133 26 individu
407 250 128 25 méritait
561 252 66 25 bien
654 257 53 19 son
733 257 119 20 surnom
880 261 7 21 ;

145 280 144 26 n'était-ce
309 287 61 25 pas,
392 287 37 20 en
450 282 73 28 effet,
544 288 72 25 pour
635 286 43 22 cet
697 283 123 30 homme,
840 285 38 24 ris-

145 318 72 25 quer
236 319 66 25 gros
321 319 56 25 que
396 313 34 26 de
450 314 80 25 vivre
550 314 17 25 à
587 314 137 31 quelques
744 314 91 25 lieues
853 317 35 24 de

148 348 51 19 son
215 348 74 25 ipays
306 345 79 24 natal
404 346 37 24 où
458 345 21 24 il
497 346 67 22 était
580 346 80 28 porté
681 345 145 26 déserteur
843 346 31 25 de-

145 373 69 31 puis
233 376 26 24 le
279 376 27 24 15
326 380 78 20 mars
423 376 59 25 1917
502 377 11 22 ?

176 405 146 31 Pourtant,
341 405 22 26 il
378 412 38 19 ne
432 412 31 19 se
482 407 111 26 cachait
608 409 90 31 point,
715 411 174 31 parcourant

144 436 41 27 les
203 442 182 26 campagnes,
403 437 119 26 d'abord
539 444 35 19 en
593 439 117 30 voiture,
728 441 73 30 puis,
821 439 53 24 lors-

145 472 54 25 que
219 468 43 26 les
280 470 117 25 affaires
417 470 26 24 le
463 470 43 25 lui
526 470 163 30 permirent,
710 476 34 19 en
763 470 109 31 quadril-

144 496 76 32 lettp,
241 504 73 26 pour
332 504 117 21 exercer
468 506 32 20 sa
516 501 172 31 profession.

175 530 21 24 Il
221 530 87 26 vivait
331 533 17 22 i«
370 531 228 25 Sion-les-Mines
620 533 100 30 depuis
743 533 144 35 plusieurs

143 561 118 30 années,
286 561 73 26 dans
385 568 57 21 une
467 562 85 31 petite
578 563 191 25 malsonnette
794 565 34 25 où
855 569 32 19 sa

143 593 103 30 bonne,
261 593 159 26 Constance
437 594 120 30 Lebeau,
573 599 91 21 veuve
679 594 120 30 Bureau,
819 594 69 32 âgée

143 622 34 25 de
202 625 28 24 40
254 628 59 24 ans,
338 625 118 30 vaquait
480 631 57 19 aux
561 625 185 32 occupations
768 625 40 26 du
830 626 38 25 mé-

142 659 83 26 nage.

172 685 125 31 Lorsque
325 685 40 26 les
393 686 170 31 gendarmes
591 693 28 20 se
646 687 198 30 présentèrent
869 687 18 25 à

143 719 53 21 son
215 717 142 28 domicile,
377 717 141 25 Lemaitre
539 717 84 30 (alias
640 717 35 25 Le
696 718 93 31 Sage),
809 719 63 31 n'op-

143 751 71 25 posa
241 750 111 21 aucune
378 748 156 25 résistance
561 750 27 22 et
613 754 57 19 une
693 750 193 28 perquisition

143 782 48 21 eut
209 778 59 24 lieu
288 783 70 20 sans
378 778 137 25 incident.
536 780 60 24 Elle
619 781 94 24 devait
735 781 58 24 être
813 782 60 22 fruc-

141 809 110 27 tueuse,
276 810 122 30 puisque
423 809 67 26 c'est
515 810 85 30 grâce
626 810 18 25 à
669 810 52 25 elle
746 816 56 25 que
827 810 58 25 l'on

142 839 45 26 fut
209 841 99 24 amené
330 840 17 25 à
369 841 128 28 reparler
515 840 33 26 de
569 840 124 26 l'affaire
717 841 37 25 du
774 841 111 26 moulin

143 869 89 25 Galot.

171 902 41 24 Au
243 907 84 19 cours
358 902 33 24 de
420 902 191 30 l'inventaire,
644 902 40 25 les
712 904 172 30 gendarmes

143 933 170 34 aperçurent
327 938 35 19 en
380 933 69 26 effet
463 939 51 19 sur
529 939 58 19 une
600 933 124 31 planche
742 934 39 25 du
795 933 90 26 buffet

142 969 40 18 un
203 959 84 28 livret
306 964 137 25 militaire
465 972 7 17 :
495 973 9 12 «
528 965 73 28 Quel
619 965 43 25 est
680 970 32 19 ce
732 965 92 30 livret,
844 965 27 26 di-

142 993 111 26 rent-ils
280 1002 7 18 ;
314 994 234 25 donnez-le-nous
578 1004 19 15 ».

170 1025 33 25 Et
222 1024 150 31 Lemaitre,
391 1025 70 25 d'un
483 1030 52 27 pas
554 1025 104 30 dolent,
679 1026 60 25 s'en
759 1028 43 24 fut
821 1032 63 20 vers

142 1056 27 24 le
189 1056 90 26 buffet
298 1063 74 24 pour
392 1057 123 31 prendre
535 1057 26 25 le
582 1057 84 26 livret
687 1063 35 19 en
743 1058 139 30 question.

143 1087 21 25 Il
189 1087 133 30 allongea
345 1088 27 24 la
396 1089 79 22 main
500 1089 34 26 et,
555 1088 71 25 d'un
650 1089 77 30 geste
750 1089 131 28 brusque,

142 1120 89 22 avant
257 1122 54 26 que
340 1117 40 25 les
410 1117 170 31 gendarmes
607 1120 117 24 eussent
752 1120 87 30 songé
867 1122 17 22 à

142 1148 164 27 intervenir,
332 1148 20 25 il
373 1148 141 26 déchirait
535 1149 40 25 les
599 1149 138 31 premiers
759 1150 124 25 feuillets

143 1179 70 28 qu'il
231 1179 103 25 tentait
353 1180 135 25 d'avaler.

169 1209 22 25 Il
217 1211 67 24 n'en
308 1212 48 24 eut
383 1217 52 24 pas
459 1211 26 25 le
511 1211 81 26 loisir
612 1220 6 18 :
644 1212 41 26 les
711 1213 170 32 gendarmes

141 1246 28 19 se
193 1241 120 30 jetèrent
337 1247 48 19 sur
405 1243 43 25 lui
469 1244 31 22 et
519 1244 158 24 réussirent
702 1245 17 22 à
742 1245 41 25 lui
809 1251 58 18 arra-

139 1272 69 24 cher
233 1272 35 25 de
295 1272 30 26 la
352 1272 111 26 bouche
489 1273 41 25 les
559 1278 87 26 pages
676 1274 56 25 fort
759 1276 58 24 mal
848 1281 33 19 en

139 1303 89 31 point.

168 1333 38 25 Le
235 1335 83 25 livret
346 1336 45 25 fut
418 1337 175 25 reconstitué
632 1338 27 26 et
698 1337 58 26 l'on
788 1338 94 32 apprit

139 1364 76 26 ainsi
246 1365 67 31 qu'il
344 1368 182 30 appartenait
555 1370 18 24 à
602 1368 89 26 Collet
720 1370 94 28 Louis,
843 1371 38 25 du

139 1397 188 25 recrutement
348 1400 34 24 de
403 1398 211 30 Chfttellerault,
634 1400 93 26 classe
749 1401 66 28 1915,
837 1407 30 20 ou-

139 1427 76 26 vrier
241 1428 124 30 agricole
391 1434 69 20 sans
485 1426 136 28 domicile
647 1430 65 25 fixe.

168 1459 183 30 Questionné,
372 1460 143 27 Lemaitre
535 1461 47 26 eut
600 1467 59 20 une
677 1462 125 32 réponse
821 1463 46 26 éva-

138 1489 61 26 sive
222 1492 27 24 et
274 1491 40 25 les
339 1493 170 27 gendarmes
534 1493 196 26 n'insistèrent
756 1501 52 24 pas
827 1504 6 21 ;
856 1496 25 24 le

139 1520 144 26 déserteur
301 1522 142 26 n'avait-il
462 1530 51 22 pas
528 1525 70 28 déjà
612 1531 37 19 en
666 1532 33 18 sa
717 1526 164 30 possession

138 1552 92 26 toutes
252 1552 41 26 les
313 1554 96 31 pièces
430 1554 151 26 militaires
602 1557 34 26 de
659 1557 38 26 Le
718 1558 73 31 Sage
814 1559 67 26 dont

138 1584 21 24 il
180 1585 104 28 portait
302 1585 26 26 le
348 1591 76 20 nom.

168 1615 139 26 Lemaitre
326 1617 44 25 fut
390 1617 72 25 donc
482 1617 142 27 transféré
643 1622 17 24 à
678 1620 104 26 Nantes
802 1623 26 24 et
847 1622 33 26 de

141 1646 22 24 :o
188 1646 19 25 à
228 1646 151 25 Bordeaux
403 1648 35 25 où
462 1649 20 25 il
503 1650 44 25 est
567 1650 211 27 actuellement.

278 1706 211 40 Troublantes
510 1711 230 37 constatations

168 1785 72 25 Mais
265 1787 27 25 le
320 1787 161 26 Procureur
507 1788 35 25 de
570 1788 231 32 Châteaubriant,
833 1792 47 30 qui

139 1815 106 25 n'avait
263 1821 54 26 pas
339 1818 93 25 oublié
455 1819 26 25 le
501 1820 91 25 crime
611 1820 111 30 impuni
744 1824 38 24 du
803 1822 78 31 puits

138 1847 89 30 Galot,
249 1850 46 22 eut
314 1847 85 27 l'idée
417 1851 37 24 do
475 1856 150 26 comparer
645 1852 25 25 le
691 1852 190 32 signalement

138 1878 34 25 do
193 1878 83 26 Louis
295 1879 96 27 Collet,
412 1881 80 30 porté
514 1887 48 19 sur
581 1883 27 26 le
628 1883 86 26 livret
735 1885 145 30 militaire,

137 1915 57 19 aux
215 1911 215 25 mensurations
450 1912 125 25 relevées
596 1915 58 25 lors
678 1916 33 24 de
731 1917 31 25 la
781 1916 83 26 décou-

137 1942 77 25 verte
237 1941 38 25 du
298 1943 129 25 cadavre.

163 1971 26 25 Il
211 1978 31 19 se
263 1974 96 25 rendit
378 1976 113 28 compte
515 1976 70 30 qu'il
606 1983 20 25 y
648 1978 77 24 avait
748 1980 132 30 analogie

138 2002 159 32 frappante.
319 2004 90 25 Co'let
426 2008 139 24 mesurait
585 2009 12 24 1
617 2014 37 20 m.
676 2010 38 27 48,
736 2015 45 20 ses
798 2011 81 31 pieds

137 2035 26 24 et
185 2039 44 21 ses
253 2036 93 25 mains
370 2035 106 26 étaient
496 2039 58 26 très
576 2040 85 30 petite
684 2041 26 25 et
731 2047 57 20 une
809 2042 57 25 cica-

137 2066 67 26 trice
223 2072 37 19 au
278 2073 89 24 pouce
385 2068 74 25 droit
476 2068 69 26 était
562 2070 97 30 portée
677 2076 50 20 sur
743 2074 26 24 le
788 2079 77 25 signa-

137 2098 111 25 lement.
274 2099 45 27 Or,
340 2099 31 27 la
392 2100 117 25 victime
529 2101 38 26 du
591 2101 78 32 puits
693 2104 89 30 Galot,
808 2111 72 20 nous

137 2127 110 26 l'avons
272 2131 47 26 dit,
345 2131 67 25 élait
436 2132 33 24 de
493 2131 87 32 petilte
602 2134 78 25 taille
700 2143 6 20 ;
731 2140 45 20 ses
800 2135 80 30 pieds

138 2160 96 25 ctaent
265 2163 204 25 extrêmement
503 2165 84 30 petits
619 2166 27 25 et
678 2165 41 26 les
752 2167 128 27 attaches

137 2191 78 26 fines.
239 2191 43 26 r>e
308 2193 71 31 plus,
409 2194 26 24 lo
457 2200 91 24 pouce
574 2194 73 27 droit
672 2198 106 31 portait
802 2199 78 25 trafe

137 2222 85 27 d'une
241 2224 131 26 cicatrice

167 2255 37 24 Le
222 2255 159 28 Procureur
398 2257 126 32 chargea
543 2259 73 26 donc
635 2259 30 26 la
685 2262 120 31 Brigp.de
824 2269 38 19 mo-

138 2285 54 25 bile
209 2287 33 25 de
261 2287 122 30 Rennee,
403 2294 66 20 sous
488 2290 27 25 la
533 2289 139 27 direction
692 2293 35 25 de
744 2298 52 20 son
816 2294 65 26 chef

146 2316 4 40 !
156 2316 66 31 visé,
247 2316 38 27 M.
311 2319 164 30 Labouérie,
498 2321 37 26 de
561 2322 155 31 reprendre
737 2323 143 33 l'enquête

138 2349 25 22 «H
184 2349 51 25 des
260 2350 177 30 inspecteurs
461 2353 98 25 furent
582 2355 123 30 envoyés
730 2355 17 25 à
771 2356 77 26 Sion.

167 2380 37 25 Ils
228 2391 9 11 «
262 2380 195 27 travaillèrent
482 2394 9 12 »
511 2386 130 28 pendant
665 2387 104 28 quinze
791 2388 89 31 jours,

146 2413 52 21 aht,
223 2411 71 26 dans
319 2413 28 25 la
372 2413 99 31 région
497 2415 66 31 qu'à
587 2419 115 24 Rennes
725 2420 93 26 même
844 2422 35 24 où

139 2443 25 22 le
185 2447 124 25 passage
332 2445 38 25 de
393 2445 85 26 Louis
506 2446 87 26 Collet
619 2448 77 24 avait
722 2450 41 25 été
787 2452 93 25 relevé

138 2478 31 20 er
196 2473 64 31 juin
286 2474 65 25 1923.

163 2505 37 25 Et
227 2511 37 19 au
288 2511 85 19 cours
400 2507 37 25 de
463 2509 145 30 plusieurs
637 2511 234 33 interrogatoires

137 2536 34 25 ils
197 2537 148 30 apprirent
367 2538 50 26 des
438 2539 103 26 choses
566 2544 214 28 surprenantes.
807 2545 73 25 Mme

139 2569 118 27 Bureau,
291 2570 162 27 l'ancienne
482 2571 94 26 bonne
606 2575 35 24 de
672 2574 150 32 Lemaitre,

139 2600 100 28 qu'elle
261 2600 98 31 quitta,
380 2602 22 26 il
420 2608 18 25 y
458 2609 18 19 a
496 2603 137 32 quelques
654 2607 83 28 mois,
758 2613 74 25 pour
852 2615 28 20 se

139 2630 98 25 retirer
259 2631 17 24 à
299 2634 26 24 la
350 2633 87 31 Vigne
461 2635 17 24 à
500 2629 92 35 Blain,
614 2636 37 25 où
673 2643 72 19 nous
769 2639 111 26 l'avons

137 2662 175 30 rrncotntrée,
385 2666 94 26 confia
502 2667 19 25 à
539 2667 30 27 la
591 2667 93 31 police
704 2668 105 27 mobile
829 2673 51 24 des

141 2693 98 26 détails
255 2694 38 26 de
308 2694 30 26 la
353 2694 64 32 plus
435 2696 87 27 haute
541 2699 185 31 importance.

300 2766 48 39 Un
366 2771 201 46 témoignage
588 2772 129 39 terrible

169 2846 73 27 Mme
267 2849 96 27 Veuve
390 2850 113 26 Eureau
531 2854 41 25 est
598 2859 57 19 une
681 2855 105 27 femme
809 2856 58 27 d'as-

139 2880 63 28 pect
226 2882 118 24 cassant
367 2882 28 26 et
422 2883 175 27 autoritaire.
625 2885 60 26 Elle
710 2889 79 26 porte
815 2889 52 25 allè-

143 2911 126 26 grement
294 2917 46 22 ses
365 2913 31 26 40
419 2920 54 19 ans
500 2921 50 21 sur
573 2922 41 19 un
639 2916 98 31 visage
763 2924 54 21 sec,
841 2926 28 19 re-

141 2941 103 26 haussé
261 2942 34 25 de
313 2943 78 25 deux
405 2949 77 24 yeux
501 2947 79 25 noiTS
598 2943 119 31 brillant
733 2949 86 27 d'une
836 2956 31 20 co-

139 2972 57 26 lère
220 2974 148 26 contenué.

159 3004 151 30 .L'accueil
331 3012 54 22 que
400 3013 76 20 nous
496 3013 136 24 recevons
653 3011 138 27 confirme
809 3013 72 26 cette

143 3037 176 28 impression.
346 3037 52 26 Les
420 3039 129 26 cheveux
574 3040 85 26 frisés
681 3048 30 19 se
737 3044 144 27 débattent

142 3071 106 20 comme
270 3073 74 19 ceux
366 3069 71 26 d'un
456 3072 74 25 beau
550 3072 97 26 diable
669 3073 118 31 lorsque
809 3079 71 24 nous

142 3102 167 25 annonçons
330 3102 81 24 notre
433 3102 116 28 qualité.

222 3130 31 24 Je
276 3130 60 26 n'ai
360 3131 60 26 rien
448 3133 18 25 à
490 3138 71 22 vous
585 3136 71 26 dire.
681 3137 125 27 D'abord
830 3139 50 30 j'ai

142 3161 81 24 ordre
241 3163 33 24 de
295 3168 35 19 ne
348 3163 83 27 point
450 3165 104 28 parler,
573 3167 27 25 et
619 3170 73 27 puis,
713 3169 58 30 j'en
789 3164 77 32 ai'as-

142 3196 45 19 sez
209 3190 34 27 de
267 3194 92 27 toutes
384 3201 46 20 ces
455 3196 132 26 histoires
614 3190 5 40 !
645 3201 83 27 après
750 3201 41 25 les
816 3208 48 22 gen-

142 3222 119 32 darmes.
289 3226 43 25 les
358 3228 100 26 agents
482 3228 37 26 de
544 3229 30 25 la
595 3228 91 30 police
712 3234 107 25 secrète
847 3237 25 21 et

141 3259 110 21 comme
268 3255 132 31 bouquet,
424 3259 41 26 les
485 3260 185 28 journalistes
693 3255 5 33 !

220 3286 71 26 C'est
308 3287 76 26 dans
402 3288 113 31 l'ordre.
536 3292 135 27 Madame
691 3294 6 25 !
717 3295 74 26 mais
808 3301 73 20 nous

142 3321 105 20 savons
272 3321 54 25 que
348 3320 80 26 votre
451 3321 164 31 déposition
639 3330 19 18 a
680 3326 44 25 été
748 3328 117 24 extrême-

143 3350 78 22 ment
236 3351 189 26 intéressante
443 3353 27 25 et
484 3359 74 24 pous
573 3356 112 26 serions
703 3358 129 26 heureux
848 3359 35 26 de

143 3384 69 20 vous
234 3379 157 27 l'entendre
411 3383 120 31 répéter.

169 3411 70 25 Cela
262 3418 37 19 ne
321 3417 38 21 va
381 3419 54 24 pas
459 3416 63 25 tout
544 3417 63 26 seul
632 3419 26 25 et
678 3424 74 21 nous
775 3420 107 27 ferions

143 3443 65 27 plus
231 3444 57 25 vite
311 3445 99 27 parler
431 3452 39 19 un
494 3448 80 26 bœuf
596 3450 116 26 nantais
736 3452 51 30 qui
809 3459 34 19 en
862 3459 20 19 a

143 3476 38 20 un
201 3476 80 24 autre
298 3482 50 19 sur
365 3477 26 25 la
409 3477 116 31 langue,
547 3481 73 27 mais
640 3483 18 24 à
676 3483 78 25 force
772 3484 97 25 d'insis-

143 3507 89 27 tance,
257 3507 74 25 Mme
353 3508 115 27 Bureau
489 3510 65 25 finit,
575 3513 63 25 tout,
660 3515 34 25 de
716 3515 93 25 même
831 3522 51 24 par

144 3536 151 25 confirmer
318 3544 30 20 ce
372 3546 54 22 que
449 3547 73 20 nous
543 3544 119 25 savions
684 3546 51 26 des
757 3546 110 27 déclara-

143 3568 74 24 lions
240 3569 104 27 qu'elle
365 3572 80 24 avait
469 3574 242 27 antérieurement
732 3576 93 27 faites.
850 3580 33 24 Et

142 3604 74 20 voici
243 3600 109 27 quelles
378 3605 66 22 sont
469 3609 46 20 ces
541 3606 194 30 déclarations
763 3618 6 5 •

220 3631 110 28 C'était,
350 3633 106 26 a-t-elle
476 3634 51 31 dit,
549 3637 26 25 le
599 3638 151 27 dimanche
770 3639 31 26 24
820 3641 63 28 juin

143 3661 66 28 1923.
230 3669 66 22 jour
315 3665 50 24 des
381 3665 122 26 Courses
527 3667 18 24 à
566 3669 92 26 Blain.
681 3671 66 25 Mon
770 3672 111 30 patron,

145 3692 34 24 !.e
202 3693 81 28 Sage,
307 3697 65 22 s'en
394 3698 45 25 fut
462 3698 17 25 à
503 3698 113 28 Rennes
641 3706 34 19 en
702 3702 181 30 quadrillettn

143 3729 67 20 avec
230 3730 54 19 son
305 3728 58 22 ami
389 3728 165 31 Guineford,
576 3731 145 26 domicilié
742 3738 51 21 rue
815 3736 51 25 Cau-

143 3755 150 41 jaincourt,
312 3757 17 25 à
344 3757 90 26 Paris.
450 3761 37 24 Ils
502 3761 99 26 furent
615 3763 35 25 de
669 3765 97 24 retour
782 3768 15 22 à
815 3767 66 25 Sion

145 3787 24 22 le
194 3788 93 24 mardi
314 3789 37 27 2G,
378 3790 76 25 mais
481 3793 37 25 ils
542 3794 107 25 étaient
676 3800 208 26 accompagnés

145 3817 15 24 d
175 3822 38 19 un
235 3820 71 27 petit
326 3820 115 26 homme
463 3822 65 26 vêtu
548 3823 70 27 d'un
639 3827 125 28 complet
787 3830 96 28 usagé,

145 3854 14 18 n
172 3854 37 19 un
233 3850 138 28 pantalon
393 3853 18 25 h
430 3856 118 24 rayures
567 3854 96 28 noires
686 3861 25 22 et
735 3860 97 27 grises.
854 3861 30 26 .Te

144 3881 163 28 îemarquai
335 3883 30 24 la
392 3886 131 27 peîiiesse
552 3887 35 26 de
613 3894 46 20 ses
689 3889 80 30 pieds
798 3896 84 24 parce

143 3912 69 27 qu'il
231 3913 69 24 était
319 3914 120 27 chaussé
456 3917 34 25 de
509 3918 125 27 botlines
650 3920 35 26 de
704 3922 103 25 femme
824 3926 57 24 aux

144 3941 96 24 talons
254 3945 103 20 éculés.

175 3983 11 12 «
210 3976 21 22 Il
257 3979 45 21 me
326 3977 43 25 dit
391 3979 141 30 s'appeler
557 3983 105 26 Marcel
686 3985 26 25 et
737 3984 80 28 avoir
841 3989 43 25 été

145 4005 155 26 embauche
322 4009 19 24 à
364 4009 145 27 Pléchâtcl
531 4018 52 22 par
606 4013 39 25 Le
667 4015 80 30 Sage,
772 4023 111 21 comme

145 4037 138 26 toucheur
306 4038 35 25 de
364 4041 141 31 bestiaux,
527 4050 73 21 pour
624 4046 27 24 le
674 4049 113 27 compte
815 4049 69 27 d'un

146 4070 120 24 courtier
283 4070 37 26 de
338 4071 231 31 Châteaubrtant.
586 4076 56 26 J'ai
660 4083 32 20 su
710 4078 103 31 depuis
831 4088 52 21 par

146 4101 154 24 tiuineford
319 4109 56 21 que
392 4104 61 25 cela
470 4107 67 24 était
554 4109 71 24 faux
643 4109 26 24 et
685 4114 54 24 que
757 4111 35 25 Le

146 4131 78 24 avait
248 4134 72 27 gagé
345 4135 45 25 cet
422 4135 130 28 individu
582 4140 73 25 dans
685 4148 40 17 un
757 4143 63 21 café
848 4143 35 21 de

926 194 111 27 Rennes
1059 196 26 26 le
1109 196 83 26 lundi
1213 197 28 25 35
1265 198 64 30 Juin
1350 201 26 24 et
1400 200 41 26 lui
1463 201 78 25 avait
1563 207 86 21 recom-

925 227 104 24 mandé
1046 227 38 25 de
1101 231 46 21 me
1162 229 133 25 raconter
1311 235 58 19 une
1388 229 85 27 faible.

965 265 11 13 «
989 255 37 27 Le
1050 259 141 24 mercredi
1215 259 37 31 27,
1278 260 37 24 Le
1329 260 73 30 Sage
1428 263 27 24 et
1479 261 26 26 le
1528 262 138 26 toucheur

924 287 142 33 partirent
1081 295 35 18 en
1135 291 66 26 auto
1218 296 73 25 pour
1307 292 231 32 Chftteaubriant,
1559 294 27 26 et
1597 300 69 20 mon

922 321 106 28 patron
1045 321 97 25 devait
1161 324 170 30 poursuivre
1351 330 53 19 son
1422 331 110 26 voyage
1551 327 116 31 jusqu'à

925 352 162 27 St-Etienne
1115 358 34 22 de
1179 357 125 26 Montluc
1333 358 37 25 où
1397 359 21 25 il
1441 359 158 26 achèterait
1626 361 39 25 du

925 385 70 26 foin.
1017 385 24 26 11
1062 387 44 25 fut
1124 387 37 26 de
1181 390 97 25 retour
1297 390 73 24 dans
1389 391 28 24 la
1437 392 63 25 nuit
1518 391 40 26 du
1579 392 30 25 28
1629 398 37 20 au

924 416 40 30 2<),
986 417 28 30 je
1033 422 37 21 ne
1087 419 59 25 sais
1163 424 53 24 pas
1237 420 17 24 à
1272 420 94 30 quelle
1387 419 96 31 heure,
1501 424 76 25 mais
1597 424 54 27 lors-

925 452 53 25 que
1002 450 27 27 je
1051 455 45 20 me
1117 451 63 25 suis
1200 452 78 28 levée
1302 452 18 24 à
1339 451 17 25 5
1376 452 104 27 heures
1501 455 39 26 du
1564 456 99 28 matin,

925 478 35 26 Le
984 480 72 30 Sage
1081 482 69 25 était
1170 482 76 26 dans
1266 483 31 25 la
1318 488 77 22 cour,
1416 485 106 30 occupé
1546 487 18 25 à
1586 487 79 25 laver

924 515 33 20 an
980 511 165 28 gabardine.

953 550 9 12 ■
980 541 31 26 Je
1030 542 151 27 descendis
1200 546 26 25 et
1246 548 163 26 remarquai
1430 553 50 21 sur
1495 548 26 26 le
1539 550 107 25 marche-

926 574 63 28 pied
1011 575 26 24 et
1058 575 50 26 les.
1121 574 131 27 coussins
1272 578 34 26 de
1326 576 98 31 l'auto,
1446 580 34 26 de
1504 580 93 30 larges
1617 581 47 26 fia*

922 608 71 25 ques
1018 606 34 25 de
1080 611 80 25 sang.
1187 607 41 26 En
1250 609 89 28 outre,
1364 608 26 27 le
1419 612 155 27 pare-brise
1598 613 67 26 était

924 635 74 25 brisé
1019 637 26 24 et
1063 638 19 24 il
1103 644 19 21 y
1140 639 80 25 avait
1240 637 161 32 également
1421 641 38 30 du
1479 647 72 25 sang
1572 647 48 21 sur
1639 646 26 22 le

921 666 141 28 pantalon
1082 670 27 24 et
1127 670 27 24 la
1174 671 157 27 gabardine
1350 671 34 26 de
1401 677 67 21 mon
1487 676 132 28 patron...
1642 673 22 27 Il

922 702 44 21 me
991 698 41 26 dit
1057 698 71 30 qu'il
1154 702 77 25 avait
1253 709 34 19 eu
1312 706 38 21 un
1377 704 131 26 accident
1531 711 71 20 avec
1625 712 38 19 un

922 728 100 26 cheval
1044 730 17 25 à
1084 730 214 27 Saint-Etienne
1324 735 32 24 de
1380 733 128 27 Montluc
1527 737 26 26 et
1578 738 26 28 je
1630 744 34 19 ne

921 758 77 25 lavai
1020 761 26 24 le
1069 763 138 26 pantalon
1232 770 53 27 que
1310 763 25 26 le
1358 765 172 31 lendemain,
1554 770 110 27 malgré

919 794 56 21 son
991 790 78 26 désir
1085 794 37 24 de
1141 798 45 21 me
1205 800 61 20 voir
1284 796 27 25 le
1330 796 73 28 faire
1419 797 26 26 le
1463 801 65 26 jour
1547 802 92 24 même

952 830 12 12 «
986 822 77 26 Dans
1081 824 28 24 la
1128 824 129 30 journée.
1278 827 38 25 Le
1336 827 73 28 Sage
1430 834 45 20 me
1494 833 117 27 reparla
1629 833 34 24 de

919 853 46 24 cet
991 854 142 30 accident,
1162 857 97 24 disant
1283 861 8 21 ;
1319 867 11 12 «
1361 860 67 25 Cela
1454 866 35 20 ne
1518 862 66 25 s'est
1610 868 53 24 ,pas

922 885 84 28 passé
1026 886 18 25 i
1064 887 221 28 Saint-Etienne,
1309 891 73 25 mais
1404 892 18 24 à
1443 892 142 31 Savenay.

952 925 11 12 «
991 915 37 25 Le
1051 917 165 27 lendemain
1246 920 65 28 soir,
1339 926 65 20 vers
1431 920 33 28 10.
1487 924 111 30 heures,
1629 926 35 25 Le

921 946 73 28 Sage
1013 948 83 24 sortit
1108 953 54 19 son
1180 951 77 25 auto.
1278 952 137 28 Inquiète,
1435 956 27 27 je
1479 954 97 31 l'épiai
1594 958 27 24 et
1637 957 26 26 le

920 977 45 25 vis
981 978 100 26 mettre
1101 979 18 25 fi
1136 979 161 27 l'intérieur
1315 989 56 20 une
1388 985 74 26 pelle
1481 989 27 22 et
1525 986 50 26 des
1589 992 73 24 sacs,

920 1010 65 27 puis
1004 1011 91 27 partir
1111 1011 73 26 dans
1205 1012 28 25 la
1250 1011 142 30 direction
1411 1017 34 25 de
1466 1017 148 31 Lusanger
1642 1020 21 25 II

919 1038 46 26 fut
981 1041 34 24 de
1037 1043 97 24 retour
1152 1043 73 26 dans
1246 1044 30 25 la
1294 1048 64 24 nuit
1380 1049 35 26 et.
1435 1051 52 22 sur
1507 1056 57 19 une
1585 1056 63 24 ques-

919 1070 70 30 tion.
1015 1072 21 27 il
1061 1078 45 20 me
1133 1074 132 28 répendit
1291 1077 71 28 qu'il
1388 1078 67 25 était
1479 1082 57 24 allé
1561 1085 50 21 sur
1635 1083 28 25 la

919 1103 80 25 route
1017 1104 33 24 de
1069 1103 31 26 la
1115 1106 176 26 Dominelaie
1311 1116 9 13 «
1339 1110 137 25 enrocher
1495 1120 11 13 »
1521 1117 39 20 un
1578 1113 84 26 chien

919 1134 71 27 qu'il
1004 1135 81 24 avait
1102 1136 56 25 tué.
1180 1147 12 12 »

992 1165 145 27 Enrocher
1153 1170 66 24 veut
1235 1168 213 32 dire/enterrer,
1467 1174 117 26 n'est-ce
1599 1182 60 22 pas.

919 1194 27 25 et
964 1194 30 26 la
1012 1198 83 25 route
1115 1198 71 28 qu'il
1206 1206 72 20 vous
1298 1200 120 31 indiqua
1435 1207 41 24 est
1498 1206 17 25 à
1535 1206 124 30 l'opposé

918 1226 34 24 de
972 1226 71 26 celle
1065 1230 71 27 quil
1157 1232 78 22 avait
1259 1233 84 28 prise,
1367 1233 30 26 la
1416 1237 81 24 route
1521 1239 38 24 du
1581 1239 78 25 Puits

918 1259 89 27 Golot,
1028 1265 18 18 n
1059 1260 73 30 ejït-il
1152 1267 53 22 pas
1222 1265 63 24 vrai
1302 1265 12 24 7

997 1289 77 30 Puis,
1096 1291 70 26 c'est
1187 1298 39 19 un
1246 1294 73 26 mois
1341 1298 91 28 après,
1455 1303 123 27 presque
1597 1302 63 28 jour

919 1324 72 25 l'our
1013 1322 28 28 3°
1044 1326 35 20 ur
1082 1322 4 35 .
1108 1329 17 21 d
1128 1325 18 19 u
1149 1330 14 19 e
1188 1324 58 26 l'on
1269 1325 141 30 découvre
1433 1330 137 26 l'homme
1593 1336 66 21 sans

917 1354 63 24 tôte.
1003 1354 43 22 On
1070 1361 35 18 en
1128 1356 81 27 parle
1232 1357 74 26 dons
1330 1359 27 25 le
1382 1365 72 22 pays
1476 1363 27 24 et
1526 1363 35 25 Le
1587 1363 72 28 Sage

918 1383 80 26 brûlo
1013 1389 35 19 sa
1065 1384 161 28 gabardine
1244 1389 69 26 dont
1331 1390 52 28 j'ai
1402 1393 130 26 retrouvé
1552 1396 30 26 la
1594 1395 50 27 bou-

918 1415 41 24 cle
979 1415 73 25 dans
1072 1415 43 27 les
1131 1420 129 26 cendres.

946 1453 12 13 <■
985 1446 76 27 Nous
1083 1452 125 25 spmmes
1231 1452 65 26 tous
1322 1454 43 25 les
1388 1454 78 26 deux
1492 1455 165 32 interrogés,

917 1480 73 21 mais
1015 1483 28 21 le
1067 1483 39 20 ne
1128 1481 65 26 puis
1218 1481 112 26 donner
1356 1488 111 22 aucune
1492 1487 167 27 indication.

917 1507 155 31 Toutefois,
1097 1511 96 28 j'étais
1215 1513 136 30 troublée,
1376 1517 132 31 inquiète,
1534 1526 41 18 un
1598 1526 46 22 rap-

917 1540 185 33 prochement
1121 1547 31 20 se
1170 1544 100 26 faisait
1287 1546 73 28 dans
1376 1552 67 26 mojj
1461 1551 89 27 esprit
1566 1552 35 28 et,
1620 1559 39 19 un

917 1576 73 22 jour,
1010 1574 40 20 au
1069 1578 86 20 cours
1175 1574 84 26 d'une
1280 1578 170 30 discussion,
1473 1580 27 28 je
1519 1581 46 26 dis
1586 1584 18 24 à
1624 1584 35 25 Le

917 1602 73 27 Sage
1011 1611 7 15 :

946 1641 11 13 «
980 1633 74 26 Tout
1077 1636 34 25 de
1135 1637 103 28 même,
1265 1641 24 24 si
1312 1641 28 28 je
1362 1638 92 30 disais
1478 1644 17 25 à
1518 1644 28 26 la
1570 1645 90 30 police

917 1670 34 18 ne
967 1669 71 27 vqus
1054 1665 161 28 demander
1227 1676 31 20 ce
1272 1676 54 24 que
1343 1677 72 24 vous
1429 1677 71 22 avez
1518 1676 54 25 fait
1586 1678 73 25 dans

915 1694 31 25 la
964 1697 64 25 nuit
1043 1696 41 26 du
1102 1698 31 24 28
1150 1704 38 21 au
1206 1700 30 25 29
1256 1702 61 28 juin
1341 1703 43 30 ?»

946 1733 11 13 «
984 1727 80 27 Alors
1090 1728 38 26 Le
1150 1729 81 32 Sage,
1258 1734 90 26 rendu
1376 1736 219 28 soudainement
1620 1741 26 24 fu-

915 1761 90 26 rieux,
1030 1761 59 26 prit
1109 1767 40 19 un
1173 1763 122 26 couteau
1317 1767 34 24 de
1375 1767 126 27 boucher
1524 1769 48 31 qui
1594 1773 52 25 traî-

915 1791 63 22 nait
997 1796 51 19 sur
1064 1791 28 25 la
1111 1792 76 28 table
1206 1796 28 24 et
1252 1799 46 22 me
1317 1802 123 25 menaça
1456 1804 34 20 en
1506 1801 98 26 disant
1625 1791 5 37 •

946 1830 12 13 «
983 1822 30 24 Si
1037 1825 32 22 tu
1094 1824 57 26 fais
1174 1826 72 28 celà,
1272 1827 26 30 je
1323 1830 27 25 te
1375 1830 73 26 ferai
1474 1837 119 25 mangc-T
1617 1835 43 25 les

914 1852 148 28 pissenlits
1076 1859 57 24 par
1148 1857 30 25 te.
1195 1857 106 28 racine.
1324 1872 11 12 »

946 1892 12 12 «
976 1885 118 30 Affolée,
1115 1887 26 27 je
1160 1893 46 18 me
1224 1889 125 30 réfugiai
1365 1892 74 25 dans
1457 1899 48 19 ma
1525 1897 133 26 chambre

915 1915 27 22 et
961 1918 106 25 jamais
1083 1917 70 27 .plus
1173 1920 79 25 entre
1272 1926 73 21 nous
1364 1923 22 25 il
1407 1930 34 20 ne
1462 1926 45 24 fut
1526 1929 132 27 question

914 1944 37 24 de
966 1945 71 25 cette
1056 1949 64 25 date
1137 1950 148 30 fatidique.

1076 2004 43 39 Le
1140 2006 92 40 livret
1248 2023 76 25 sons
1345 2010 33 39 la
1398 2014 96 39 malle

944 2091 11 13 «
978 2082 44 25 Un
1043 2081 89 27 détail
1154 2092 46 19 me
1220 2088 111 25 revient
1356 2098 37 18 au
1416 2093 73 27 sujet
1511 2095 40 25 du
1573 2096 85 25 livret

913 2113 137 26 militaire
1070 2120 52 21 am
1142 2124 18 18 a
1178 2118 43 25 été
1241 2120 99 26 trouvé
1362 2122 58 25 lors
1441 2125 34 27 de
1495 2126 28 26 la
1546 2131 112 24 peraul-

1033 2146 44 44 VP
1100 2150 66 22 10ur
1167 2169 6 6 '
1196 2151 21 39 !!
1238 2158 18 20 v
1278 2159 17 19 a
1318 2153 138 32 Quelques
1478 2159 81 30 mois,
1583 2159 74 31 j'eus

913 2174 98 27 bcsoini
1037 2178 15 25 (1
1067 2184 56 20 unfi
1147 2180 85 26 mails
1257 2185 47 25 oui
1330 2191 30 24 se
1384 2187 126 27 trouvait
1533 2191 76 27 dans
1632 2194 24 22 lo

914 2212 47 50 mf
964 2215 19 20 n
997 2215 71 47 ?vio<
1069 2211 28 28 Al
1097 2217 76 45 îi»nH
1185 2216 8 25 1
1198 2211 5 51 -
1206 2217 83 26 aVOir
1312 2218 38 26 <16
1354 2226 15 22 D
1488 2222 28 30 je
1546 2224 112 27 trouvai

913 2276 13 13 r
939 2248 38 41 L
1010 2246 27 43 V
1057 2245 13 44 t
1098 2250 20 39 1
1120 2250 7 19 1
1122 2277 6 9 .
1131 2245 41 25 UI,
1174 2245 2 44 '
1176 2252 14 18 a
1192 2245 1 44 ,
1196 2254 40 20 lrû
1269 2255 54 21 <[ut>
1355 2252 27 27 le
1415 2255 66 26 ictai
1512 2256 73 27 dans
1617 2263 39 20 un

913 2278 87 50 CoÏÏet
1033 2308 6 20 i
1131 2282 34 20 aV
1168 2283 17 19 °
1187 2284 25 18 lr
1233 2283 136 25 examlnô
1371 2278 5 50 -
1402 2284 100 26 C'était
1526 2288 76 26 celui
1625 2291 34 24 de

945 2348 9 11 ■
979 2339 126 28 Lorscrue
1130 2343 26 24 ie
1180 2346 155 26 demandai
1357 2347 86 27 l'aide
1466 2350 35 25 de
1525 2352 35 25 Le
1585 2354 73 26 Sarre

914 2373 74 21 pour
1016 2372 156 26 descendre
1201 2375 30 25 la
1259 2380 96 27 malle,
1387 2380 20 25 il
1435 2381 156 31 s'inquiéta
1617 2386 41 25 du

913 2437 37 22 en
965 2434 79 25 avait
1061 2435 61 25 faU.
1134 2412 17 19 °
1214 2408 26 25 0t
1265 2408 13 52 j
1291 2408 12 52 6
1316 2408 38 52 1)8
1380 2418 48 20 SUS
1454 2420 52 24 pas
1530 2420 30 20 M
1585 2422 39 24 qu
1626 2419 6 7 '
1636 2419 20 24 il

943 2465 93 26 Telles
1056 2469 96 24 furent
1172 2471 41 25 les
1234 2472 194 31 déclarations
1446 2478 34 25 de
1500 2479 76 26 Mme
1593 2486 50 20 veu-

1050 2504 39 20 au
1090 2518 12 26 V
1128 2532 13 12 r
1140 2504 28 21 !n
1193 2503 26 25 le
1219 2535 18 9 ,.
1246 2506 58 24 voit
1307 2524 6 8 '
1330 2506 80 38 .elles
1437 2510 139 31 chargent
1603 2513 43 24 sin-

913 2528 189 28 gulièrement
1128 2532 144 31 Lemaitre
1298 2537 73 27 alias
1397 2539 38 25 Le
1462 2542 77 28 Sago
1564 2544 27 26 et

913 2561 191 27 explications
1126 2564 72 26 ou'il
1219 2568 87 25 devra
1325 2570 116 26 fournir
1461 2578 51 21 sur
1528 2575 41 27 les
1591 2576 69 26 faits

914 2597 48 22 qui
986 2596 65 24 sont
1075 2596 112 27 relatés,
1212 2600 115 27 doivent
1350 2603 26 25 le
1398 2606 100 24 mettre
1522 2613 35 21 en
1579 2613 60 21 mau-

913 2628 80 24 vaise
1017 2628 125 25 posture.

1007 2686 48 40 De
1077 2688 149 41 l'aadace
1243 2700 32 30 et
1296 2693 40 40 de
1357 2694 33 39 la
1409 2695 162 47 prudence

944 2765 35 26 Ce
1000 2765 150 27 déserteur
1174 2770 74 26 n'est
1271 2778 53 20 ras
1348 2772 116 31 homme
1486 2784 50 20 qui
1560 2783 31 21 se
1612 2778 32 26 dé-

913 2797 97 26 monte
1037 2798 176 27 facilement.
1241 2804 76 25 Nous
1343 2804 69 26 n'en
1439 2810 123 26 voulons
1587 2816 72 21 pour

913 2831 106 24 preuve
1042 2835 54 22 que
1116 2830 162 30 l'aventure
1302 2837 48 26 qui
1371 2837 43 26 lui
1436 2839 99 26 arriva
1552 2842 107 27 devant

913 2861 26 24 le
952 2862 131 25 tribunal
1096 2864 35 24 de
1147 2863 233 33 Châteaûbriant.
1398 2871 37 30 où.
1448 2871 22 25 il
1487 2876 155 27 comparais-

913 2894 58 22 sait
991 2898 72 21 pour
1082 2901 40 19 un
1142 2896 72 25 délit
1234 2898 129 27 relevant
1383 2900 35 27 dè
1439 2903 28 26 la
1491 2906 168 26 correction-

913 2928 76 19 DfiMP

944 2955 22 25 A
985 2962 58 20 une
1063 2960 130 26 Question
1214 2961 38 26 du
1272 2961 150 31 président
1441 2975 6 18 :

1003 3000 9 12 «
1043 2991 158 25 Ave*-vous
1231 2993 50 27 des
1310 2998 243 30 condamnations
1584 3002 61 25 anté-

939 3025 84 20 vures
1046 3021 12 25 7
1080 3032 11 13 »
1115 3021 142 31 Lemaitre
1278 3026 133 28 répondit
1435 3035 70 21 avec
1526 3038 117 21 assuran-

915 3056 61 21 ce:
1000 3053 69 25 Non.
1094 3054 35 24 M.
1154 3057 27 24 le
1204 3058 156 27 président.
1384 3061 74 27 Mais
1482 3064 30 26 la
1532 3066 76 25 suite
1632 3067 25 25 ie

912 3083 158 28 détromra.
1096 3092 50 19 car
1167 3090 26 25 le
1217 3090 159 32 Président,
1397 3099 76 24 pour
1494 3098 40 24 lui
1559 3098 86 25 rafraî-

914 3117 63 22 chir
1003 3117 30 24 la
1059 3118 146 27 mémoire,
1233 3123 41 25 lui
1304 3125 97 27 apprit
1428 3131 54 22 que
1511 3129 37 24 Le
1576 3130 81 30 Sage,

914 3150 74 22 celui
1007 3150 71 25 dont
1097 3152 21 24 il
1140 3154 78 24 avait
1237 3157 152 25 emprunté
1409 3158 25 26 le
1454 3165 77 22 nom,
1550 3162 110 26 m'avait

914 3183 51 22 pas
985 3185 40 20 un
1045 3183 92 26 casier
1159 3184 152 28 judiciaire
1330 3189 204 26 parfaitement
1552 3193 98 30 vierge

914 3211 142 27 Lemaitre
1084 3215 43 24 fut
1150 3216 77 25 dotir.
1253 3221 162 26 condamné
1442 3223 17 25 à
1485 3223 74 27 deux
1585 3227 74 24 mois

915 3246 34 22 ds
971 3249 100 20 prison
1093 3253 35 18 en
1148 3249 99 25 raison
1267 3252 34 24 de
1324 3257 45 20 ses
1389 3256 139 27 supposés
1552 3257 92 24 antécé-

918 3276 89 27 dents.
1035 3279 21 24 Il
1081 3286 35 18 ne
1141 3280 128 27 réclama
1294 3287 51 21 pas
1370 3287 27 24 et
1420 3286 69 26 c'est
1513 3288 61 24 tout
1598 3295 46 19 sou-

914 3309 77 24 riant
1011 3309 26 24 et
1054 3309 57 26 fort
1128 3312 141 28 euil.'«?et,
1289 3315 71 27 qu'il
1378 3318 57 24 alla
1454 3320 157 26 accomplir
1630 3327 30 19 «sa

914 3345 85 22 peine
1017 3343 14 24 à
1049 3343 28 24 la
1095 3344 98 26 prison
1209 3346 37 25 de
1263 3347 233 27 Chftteaubriant.

947 3373 22 24 Il
990 3372 40 25 lui
1049 3374 112 26 sembla
1180 3377 50 25 dès
1248 3378 58 25 lors
1329 3379 70 30 qu'il
1420 3381 135 30 jouissait
1574 3383 85 25 d'une

918 3405 151 25 immunité
1096 3407 77 25 toute
1198 3407 133 31 spéciale,
1359 3411 120 32 puisque
1505 3416 28 24 la
1559 3416 84 27 magis-

917 3436 107 26 trature
1039 3437 161 27 elle-même
1217 3443 100 22 venait
1335 3449 33 19 en
1389 3444 123 31 nuelque
1532 3446 74 25 sorte
1625 3450 33 20 ue

915 3471 154 21 consacrer
1084 3470 72 30 qu'il
1174 3471 71 25 était
1259 3474 66 25 bien
1342 3475 37 25 Le
1396 3476 84 30 Sage.

946 3498 148 28 Personne
1115 3508 35 18 ne
1168 3506 117 27 pensa,t
1309 3506 70 30 qu'il
1400 3508 50 30 pût
1470 3507 60 27 être
1553 3515 40 19 un
1617 3509 28 26 dé-

919 3531 118 28 serteur,
1057 3537 52 25 pas
1128 3535 91 25 même
1239 3540 33 20 sa,
1285 3536 96 26 bonne
1400 3540 48 28 qui
1465 3540 126 31 l'ignora
1607 3541 39 25 ius-

919 3567 38 24 qu
969 3568 18 19 a
1005 3568 54 19 son
1083 3566 181 25 arrestation.
1290 3567 73 26 Mais
1384 3569 142 26 Lemaitre
1547 3572 112 28 prenait

919 3598 53 24 pou
978 3601 13 18 r
1017 3594 92 25 éviter
1131 3596 78 25 toute
1234 3598 139 31 surprise,
1398 3601 52 25 des
1475 3602 184 26 précautions

919 3625 197 27 minutieuses.
1147 3628 72 24 C'est
1248 3630 76 25 ainsi
1354 3631 71 30 qu'il
1448 3639 35 20 ne
1513 3639 31 20 se
1572 3633 87 26 laissa

917 3656 107 30 jamais
1044 3658 229 31 photographier
1296 3663 27 22 et
1344 3667 38 24 ne
1404 3664 125 26 sollicita
1551 3671 53 26 pas
1624 3665 35 26 de

918 3689 106 28 permis
1038 3691 38 24 de
1089 3690 141 26 conduire
1246 3691 133 28 lorsqu'il
1396 3694 100 25 acheta
1514 3703 53 17 son
1585 3698 72 21 auto.

1070 3749 161 47 Pourquoi
1251 3754 142 37 aurait-il
1414 3761 54 32 tac
1492 3756 18 38 ?

947 3824 113 26 Doit-on
1080 3827 65 25 voir
1162 3834 57 20 une
1241 3830 125 25 certaine
1388 3833 174 28 corrélation
1580 3834 79 26 entre

918 3857 70 24 cette
1002 3857 200 28 circonstance
1215 3861 26 24 et
1254 3861 26 24 Je
1294 3862 103 25 drame
1411 3866 48 27 qui
1476 3870 74 19 nous
1565 3866 79 31 préoc-

918 3893 71 26 cupe
1013 3891 11 24 ?
1045 3889 43 25 On
1107 3892 72 28 ipeitt
1198 3898 37 19 en
1254 3892 67 25 efret
1339 3899 31 19 se
1391 3895 159 26 demander
1570 3898 25 24 si
1613 3899 31 24 Le-

918 3920 103 25 maitro
1038 3920 47 25 n'a
1104 3927 53 25 pas
1175 3928 34 19 eu
1228 3928 40 19 un
1287 3925 132 26 accident
1437 3932 34 20 en
1491 3933 30 20 se
1537 3928 123 25 rendant

919 3958 17 18 n
967 3951 227 28 Ch&teaubriant
1228 3960 69 21 avec
1333 3957 96 27 Collet.
1467 3959 34 24 Ce
1535 3959 124 28 dernier,

919 3981 91 26 blessé
1028 3987 170 26 gravement
1215 3991 40 19 ou
1270 3986 48 25 tué
1337 3992 52 21 sur
1406 3990 26 24 le
1452 3993 83 27 coup,
1553 3990 37 24 Le
1592 3992 51 22 maî-

915 4015 43 24 tre
977 4015 70 24 était
1065 4016 102 25 amené
1185 4018 18 22 h
1220 4018 73 25 faire
1309 4018 175 32 disperaître
1499 4012 30 34 l'a
1544 4022 116 25 victime

917 4050 73 25 pour
1010 4045 91 26 éviter
1119 4048 152 30 l'enquête.

945 4076 76 27 C'est
1043 4083 56 20 une
1123 4080 159 31 hypothèse
1307 4088 54 24 que
1385 4089 37 20 ne
1446 4084 109 32 justifie
1579 4090 65 25 pour-

917 4108 65 26 tant
997 4115 56 25 ipas
1071 4116 31 19 ce
1120 4109 132 26 faisceau
1270 4114 35 24 de
1323 4114 187 30 précautions
1527 4116 70 26 dont
1613 4116 31 25 Le-

917 4140 103 26 maître
1036 4142 123 26 entoura
1176 4143 30 26 la
1225 4149 93 20 venue
1333 4146 39 24 de
1389 4146 92 24 Collet
1501 4148 18 21 à
1538 4147 78 22 Sion.
1638 4148 21 21 Il

1701 202 44 25 fut
1768 202 61 31 pris
1852 208 35 20 en
1911 204 69 24 effet
2004 209 34 19 en
2063 204 126 31 flagrant
2213 206 70 25 délit
2304 208 37 24 da
2363 214 56 19 men-

1700 237 89 25 songe
1802 239 54 25 par
1871 240 34 20 sa
1918 235 94 24 bonne
2030 235 27 24 et
2073 241 37 19 on
2122 236 69 31 peut
2204 236 65 25 voir
2280 239 77 25 dans
2367 240 70 25 cette

1700 265 120 25 attitude
1857 265 183 25 l'indicatioa
2078 266 86 26 d'une
2202 268 144 25 intention
2382 274 54 19 non

1701 295 138 25 avouable
1863 301 56 25 que
1941 296 141 25 Lemaître
2102 298 138 32 comptait
2265 299 118 27 réaliser
2404 307 33 20 au

1700 326 154 25 détriment
1871 327 39 25 de
1930 326 97 26 Collet.

1730 359 137 26 Voulut-il
1884 358 197 37 s'approprier
2101 360 25 25 le
2146 359 86 27 livret
2249 361 138 27 militaire
2405 364 34 22 de

1698 389 137 26 l'ouvrier
1850 389 125 30 agricole
1991 390 12 24 ?
2015 390 22 25 Y
2054 391 80 27 eut-il
2147 391 128 31 pendant
2288 393 26 25 1&
2329 399 110 26 voyage

1702 422 17 24 ù
1740 418 233 32 Chftteaubriant,
1996 420 172 31 discussion,
2191 423 65 31 puis
2277 424 70 26 lutte
2369 430 70 26 pour

1700 457 31 20 ce
1752 452 92 28 motif,
1867 459 47 19 car
1936 451 142 28 Lemaltie
2101 456 77 25 avait
2200 462 39 18 un
2259 456 105 26 intérêt
2383 462 43 20 cer-

1698 483 61 26 tain
1783 483 17 26 à
1824 483 136 32 posséder
1981 490 33 20 ce
2034 484 84 26 livret
2138 485 139 28 militaire
2300 489 51 27 qui
2374 494 50 24 pou-

1698 515 59 26 vait
1776 515 40 26 lui
1840 517 91 24 servir
1954 515 130 32 lorsqu'il
2106 519 87 24 serait
2215 519 89 32 brûlé,
2324 526 67 24 ijous
2414 517 25 26 1»

1698 547 45 33 110
1757 547 15 33 m
1787 547 30 33 de
1832 548 38 25 Le
1887 547 80 33 Sngc.

1729 580 72 28 Quoi
1826 579 70 31 qu'il
1918 575 33 30 e'f
1977 580 61 28 soit,
2063 581 73 25 deux
2159 582 172 30 enquêtcum
2356 583 33 25 de
2411 583 28 25 la

1698 611 118 30 brigade
1843 611 104 26 mobile
1969 609 37 27 de
2027 612 113 26 Rennes
2166 615 64 24 sont
2254 614 91 31 partis
2367 619 72 27 pour

1698 641 154 26 Bordeaux
1873 644 37 24 où
1932 644 35 26 ils
1993 645 67 24 inte.:
2068 647 133 27 rogeront
2224 645 150 27 Lemaître.

1727 674 38 25 Le
1795 672 145 27 déserteur
1974 676 100 28 ignore
2106 679 102 20 encore
2239 676 200 32 l'inculpation

1700 709 48 27 qui
1768 711 119 19 menace
1910 712 32 19 sa
1962 706 56 25 têts
2040 726 6 8 ,
2069 707 19 24 il
2108 713 34 18 ne
2161 710 28 24 la
2212 711 151 22 connaîtra
2386 713 53 25 (jue

1698 743 31 19 ce
1749 738 99 27 matin,
1871 739 24 24 et
1918 738 67 25 c'est
2006 742 141 27 pourquoi
2169 744 72 20 nous
2262 739 102 26 avions
2383 741 43 28 jus-

1698 769 87 30 qu'ici
1819 769 89 31 gardé
1942 770 26 25 le
2002 769 107 26 silence
2143 776 51 19 sur
2223 774 70 24 cette
2328 771 111 27 affaire,

1698 801 124 28 quoique
1860 801 28 25 la
1928 801 189 25 connaissant
2156 801 99 30 depuis
2295 802 144 32 plusieurs

1695 833 89 30 jours.

1727 862 142 28 Lemaître
1891 862 4 33 l
1894 863 172 32 passera-t-il
2091 865 51 24 des
2165 869 93 21 aveux
2282 866 12 25 ?
2317 862 73 30 C'est
2414 866 25 24 le

1701 899 91 21 secret
1817 895 227 31 d'aujourd'hui,
2068 896 74 25 mais
2169 898 19 24 il
2216 900 132 30 apparaît
2378 898 61 28 déjà

1700 933 57 25 que
1770 928 26 24 le
1813 927 83 25 Puits
1911 927 81 25 Galot
2008 935 17 17 a
2041 926 72 26 livré
2130 930 28 24 la
2174 928 65 30 plus
2255 930 107 31 grands
2380 933 45 26 par-

1700 959 39 26 tie
1754 959 38 25 du
1809 959 92 25 secret
1917 959 112 25 affreux
2047 959 69 30 qu'il
2131 959 116 32 gardait
2259 959 103 32 depuis
2378 960 61 31 plus

1700 991 71 24 d'un
1788 996 46 20 an.

2246 1024 28 26 C.
2298 1024 112 26 FAVREL.

1778 1265 211 39 L'ODYSSÉE
2016 1265 93 39 D'UN
2139 1265 234 40 DÉSERTEUR

1737 1371 94 31 PARIS,
1863 1372 32 26 17
1925 1371 151 25 décembre.
2169 1371 124 31 Auguste
2324 1371 118 26 Grisard.

1706 1402 89 30 soldat
1817 1409 33 19 nu
1873 1402 58 26 15V
1952 1402 182 28 d'lnfanterie,
2156 1409 32 21 en
2212 1404 71 26 1911,
2307 1404 73 25 avait
2400 1402 28 26 dé-

1706 1435 78 25 serté.
1809 1435 21 26 Il
1859 1435 65 26 élalt
1946 1435 105 25 devenu
2078 1435 177 32 rempailleur
2281 1435 33 26 de
2341 1435 102 26 chaises

1702 1473 35 18 en
1757 1467 168 30 Allemagne.
1946 1468 22 24 A
1989 1467 26 24 la
2037 1472 109 26 guerre,
2167 1473 53 19 une
2241 1467 146 32 patrouille
2407 1467 24 25 al-

1703 1499 125 24 lemande
1853 1499 149 30 l'empêcha
2023 1500 32 24 de
2079 1500 106 24 rentrer
2207 1504 33 20 en
2264 1500 109 25 France.
2396 1499 31 24 Ar-

1706 1530 56 25 rêté
1785 1535 48 25 par
1858 1531 38 24 les
1917 1531 170 30 Al'cmandß.
2106 1531 18 24 il
2148 1530 109 27 s'évada
2280 1532 32 24 de
2333 1531 110 27 Namur,

1701 1569 34 18 en
1759 1561 73 25 1915.
1854 1561 94 24 Arrêté
1974 1561 32 26 de
2027 1567 136 22 nouveau,
2186 1563 18 24 il
2228 1563 45 24 fut
2295 1561 148 24 condamné

1701 1598 51 26 par
1770 1593 39 25 les
1830 1592 158 25 Allemands
2006 1592 19 25 à
2041 1594 15 24 5
2079 1598 48 19 ans
2147 1594 32 22 de
2199 1592 157 27 forteresse.

1734 1624 86 31 Après
1843 1624 31 26 13
1897 1624 69 24 mois
1990 1624 34 25 de
2048 1622 157 32 forteresse,
2229 1624 19 26 il
2272 1625 45 25 fut
2340 1624 103 32 envoyé

1702 1656 66 24 dans
1794 1656 48 26 des
1869 1661 92 26 camps
1987 1656 33 24 de
2043 1656 182 32 représailles.
2251 1656 21 25 Il
2298 1656 144 31 s'échappa

1694 1688 97 26 entioro
1809 1688 27 24 et
1858 1691 90 26 gagna
1967 1687 27 25 la
2013 1687 142 28 Hollande.
2173 1688 46 27 LA,
2238 1688 15 25 il
2277 1694 28 20 se
2324 1688 97 31 présen-

1701 1720 25 24 ta
1749 1724 33 18 au
1806 1720 130 25 Consulat
1958 1720 33 24 de
2011 1719 111 30 France,
2140 1719 15 25 à
2176 1720 167 27 Rotterdam,
2362 1717 27 26 lo
2411 1717 31 26 15

1698 1749 146 26 novembre
1867 1750 72 25 1918.

1731 1781 98 26 Rentré
1857 1788 34 19 en
1916 1781 112 31 France,
2055 1782 144 32 incorporé
2222 1789 37 19 au
2288 1782 57 27 102*
2370 1781 57 32 régi-

1703 1815 74 24 ment
1806 1813 180 27 d'infanterie,
2016 1814 113 26 Grizard
2158 1814 44 27 fut
2228 1813 156 27 démobilisé
2413 1820 28 20 en

1695 1846 64 25 1919
1791 1853 6 19 ;
1822 1847 19 25 il
1866 1846 100 26 toucha
1989 1851 32 20 sa
2044 1846 85 31 prime
2153 1846 33 26 de
2211 1845 224 28 démobilisation,

1697 1878 61 30 puis
1782 1877 19 26 il
1825 1876 117 27 s'établit
1967 1879 17 25 à
2006 1877 126 32 Gentilly.

1730 1909 38 24 En
1791 1909 61 30 juin
1873 1909 65 26 1924
1962 1910 161 27 seulement,
2146 1915 34 19 on
2204 1907 137 33 s'aperçut
2387 1915 51 25 que

1697 1939 112 27 Grizard
1835 1938 64 26 était
1924 1945 39 19 un
1989 1941 150 25 déserteur.
2166 1941 20 25 Il
2212 1942 46 24 fut
2283 1941 87 25 arrêté
2414 1941 26 24 et

1704 1970 207 32 comparaissait
1931 1970 176 32 aujourd'hui
2127 1972 100 25 devant
2246 1972 24 25 le
2344 1971 97 25 conseil

1703 2003 33 24 de
1756 2008 98 25 guerre
1854 2003 1 30 1
1858 2003 5 30 .

1734 2035 22 24 Il
1779 2041 17 18 a
1818 2034 41 25 été
1881 2033 151 26 condamné
2055 2036 17 25 à
2093 2035 17 25 2
2132 2041 52 20 ans
2207 2035 32 24 de
2264 2034 92 31 prison
2378 2039 64 19 sans

1704 2065 93 25 sursis,
1822 2069 69 26 pour
1915 2065 135 25 désertion
2068 2074 35 19 en
2122 2067 92 28 temps
2233 2063 31 30 de
2287 2067 71 28 paix.

1695 2151 71 40 DIX
1791 2152 252 43 SQUELETTES
2063 2152 52 39 DE
2139 2152 120 39 TROIS
2282 2151 154 40 SIÈCLES

1728 2257 104 27 ROUEN,
1856 2259 28 25 17
1907 2257 150 26 décembre.
2130 2258 52 25 Des
2204 2258 158 26 terrassiers
2381 2258 41 25 tra-

1694 2289 115 27 vaillant
1833 2290 69 25 dans
1924 2290 25 24 la
1972 2295 66 20 cour
2083 2290 34 25 de
2143 2290 26 25 la
2194 2289 94 26 scierie
2313 2289 123 27 Prévost,

1698 2320 138 31 faubourg
1861 2323 32 25 de
1917 2322 102 26 Rouen,
2043 2322 14 26 à
2083 2321 287 34 Gournay-en-Braye,
2394 2321 41 26 ont

1698 2352 50 25 mis
1778 2352 15 26 ft
1819 2353 66 30 jour
1913 2352 45 25 dis
1985 2352 150 30 squelettes
2161 2352 129 27 humains
2319 2353 117 24 enterrés

1697 2386 15 24 à
1733 2388 38 19 un
1791 2383 85 24 mètre
1899 2385 31 24 de
1949 2382 181 28 profondeur,

1737 2415 52 25 Ces
1809 2415 151 25 ossements
1982 2415 63 27 sont
2066 2421 70 19 ceux
2156 2417 35 24 de
2210 2415 97 30 jeunes
2330 2419 112 27 garçons

1704 2446 27 25 et
1753 2446 98 31 jeunes
1873 2446 70 25 filles
1965 2447 46 31 qui
2037 2446 110 27 doivent
2165 2451 115 27 reposer
2301 2446 17 25 à
2337 2446 41 25 cet
2400 2450 28 21 en-

1706 2478 72 24 droit
1795 2478 98 27 depuis
1909 2477 64 28 plus
1991 2479 33 24 de
2041 2479 15 24 3
2075 2478 103 25 siècles.

1729 2507 142 26 L'histoire
1900 2509 86 25 locale.'
2017 2510 128 28 rapporte
2174 2509 63 31 qu'à
2265 2510 41 24 cet
2331 2507 107 26 endroit

1695 2539 96 28 furent
1813 2539 132 32 déposées
1968 2541 39 26 les
2028 2539 125 25 victimes
2178 2541 33 25 de
2236 2541 26 24 la
2285 2541 76 30 peste
2385 2539 52 31 qui,

1697 2574 32 22 de
1752 2571 65 26 1501
1838 2574 17 25 h
1874 2571 72 30 1588,
1967 2571 64 26 vida,
2050 2572 33 24 de
2104 2576 32 20 sa
2154 2571 157 32 population
2330 2571 26 25 la
2375 2570 63 26 ville

1698 2603 32 26 de
1752 2603 138 32 Gournay,
1912 2603 27 26 la
1959 2603 91 26 moitié
2070 2602 100 31 fuyant
2190 2604 28 25 îa
2239 2603 51 26 cité
2323 2603 24 27 le
2367 2603 72 25 reste

1704 2635 128 25 mourant
1854 2641 50 19 sur
1922 2635 77 31 place
2021 2635 69 25 dans
2108 2635 26 26 la
2154 2635 63 25 ville
2239 2634 66 26 dont
2326 2641 38 19 un
2383 2635 45 24 dra-

1704 2672 69 21 peau
1793 2666 61 25 noir
1876 2667 169 25 interdlssait
2066 2666 97 25 l'accès
2185 2673 54 18 aux
2261 2666 150 27 étrangers.

1760 2753 28 38 A
1809 2753 52 38 LA
1884 2753 252 39 COMMISSION
2161 2752 222 45 D'ENQUETE

1817 2818 74 39 DES
1915 2817 130 40 FONDS
2067 2817 268 40 ELECTORAUX

2069 2872 30 17 *■

1728 2926 94 24 PARIS.
1838 2924 28 25 17
1881 2924 158 26 décembre.
2104 2924 40 25 La
2158 2924 194 25 Commission
2369 2923 59 26 d'en-

1698 2956 83 26 quête
1808 2960 50 20 sur
1880 2955 45 26 les
1949 2955 89 26 fonds
2060 2954 165 27 électoraux
2249 2962 20 19 a
2294 2956 77 25 tenu,
2399 2956 44 24 cet

1697 2986 176 28 après-midi,
1899 2993 57 19 une
1981 2987 124 26 réunion
2131 2988 67 24 souS
2223 2987 30 25 la
2275 2980 168 38 présidence

1698 3019 35 26 de
1755 3019 37 26 M.
1818 3019 144 26 Renaude\l

1727 3051 40 26 La
1785 3050 193 26 Commission
1998 3057 15 19 a
2035 3052 146 25 approuvé
2199 3052 30 25 la
2248 3051 81 26 lettre
2349 3051 78 26 adres-

1701 3083 46 26 sée
1773 3090 38 19 au
1838 3084 91 24 Garde
1950 3084 51 24 des
2028 3084 112 25 Sceaux
2165 3089 53 21 par
2241 3084 27 25 le
2293 3083 150 26 Président

1700 3116 34 25 de
1755 3116 31 25 la
1806 3113 193 27 Commission
2021 3119 72 22 pour
2114 3115 129 30 signaler
2262 3116 26 26 le
2310 3115 78 25 refus
2408 3116 34 25 de

1701 3145 161 28 prestation
1883 3146 34 24 de
1938 3148 126 24 serment
2087 3148 34 24 de
2141 3146 35 25 M.
2202 3146 103 26 Billiet.

1730 3175 37 28 Le
1795 3177 154 26 Président
1975 3185 19 18 a
2021 3177 97 26 donné
2147 3178 107 25 lecture
2282 3180 37 22 de
2349 3180 93 25 lettres

1702 3211 34 24 de
1754 3208 145 28 plusieurs
1917 3214 159 21 personnes
2094 3211 50 26 qui
2158 3209 178 26 demandent
2354 3211 17 24 à
2387 3210 56 25 être

1701 3242 161 24 entendues
1890 3247 39 19 ou
1961 3242 47 25 crui
2037 3241 129 28 désirent
2197 3242 96 28 porter
2322 3242 120 25 certains

1702 3273 70 25 faits
1793 3280 37 18 ou
1851 3274 169 24 documents
2041 3275 18 24 à
2080 3275 30 24 la
2130 3276 210 22 connaissance
2360 3274 34 25 de
2418 3274 25 25 la

1703 3304 201 19 Commission.

1729 3337 40 26 La
1788 3335 193 26 Commission
2003 3344 17 18 a
2040 3338 106 28 décidé,
2166 3338 84 31 après
2270 3338 169 28 discussion,

1700 3369 34 25 de
1760 3370 143 25 reiivover
1926 3369 143 25 l'examen
2092 3369 35 25 de
2152 3376 47 20 ces
2223 3370 99 25 lettres
2348 3371 18 24 à
2389 3376 50 19 son

1697 3398 119 28 bureau,
1843 3400 48 25 oui
1917 3403 65 22 sera
2006 3400 105 28 chargé
2134 3400 34 26 de
2194 3399 64 26 leur
2280 3400 113 25 donner
2413 3402 26 24 la

1696 3430 73 28 suite
1800 3431 120 27 qu'elles
1949 3431 44 26 lui
2022 3432 162 27 paraîtront
2211 3436 169 24 comporter.

1726 3463 40 25 La
1789 3462 193 26 Commission
2007 3470 17 18 a
2047 3464 104 25 chargé
2177 3470 52 19 son
2252 3465 109 24 bureau
2386 3464 41 25 d'é-

1697 3490 86 31 tablir
1805 3495 229 26 définitivement
2057 3497 30 25 la
2112 3497 65 25 liste
2202 3497 50 25 des
2275 3496 92 31 partis
2392 3496 50 31 qui

1698 3527 97 25 seront
1819 3527 151 26 entendus.
1997 3527 61 26 Elle
2086 3533 189 24 convoquera,
2301 3529 76 24 dans
2401 3528 40 25 les

1700 3559 106 25 formes
1835 3559 117 27 légales,
1983 3566 72 20 pour
2085 3566 33 19 sa
2145 3560 156 30 prochaine
2331 3560 110 30 séance,

1698 3589 43 25 les
1766 3591 211 26 personnalités
2002 3592 50 25 oui
2070 3593 143 26 occupent
2233 3593 43 25 les
2301 3593 141 25 fonctions

1700 3621 178 26 essentielles
1905 3624 76 21 dans
2009 3622 256 26 l'administration
2295 3625 27 22 et
2348 3625 31 25 la
2406 3625 24 24 di-

1700 3653 109 24 rection
1826 3654 38 22 de
1880 3652 117 26 l'Union
2017 3654 50 24 des
2087 3654 120 24 Intérêts
2226 3656 215 26 Economiques.

1696 3739 142 35 L'ETAT
1869 3741 51 34 DE
1949 3741 129 34 SANTÉ
2106 3741 52 34 DE
2187 3742 43 33 M.
2258 3741 178 34 HERRIOT

1730 3846 97 30 PARIS,
1856 3847 28 25 17
1909 3847 156 25 décembre.
2145 3847 234 25 L'amélioration
2404 3847 27 26 *-é-

1701 3876 109 30 -gulière
1835 3878 145 25 constatée
2008 3878 102 30 depuis
2138 3882 46 19 ces
2207 3876 130 26 derniers
2363 3878 76 31 jours

1701 3906 72 25 dans
1793 3906 31 26 la
1843 3908 81 24 santé
1944 3908 37 24 de
2001 3907 37 25 M.
2060 3907 116 26 Herriot
2193 3909 110 28 permet
2323 3907 34 25 de
2379 3913 46 26 pen-

1700 3943 47 19 ser
1766 3944 53 24 que
1839 3938 27 24 le
1883 3938 149 31 président
2052 3944 106 26 pourra
2177 3944 31 20 se
2226 3938 78 26 lever
2324 3938 72 26 dans
2417 3939 22 25 le

1701 3970 124 24 courant
1845 3969 33 25 de
1899 3969 28 25 la
1948 3970 129 24 semaine
2096 3966 164 33 prochaine.

1728 3997 81 26 Voici
1827 3998 26 25 le
1870 3999 120 24 bulletin
2009 4000 34 24 de
2061 3999 81 24 santé
2163 3999 202 31 communiqué
2382 4000 17 25 à,
2415 4002 24 24 la

1706 4028 40 24 fin
1768 4030 34 21 de
1821 4029 30 22 la
1871 4029 125 22 matinée
2021 4038 6 13 :

1737 4069 9 13 «
1774 4059 91 25 L'état
1890 4059 76 26 local
1993 4061 162 26 s'améliore
2179 4062 266 30 progressivement.

1710 4088 204 32 Température
1936 4090 17 24 à
1970 4097 57 25 peu
2047 4091 67 31 près
2134 4091 138 30 normale,
2294 4093 61 25 37°2
2374 4101 20 14 ».

1737 4120 87 31 Signé
1848 4128 6 18 :
1877 4121 118 26 docteur
2014 4122 89 25 Henri
2126 4121 77 32 Bloc,
2224 4122 167 32 professeur
2411 4123 24 25 Si-

1711 4147 74 32 card,
1811 4152 164 27 professeur
1994 4153 122 26 Vaquez.

2832 255 73 24 *—

2490 307 63 57 LE
2588 307 207 58 BUDBET
2828 309 66 56 DE
2928 309 267 60 L'HYGIENE

2637 396 65 58 ET
2735 387 71 69 DU
2841 398 217 59 TRAVAIL

2507 523 93 31 PARIS,
2621 523 28 27 17
2669 524 154 30 décembre.
2895 528 196 33 Aujourd'hui,
3110 529 103 32 budget

2479 555 37 25 du
2537 555 104 26 travail
2659 561 28 21 et
2705 559 34 26 de
2757 557 155 32 l'hygiène.
2931 561 96 26 Calme
3048 561 58 32 plat
3125 563 73 25 succé-

2479 587 69 26 dant
2569 588 18 25 ù
2608 587 107 32 l'orage
2739 589 99 26 d'hier.

2509 618 35 26 M.
2567 619 107 27 Pinard
2696 622 138 26 demande
2857 622 27 25 21
2906 622 129 28 millions
3056 631 72 26 pour
3146 626 53 31 l'hy-

2479 651 81 30 giène
2581 652 25 24 et
2624 652 30 25 la
2673 653 81 25 santé
2774 652 144 33 publique.
2942 665 11 12 «
2972 657 74 25 Nous
3067 657 94 30 ferons
3182 659 31 25 de

2481 683 150 26 véritables
2653 685 162 26 économies
2835 693 21 20 •,
2877 686 81 25 dit-11.

2510 713 34 25 M.
2567 713 89 27 Lebas
2674 717 141 26 demande
2832 717 28 25 la
2880 718 39 25 loi
2937 719 33 26 de
2989 720 14 25 8
3022 719 102 27 heures
3145 730 11 13 «
3177 720 24 26 in-

2480 744 190 27 ternationale
2688 757 20 14 ».

2509 777 38 26 Le
2570 780 118 24 docteur
2711 781 132 28 Peyroux
2868 783 40 24 dit
2930 787 54 25 que
3009 783 209 26 l'insuffisance

2479 809 35 24 de
2541 809 105 26 l'effort
2670 810 167 31 budgétaire
2863 813 52 25 fait
2942 820 35 19 en
3004 815 103 25 faveur
3130 816 35 27 de
3193 816 26 25 la

2481 841 110 26 famille
2610 842 144 31 française
2772 844 43 24 est
2832 850 39 18 un
2890 846 142 25 scandale.
3054 848 22 24 11
3093 848 125 30 rappelle

2480 878 54 25 que
2557 874 157 26 l'excédent
2738 875 50 25 des
2812 875 165 27 naissances
3000 883 51 19 sur
3073 880 41 25 les
3138 880 80 25 décès

2478 909 74 25 pour
2576 906 43 27 les
2642 909 100 27 quatre
2767 906 145 27 dernières
2940 911 107 25 années
3073 918 15 18 a
3116 911 43 25 été
3184 918 34 18 en

2481 935 165 31 Allemagne
2683 937 33 26 de
2743 939 64 30 plus
2842 938 33 27 de
2898 940 77 25 deux
3012 940 135 32 millions,
3185 948 33 19 en

2481 966 109 28 France
2619 969 157 27 seulement
2803 972 34 24 de
2863 972 106 25 130.000.

2509 998 41 26 En
2580 1003 129 28 passant,
2739 1002 26 25 le
2796 1002 103 31 député
2928 1004 34 26 de
2993 1005 30 25 la
3053 1005 151 26 Seine-Infé-

2480 1030 92 26 rieure
2593 1033 66 22 note
2681 1038 54 25 que
2757 1035 41 22 les
2819 1033 210 30 départements
3051 1037 89 28 restés
3159 1043 45 25 pro-

2480 1063 113 30 lifiques
2619 1067 65 22 sont
2706 1071 72 19 ceux
2804 1067 37 24 où
2864 1067 28 24 la
2919 1068 39 22 foi
2981 1069 152 30 religieuse
3158 1071 46 24 sub-

2481 1094 66 25 siste
2572 1096 65 30 plus
2662 1096 119 27 intense.
2810 1096 21 27 Il
2855 1102 129 26 propose,
3012 1098 109 28 d'autre
3146 1103 72 28 part,

2481 1126 137 30 quelques
2646 1128 129 28 remèdes
2803 1135 7 18 :
2836 1128 216 31 augmentation
3079 1133 48 26 des
3155 1133 52 25 allo-

2481 1157 111 25 cations
2615 1159 163 30 familiales,
2802 1161 221 28 multiplication
3045 1163 48 24 des
3115 1162 104 31 primes

2481 1188 17 25 à
2516 1188 31 26 la
2568 1191 129 30 natalité,
2721 1191 63 26 vote
2807 1193 132 28 familial,
2962 1193 196 27 modification
3181 1196 38 25 du

2481 1220 106 28 régime
2617 1225 176 22 successoral
2823 1230 73 25 pour
2923 1226 41 25 les
2994 1224 80 27 biens
3104 1233 115 24 ruraux,

2481 1252 149 26 extension
2652 1253 51 25 des
2722 1259 116 24 secours
2857 1257 34 24 de
2911 1258 161 28 maternité,
3093 1258 125 26 création

2481 1283 34 26 de
2535 1281 129 30 maisons
2682 1285 159 32 modernes,
2863 1287 50 26 etc.

2554 1345 65 43 La
2639 1346 109 43 lutte
2769 1356 148 35 contre
2937 1350 39 41 le
2996 1364 154 30 cancer

2511 1422 117 26 Comme
2644 1422 35 26 M.
2701 1426 132 30 Peyroux
2852 1424 99 27 insiste
2970 1433 51 20 sur
3037 1428 30 26 la
3083 1428 136 26 nécessité

2481 1453 34 26 de
2533 1454 175 27 généraliser
2726 1456 28 24 la
2774 1455 71 30 lutte
2864 1459 97 24 contre
2979 1461 26 24 le
3024 1465 110 24 cancer,
3155 1460 52 25 l'ab-

2480 1485 34 25 bé
2536 1485 110 28 Lemire
2668 1487 141 26 demande
2830 1493 47 21 au-
2891 1488 131 27 ministre
3047 1499 6 15 :

2559 1519 90 24 A-t-on
2668 1519 100 26 trouvé
2787 1526 40 19 un
2848 1520 115 26 remède
2980 1521 111 26 certain
3105 1522 12 26 ?

2511 1547 37 26 M.
2565 1551 92 24 JUSTIN
2675 1551 113 25 GODART.
2849 1552 37 25 Le
2902 1558 104 20 cancer
3022 1552 15 25 à
3053 1552 79 27 l'état
3146 1554 58 24 nais-

2481 1581 66 24 sant
2568 1583 44 22 est
2633 1581 215 31 généralement
2868 1584 125 27 curable.
3018 1585 24 25 Il
3064 1585 64 26 faut
3149 1587 70 25 donc

2481 1612 26 27 le
2531 1612 130 31 dépister.
2687 1615 39 24 La
2747 1613 223 32 multiplication
2993 1617 50 25 des
3065 1617 138 32 dispensai-

2481 1649 46 20 res
2551 1644 155 32 permettra
2731 1646 168 26 d'atteindre
2924 1655 33 18 ce
2983 1649 58 28 but,

2481 1681 54 25 que
2559 1676 28 26 la
2610 1676 71 26 lutte
2702 1678 97 25 contre
2822 1678 41 26 les
2885 1678 167 27 charlatans
3074 1682 129 25 extra-mé-

2481 1706 105 27 dicaux
2619 1710 25 24 et
2675 1709 109 31 parfois
2815 1711 86 30 aussi,
2933 1713 286 30 malheureusement,

2483 1739 161 30 médicaux,
2666 1741 47 35 gui
2737 1742 130 25 donnent
2887 1749 58 18 aux
2966 1744 129 30 malades
3115 1747 50 25 des
3185 1750 22 19 es-

2481 1770 78 31 poirs
2578 1772 155 28 injustifiés
2748 1775 27 24 et
2791 1774 122 26 laissent
2929 1775 26 25 le
2973 1780 103 20 cancer
3094 1781 27 20 se
3139 1778 64 30 géné-

2481 1801 104 27 raliser
2606 1802 72 27 dans
2699 1804 194 32 l'organisme.

2580 1902 51 56 La
2652 1904 141 54 séance
2815 1905 45 54 de
2880 1904 241 67 l'après-midi

2845 1985 21 21 *
2870 1993 50 5 —

2502 2035 105 35 _'PARIS,
2635 2036 30 25 17
2691 2036 156 25 décembre.
2930 2037 37 27 M.
2996 2039 143 26 Bouisson
3165 2040 43 31 pré-

2484 2063 69 28 side.
2574 2068 43 25 On
2637 2067 137 28 continue
2792 2068 27 26 le
2838 2068 106 32 budget
2962 2070 39 25 du
3021 2070 123 26 Travail.

2512 2098 66 26 MM.
2607 2099 137 32 François
2771 2100 144 32 Lefebvre,
2946 2101 151 31 socialiste,
3125 2104 28 25 et
3182 2101 26 26 Pi-

2484 2132 122 30 quemal,
2633 2133 200 27 communiste,
2872 2138 28 19 se
2928 2132 149 32 plaignent
3115 2140 54 25 que
3196 2135 25 25 la

2483 2163 118 30 journée
2629 2165 33 25 de
2688 2163 15 24 8
2731 2165 103 24 heures
2861 2171 35 19 ne
2926 2164 56 26 soit
3009 2172 52 24 pas
3091 2166 130 26 Observéo

2484 2193 72 26 dans
2572 2196 44 24 les
2634 2193 128 28 diverses
2780 2196 167 30 industries,
2966 2198 83 28 grâce
3069 2204 59 20 aux
3146 2198 60 26 déro-

2483 2228 113 27 gations
2617 2226 189 31 temporaires
2828 2233 37 19 ou
2885 2228 201 32 permanentes
3105 2230 71 25 dont
3196 2231 25 26 la

2483 2258 106 25 faculté
2611 2262 41 22 est
2670 2259 142 27 concédée
2833 2265 58 19 aux
2908 2262 130 28 ipatrons.

2512 2290 37 26 M.
2572 2290 150 28 Pi-quemai
2743 2289 54 27 fait
2817 2291 102 27 l'éloge
2939 2290 52 28 des
3009 2293 72 26 trois
3102 2291 71 27 huit.

2512 2322 34 26 M.
2577 2322 87 30 Maés,
2692 2322 104 32 député
2825 2322 144 27 socialiste
2998 2326 39 25 du
3063 2323 143 27 Pas-de-Ca-

2481 2354 64 30 lais,
2582 2354 142 27 demande
2748 2354 26 28 le
2811 2355 174 26 relèvement
3009 2355 52 26 des
3087 2355 133 32 pensions

2483 2386 51 24 des
2552 2387 130 22 ouvriers
2701 2385 138 25 mineurs.

2512 2418 37 24 Le
2570 2420 177 28 rapporteur.
2772 2419 35 24 M.
2833 2420 119 28 Nogaro,
2978 2418 104 32 député
3104 2420 103 25 radical-

2481 2447 144 28 socialiste
2657 2451 48 25 des
2735 2451 273 28 Hautes-Pyrénées,
3035 2451 144 28 remplace
3207 2453 14 22 à

2481 2480 31 25 la
2533 2480 117 25 tribune
2676 2481 138 25 l'orateur
2836 2480 154 32 précédent
3015 2483 27 27 et
3066 2483 85 26 traite
3178 2487 28 20 no-

2483 2512 141 25 tamment
2646 2512 185 32 l'inquiétant
2855 2511 148 33 problème
3027 2516 34 22 de
3089 2515 30 24 la
3144 2513 61 31 dépo-

2481 2544 138 31 pulation.

2512 2576 35 25 M.
2571 2576 117 27 NOGARO.
2760 2576 73 25 Tout
2852 2582 39 19 au
2913 2576 97 27 moins
3030 2577 191 26 devons-nous

2481 2607 73 26 faire
2575 2609 66 24 tous
2661 2614 54 19 nos
2737 2608 98 25 efforts
2856 2613 74 25 pour
2948 2608 120 26 réaliser
3087 2609 27 25 le
3135 2608 70 25 maxi-

2481 2642 79 21 mum
2590 2639 34 25 de
2655 2637 103 31 justice
2789 2639 105 26 sociale
2927 2646 35 18 en
2994 2640 159 25 favorisant
3183 2639 38 26 les

2481 2668 163 27 conditions
2665 2669 35 30 de
2718 2669 146 32 l'hygiène
2884 2670 50 25 des
2953 2670 193 28 travailleurs.

2512 2702 37 25 M.
2572 2704 112 30 Nogaro
2708 2702 67 31 juge
2800 2701 70 28 qu'il
2893 2700 65 27 faut
2980 2701 73 28 faire
3074 2708 41 19 un
3141 2704 80 25 effort

2481 2740 73 20 pour
2583 2740 54 25 que
2666 2734 31 25 la
2724 2733 111 26 famille
2864 2734 54 25 soit
2949 2733 65 26 DIUS
3044 2734 177 25 nombreuse.

2481 2766 78 25 Pour
2581 2766 51 28 lui,
2655 2766 26 25 le
2705 2766 149 26 ministère
2878 2766 39 25 du
2942 2765 117 26 Travail
3083 2763 59 28 doit
3167 2766 54 25 être

2481 2798 27 25 le
2529 2797 149 26 ministère
2699 2798 37 25 de
2756 2798 30 26 la
2806 2796 112 26 vitalité
2940 2797 116 26 sociale.

2512 2830 35 24 M.
2570 2830 94 25 Justin
2687 2829 113 31 Godart,
2823 2826 133 27 ministre
2976 2830 40 25 du
3037 2830 125 28 Travail,
3183 2830 26 25 ré-

2481 2862 77 26 pond
2584 2859 17 25 à
2623 2863 30 24 la
2674 2858 113 27 tribune
2813 2867 56 18 aux
2893 2862 130 25 orateur»
3045 2859 176 33 précédents.

2483 2891 24 26 Il
2525 2891 41 26 dit
2584 2890 53 27 mie
2655 2890 118 27 l'œuvre
2792 2890 35 26 Aë
2844 2890 198 32 préservation
3058 2893 35 25 de
3110 2893 31 24 la
3157 2897 64 19 race

2481 2923 74 25 n'est
2572 2921 154 28 réalisable
2746 2929 54 24 que
2822 2923 25 25 si
2864 2922 59 26 l'on
2941 2924 59 24 met
3020 2922 15 25 à
3054 2924 28 24 la
3102 2922 105 31 disposi-

2481 2955 61 26 tion
2567 2955 37 26 de
2624 2955 86 26 l'Etat
2734 2954 44 26 les
2802 2961 124 19 sommes
2950 2954 177 26 nécessaires
3151 2959 70 27 pour

2481 2987 137 26 défendre
2639 2987 30 25 la
2691 2987 81 25 santé
2792 2985 144 28 publique.

2512 3019 37 25 Le
2572 3019 231 26 Gouvernement,
2828 3018 93 27 désire
2943 3017 111 27 d'autre
3081 3019 64 27 part
3170 3017 39 26 éta-

2483 3051 57 25 blir
2562 3057 39 20 un
2627 3050 126 26 contrôle
2779 3047 80 27 strict,
2883 3051 35 24 de
2942 3047 221 32 l'immigration
3188 3051 33 24 et.

2484 3089 34 19 en
2545 3089 30 20 ce
2602 3081 48 30 qui
2676 3086 141 20 concerne
2843 3081 26 25 le
2894 3080 151 30 logement,
3072 3080 21 26 il
3120 3080 100 28 entend

2484 3113 137 26 absorber
2640 3118 73 26 pour
2735 3113 57 26 1925
2815 3113 41 27 les
2878 3111 106 26 crédits
3008 3117 102 20 encore
3132 3111 74 32 dispo-

2484 3145 100 25 nibles.
2604 3146 22 24 Il
2644 3145 132 31 poursuit
2793 3150 53 25 par
2864 3143 118 26 ailleurs
3000 3144 172 26 l'extension
3188 3143 33 26 de

2484 3177 30 27 la
2536 3177 39 24 loi
2603 3177 35 28 de
2665 3177 14 24 S
2706 3176 111 30 heures,
2844 3175 155 26 excellente
3025 3182 74 24 pour
3125 3180 27 22 la
3177 3175 44 25 vie

2484 3208 150 26 familiale.
2659 3209 38 25 Le
2719 3208 85 26 traité
2829 3209 34 25 de
2888 3206 156 28 Versailles
3071 3214 15 18 a
3111 3207 63 25 créé
3197 3208 24 24 le

2484 3241 113 25 Bureau
2622 3240 207 26 international
2854 3240 38 25 du
2914 3239 116 28 travail;
3053 3239 26 25 le
3105 3239 99 25 Gouver-

2484 3273 117 20 nement
2617 3272 43 21 lui
2678 3273 94 20 donne
2792 3278 51 15 son
2862 3272 92 21 entier
2970 3275 146 18 concours.

2513 3305 40 24 En
2583 3305 165 27 terminant,
2790 3305 27 27 le
2843 3302 132 25 ministre
3015 3301 111 26 déclare
3156 3301 65 27 qu'il

2484 3335 72 26 n'est
2578 3343 53 18 nar,
2656 3334 103 26 hostile
2785 3337 17 24 à
2824 3334 187 25 l'institution
3034 3333 67 26 d'un
3126 3332 79 26 minis-

2484 3367 59 25 tère
2569 3367 35 25 de
2633 3369 28 25 la
2692 3365 86 26 Santé
2809 3366 144 31 publique.
2985 3365 41 25 On
3054 3363 167 27 continuera

2485 3398 117 21 demain
2626 3397 99 22 matin.
3033 3397 21 22 J.
3080 3396 115 24 MOLLET.

2500 3487 67 38 LE
2595 3483 252 41 CONGRES
2875 3483 105 39 DES
3004 3482 206 39 MAIRES

2700 3549 71 34 DE
2799 3548 214 35 FRANCE

2512 3654 96 30 PARIS,
2641 3656 30 24 17
2700 3653 149 26 décembre
2949 3653 37 24 Le
3019 3652 124 30 Congrès
3175 3651 46 26 des

2484 3686 105 24 maires
2607 3686 35 25 de
2660 3687 110 22 France
2787 3684 152 26 demande,
2959 3690 32 20 ce
3006 3683 100 27 matin,
3126 3689 56 24 que
3198 3684 22 22 le

2484 3717 118 26 mandat
2619 3716 162 31 municipal
2798 3716 56 27 soit
2871 3716 34 25 de
2919 3716 47 25 six
2983 3720 60 20 ans.

2512 3749 37 25 M.
2570 3749 131 28 Bellamy
2720 3754 18 18 a
2758 3746 104 31 exposé
2882 3748 28 24 la
2931 3745 132 31 question
3083 3746 33 26 de
3136 3746 28 25 la
3183 3745 26 24 ré-

2484 3778 206 30 glementation
2713 3781 51 24 des
2791 3780 91 28 régies
2908 3777 224 26 commerciales.
3161 3777 20 25 Il
3208 3782 13 18 a

2484 3811 142 25 demandé
2648 3816 53 25 que
2728 3811 25 24 le
2779 3809 83 26 mode
2888 3809 33 25 de
2946 3808 203 32 signalisation
3176 3808 45 26 des

2484 3841 125 26 voitures
2624 3842 56 25 soit,
2696 3842 155 25 uniforme.
2869 3842 22 24 Il
2909 3849 18 18 a
2942 3840 133 26 examiné
3093 3840 25 26 le
3133 3840 87 25 statut

2484 3875 46 24 du,
2544 3873 155 32 personnel
2721 3873 167 26 communal
2909 3873 28 26 et
2959 3873 26 25 le
3007 3872 145 32 problème
3175 3872 46 24 des

2484 3906 183 26 affectations
2685 3905 138 31 spéciales
2845 3911 34 20 en
2898 3912 48 20 ras
2965 3906 34 24 de
3019 3904 202 26 mobilisation.

2512 3938 37 24 M.
2569 3938 130 27 Bellamy
2718 3944 17 19 a
2753 3937 161 31 également
2928 3937 145 25 demandé
3091 3938 28 25 la
3136 3933 69 26 modi-

2484 3967 117 26 fication
2621 3970 34 24 de
2674 3970 30 24 la
2722 3967 39 25 loi
2780 3969 37 26 de
2836 3967 59 26 1923
2915 3973 51 20 sur
2985 3970 41 24 les
3044 3967 122 30 emplois
3185 3966 24 24 ré-

2484 3999 96 24 servés
2600 4000 26 25 et
2642 3997 99 27 décidé
2758 4002 33 24 de
2811 3999 170 26 centraliser
2998 4005 56 19 une
3073 3999 130 24 documen-

2484 4030 90 26 tation
2595 4036 50 20 sur
2662 4031 31 25 la
2709 4030 197 32 prostitution.
2926 4032 24 24 Il
2972 4037 15 19 a
3008 4030 141 25 demandé
3170 4032 51 25 que

2484 4062 28 25 la
2537 4063 100 25 valeur
2662 4065 37 24 du
2724 4062 124 25 centime
2871 4067 76 24 pour
2969 4062 43 25 les
3037 4061 184 26 subventions

2484 4090 187 27 d'adduction
2689 4090 87 28 d'eau
2794 4094 113 31 potable
2924 4093 58 25 soit
3002 4091 80 33 porté
3102 4094 35 24 de
3156 4093 65 26 1.000

2485 4124 18 24 à
2523 4124 70 25 3.000
2610 4124 106 25 francs.

2515 4155 76 26 Pour
2616 4155 143 25 remédier
2784 4154 17 26 à
2824 4155 30 26 la
2878 4154 72 26 crise
2979 4156 48 27 qui
3053 4156 72 26 sévit
3151 4155 70 25 dans

3249 213 207 31 l'exploitation
3469 214 52 24 des
3531 211 129 27 thâ&tres
3672 213 34 25 de
3719 211 146 35 province,
3880 214 27 25 la
3919 213 70 26 COQ-

3247 243 65 57 Srès
3324 243 109 31 adapte
3443 243 145 33 plusieurs
3601 249 87 20 vœux
3702 241 112 28 relatifs
3829 249 57 20 aux
3899 242 92 30 droits

3269 275 136 28 'auteurs,
3430 276 17 22 d
3458 274 125 26 éditeur»
3608 282 7 20 ;
3637 276 27 24 le
3686 275 229 26 rétablissement
3939 275 51 25 des

3250 307 104 24 crédite
3376 307 129 24 destinés
3529 307 17 24 à
3572 307 141 25 favoriser
3736 307 30 24 la
3788 307 188 25 décentralisa-

3249 337 59 25 tion
3338 339 139 24 musicale
3504 345 8 22 ;
3539 340 31 25 la
3652 340 131 28 pression
3807 340 33 25 de
3867 339 30 26 la
3921 341 69 24 taxe

3249 369 100 30 d'Etat,
3371 376 20 25 y
3409 371 125 30 compris
3552 370 28 26 le
3598 369 103 27 double
3719 370 120 31 décimt,
3857 378 73 24 pour
3948 373 44 24 lea

3249 400 125 26 théâtres
3396 403 227 24 subventionnés
3641 409 54 25 par
3716 404 40 26 les
3777 404 214 31 municipaités;

3249 432 30 26 la
3293 432 211 27 collaboration
3521 433 65 32 plus
3606 435 91 25 active
3716 433 50 27 des
3783 435 126 25 théâtre*
3926 436 51 24 sub-

3249 465 170 25 ventionnés
3444 465 35 25 de
3507 465 81 26 Paris
3618 472 37 19 au
3680 465 248 26 fonctionnement
3954 467 35 25 de

3252 502 71 20 ceux
3339 498 35 24 de
3393 498 137 31 province

3278 528 58 25 Sur
3357 529 27 25 la
3405 530 177 31 proposition
3605 533 33 24 de
3660 530 37 26 M.
3716 530 138 31 Bellamjr,
3875 530 27 25 le
3921 531 53 25 Con-

3249 560 65 31 gfrès
3334 567 18 19 a
3373 560 72 25 émis
3465 561 25 25 le
3510 566 65 20 vœu
3596 567 53 25 que
3671 563 26 24 le
3717 560 132 27 ministre
3869 561 35 26 de
3926 563 53 24 l'in-

3250 591 107 27 térieur
3374 593 106 24 veuillH
3498 594 65 25 bien
3586 592 122 32 appeler
3719 594 27 24 le
3765 593 113 25 Conseil
3898 592 96 26 d'Etat

3254 625 17 24 à
3293 624 72 25 faire
3391 624 148 26 connaître
3565 625 18 24 à
3605 628 135 21 nouveau
3763 631 52 18 son
3837 625 156 25 sentiment

3250 661 51 19 sur
3321 656 97 31 l'objet
3435 657 37 24 de
3489 661 58 20 son
3567 657 61 25 avis
3648 658 38 25 du
3707 657 30 24 16
3758 663 77 19 mars
3854 657 66 27 1877,
3941 661 52 19 sur

3252 686 41 25 les
3309 689 122 24 recettes
3450 689 26 24 et
3494 689 43 24 les
3556 687 139 32 dépenses
3713 687 52 26 des
3785 685 96 28 Criées
3901 690 74 22 muni-

3253 718 115 28 cipales.

3282 749 51 26 Les
3357 751 107 24 maires
3491 750 34 26 de
3555 749 107 28 Fraace
3693 752 50 22 ont
3770 749 41 26 été
3840 756 81 25 reçus
3948 751 44 24 cet

3252 781 167 31 après-midi
3436 782 18 22 &
3469 780 105 26 l'Hôtel
3589 782 35 22 de
3641 781 83 25 Ville.

3282 813 20 25 A
3324 811 99 26 l'issue
3439 813 35 25 de
3497 813 27 25 la
3547 811 146 26 réception
3712 820 53 27 par
3784 813 31 26 la
3834 811 142 32 Municipa-

3253 843 57 28 lité,
3332 843 41 27 les
3394 843 142 26 membres
3556 846 39 24 du
3613 843 126 31 Congres
3761 852 30 19 se
3810 848 64 21 sont
3895 846 98 25 réunis

3254 880 71 26 pour
3341 876 138 25 terminer
3496 879 77 24 leurs
3591 879 132 24 travaux.
3744 879 76 24 Cette
3837 876 104 26 séance
3956 880 38 21 <ie

3254 906 106 25 clôture
3380 914 19 18 a
3417 908 41 24 été
3477 909 154 24 consacrée
3652 908 17 25 à
3689 909 155 24 l'audition
3860 911 51 24 des
3928 915 50 25 rap-

3255 939 76 30 ports
3344 944 50 20 sur
3407 939 31 25 la
3454 940 38 24 loi
3508 939 177 30 municipale
3699 941 35 24 de
3749 940 64 25 1384.

3283 969 43 26 Un
3345 976 66 20 vœu
3432 978 17 18 a
3469 971 41 25 été
3530 971 115 32 adopté,
3665 973 162 30 protestant
3846 974 97 25 contre
3964 974 31 24 la

3252 1004 187 28 suppression
3458 1004 51 24 des
3527 1005 262 27 arrondissements
3806 1010 37 19 en
3859 1006 63 24 tant
3938 1010 56 25 qua

3254 1035 237 32 circonscription
3515 1035 230 27 administrative
3771 1044 34 19 ou
3830 1037 163 32 judiciaire,

3254 1068 28 22 et
3301 1067 156 31 suggérant
3476 1072 56 19 une
3553 1068 123 24 réforme
3696 1069 174 25 d'ensemble
3891 1070 34 24 de
3944 1075 34 18 na-

3253 1098 63 24 ture
3338 1098 17 25 à
3376 1098 119 26 réaliser
3517 1106 39 19 au
3575 1100 144 26 contraire
3741 1103 31 24 la
3790 1100 188 26 décentralisa-

3254 1129 61 24 tion
3335 1130 234 26 administrative
3589 1131 76 27 dans
3689 1133 26 25 le
3741 1134 85 24 cadre
3850 1135 48 24 des
3922 1131 57 25 divi-

3256 1160 78 25 sions
3357 1162 167 25 existantes.

3341 1285 65 33 LE
3429 1284 254 35 NOUVEAU
3711 1273 198 47 RÉGIME

3257 1349 256 37 D'ALSACE
3542 1351 65 34 ET
3630 1352 69 33 DE
3725 1352 266 37 LORRAINE

3285 1452 93 30 PARIS.
3396 1452 28 25 17
3439 1453 156 25 décembre.
3659 1454 38 25 M.
3716 1455 90 25 Emile
3820 1455 93 28 Rarel,
3931 1456 46 33 pré-

3256 1482 93 27 sident
3371 1482 35 26 de
3426 1485 28 25 la
3472 1483 194 26 Commission
3680 1485 130 26 d'Alsace
3830 1489 27 22 et
3876 1489 37 25 de
3931 1489 46 22 Lor-

3255 1515 90 28 raine,
3363 1521 18 18 a
3399 1515 89 25 rendu
3504 1515 84 25 visite
3607 1522 38 19 au
3663 1515 145 30 président
3826 1519 39 25 du
3880 1519 111 25 Conseil

3255 1547 27 22 et
3298 1546 39 25 l'a
3353 1548 151 22 entretenu
3522 1548 39 22 du
3579 1548 93 30 projet
3687 1550 35 25 de
3742 1548 39 25 loi
3798 1550 115 35 portant
3930 1556 46 25 sup-

3254 1580 132 28 pression
3403 1578 40 26 du
3459 1579 219 27 Commissariat
3693 1576 124 33 général.

3286 1611 35 24 M.
3343 1611 113 24 Herriot
3478 1618 18 18 a
3515 1611 126 30 exprimé
3663 1612 26 25 le
3711 1612 77 26 désir
3809 1613 34 26 de
3863 1615 130 25 soutenir

3254 1642 146 25 lui-même
3425 1643 25 24 le
3475 1644 92 30 projet
3588 1649 38 19 GO
3648 1643 47 30 loi,
3719 1645 132 30 lorsqu'il
3876 1645 117 25 viendra

3256 1678 33 21 en
3314 1674 163 26 discussion
3503 1674 135 32 publique
3664 1676 105 25 devant
3793 1678 30 25 la
3844 1677 149 28 Chambre,

3256 1707 26 24 et
3302 1707 21 25 11
3343 1707 67 24 s'est
3429 1707 56 24 mis
3504 1708 130 26 d'accord
3657 1714 67 20 avec
3743 1709 35 25 M.
3801 1709 89 25 Emile
3912 1709 81 26 Borel

3256 1743 73 26 pour
3354 1743 54 26 que
3432 1740 28 24 la
3485 1740 71 24 mise
3582 1740 18 24 à
3622 1740 105 25 l'ordre
3754 1743 39 25 du
3817 1741 66 30 jour
3906 1741 34 25 de
3965 1743 28 24 la

3256 1769 139 26 Chambre
3419 1770 58 25 soit
3500 1770 158 27 demandée
3678 1776 74 26 pour
3774 1772 43 26 lee
3839 1773 155 30 premières

3256 1802 118 26 séances
3390 1802 33 25 de
3437 1802 120 28 janvier.

3260 1915 56 38 UN
3340 1913 126 39 TRAIN
3490 1913 197 39 DERAILLE
3719 1928 13 27 :
3759 1915 74 40 DES
3859 1916 135 39 MORTS

3294 2019 198 31 CONSTANTINE,
3517 2021 31 24 17
3572 2020 151 28 décembre.
3798 2023 44 24 Un
3863 2023 71 25 train
3954 2023 25 24 al-

3260 2050 56 25 lant
3341 2054 31 24 de
3398 2052 188 31 Philippeville
3609 2053 17 24 h
3650 2050 174 28 Constantine
3846 2060 17 18 a
3885 2054 106 25 déraillé

3260 2082 17 25 à
3317 2082 110 26 l'entrée
3468 2083 66 26 d'un
3559 2083 103 28 'uonel,
3702 2088 18 24 à
3741 2087 15 24 3
3781 2085 155 26 kilomètres
3965 2088 26 22 rie

3260 2114 182 27 Constantine,
3467 2115 78 24 entre?
3567 2118 34 24 Le
3625 2115 113 26 Hamma
3763 2120 27 21 et
3811 2117 180 25 Constantine.

3288 2146 85 25 Solon
3398 2147 40 25 les
3463 2147 128 26 derniers
3615 2148 252 31 renseignements,
3892 2148 26 26 le
3941 2150 35 25 md-

3262 2179 133 27 canknen,
3428 2179 25 24 le
3484 2184 162 26 convoyeur
3674 2179 50 27 DES
3754 2179 98 27 PCSVK
3882 2181 26 25 et
3938 2181 43 31 plu-

3259 2211 91 24 sieurs
3371 2210 149 25 militaires
3541 2212 132 24 auraient
3691 2212 45 24 été
3756 2212 70 24 tués.
3848 2212 25 26 Il
3891 2217 20 25 y
3931 2219 18 20 a
3967 2213 27 26 15

3259 2242 107 25 blessés
3393 2242 70 25 dont
3490 2243 70 25 trois
3588 2243 184 30 grièvement.
3801 2242 51 27 81*
3880 2249 115 26 wagons

3261 2272 46 25 ont
3328 2272 40 25 été
3387 2272 130 25 détruits.

3260 2383 46 39 LE
3331 2383 110 39 TAUX
3464 2385 53 38 DE
3541 2385 51 38 LA
3613 2385 135 39 CAISSE
3772 2386 223 39 D'EPARGNE

3537 2452 178 38 POSTALE

3292 2557 96 32 PARIS,
3406 2557 31 25 X
3457 2558 150 25 décembre.
3680 2559 243 26 L'administration
3945 2562 50 24 des

3259 2589 30 24 P.
3313 2589 28 24 T.
3365 2591 30 21 T.
3437 2590 120 30 rappelle
3579 2590 63 28 qut
3665 2591 86 30 partir
3770 2591 39 24 du
3889 2590 107 31 janvier

3262 2620 115 25 l'intérêt
3399 2623 71 22 servi
3494 2627 53 19 aux
3569 2622 146 30 déposants
3736 2623 33 24 de
3790 2623 28 24 la
3840 2623 87 24 calss»
3948 2629 47 18 na-
4019 2631 13 8 ••

3261 2652 98 25 tionale
3379 2652 146 31 d'épargne
3544 2657 63 20 sera
3625 2653 74 25 élevé
3718 2654 33 24 de
3770 2656 15 24 0
3804 2654 33 24 fr.
3856 2654 39 27 Î5.
3914 2656 20 22 Il
3952 2661 28 20 se-

3261 2689 30 18 ra
3309 2683 19 25 à
3347 2686 14 24 3
3383 2683 35 25 fr.
3439 2685 41 27 75.

4016 2715 5 7 :
4028 2715 6 7 t

3259 2781 51 57 La
3337 2784 118 63 grève
3478 2781 51 57 de
3556 2783 243 57 Douarnenez
3824 2792 169 47 contrarie

3285 2917 66 37 Une
3377 2920 122 35 maison
3522 2919 41 38 dt
3589 2933 165 25 conserves
3780 2934 34 24 se
3840 2920 132 38 détache

3260 2968 45 39 du
3325 2970 148 43 syndicat
3493 2970 58 39 des
3570 2972 177 39 fabricants
3768 2973 43 38 de
3831 2987 162 25 conserva

3286 3050 183 27 DOOARXENEZ,
3491 3050 28 25 17
3540 3050 156 26 décembre.
3767 3051 39 25 La
3824 3051 84 31 grève
3931 3057 48 19 con-

3259 3078 87 27 tinue.
3370 3080 52 25 Les
3442 3080 136 32 délégué
3598 3083 129 25 ouvriers
3748 3083 65 25 sont
3833 3083 109 25 rentrés
3964 3087 31 20 ce

3259 3112 91 24 matin
3361 3112 35 24 de
3413 3113 90 24 Paris.
3520 3115 21 22 A
3553 3115 14 24 2
3582 3113 27 24 h.
3626 3115 38 25 30.
3678 3115 109 28 gronda
3801 3115 122 25 réunion
3938 3120 57 20 aux

3259 3142 105 26 Halles.
3390 3144 35 24 Le
3451 3145 113 30 citoyen
3589 3145 132 25 Simonin
3744 3148 27 22 et
3794 3146 30 24 la
3843 3146 151 30 citoyenne

3259 3175 83 25 Lucie
3361 3174 123 26 Colliarr!
3506 3177 50 22 oni
3572 3176 93 24 rendu
3684 3177 112 30 compte
3814 3177 34 24 de
3867 3176 64 26 leur
3950 3183 31 18 en-

3257 3206 98 26 trevue
3376 3213 67 19 avec
3467 3207 35 25 M.
3524 3207 26 25 le
3570 3206 130 27 Ministre
3720 3209 37 22 du
3780 3208 115 26 Travail
3913 3209 27 22 et
3960 3208 34 25 de

3259 3237 105 26 l'échec
3389 3240 47 28 qui
3464 3244 35 19 en
3526 3239 112 26 résulte.
3664 3240 37 24 Le
3726 3240 112 30 citoyen
3865 3240 130 25 Simonin

3259 3276 17 17 a
3295 3270 111 24 montré
3429 3276 57 18 une
3506 3272 129 24 violence
3652 3265 184 37 particulière
3855 3274 48 28 qui
3925 3279 18 19 a
3958 3276 37 21 eu.

3257 3306 73 25 pour
3357 3301 120 25 résultat
3501 3302 37 24 de
3565 3304 102 25 rendre
3693 3309 52 18 son
3772 3304 139 25 auditoire
3938 3304 57 24 très

3257 3337 136 20 nerveux.
3409 3334 40 22 La
3463 3334 71 22 lutte
3553 3334 15 22 à
3583 3335 137 21 outrance
3733 3335 143 21 continue.

3287 3366 24 22 Il
3325 3372 18 18 a
3359 3366 78 22 aussi
3454 3365 53 25 fait
3524 3367 64 28 part
3606 3366 50 25 des
3671 3366 184 31 pourparlers
3872 3366 122 28 engagés

3259 3402 67 20 avec
3344 3397 30 25 la
3389 3397 113 25 maison
3521 3399 102 28 Quero,
3640 3398 39 24 du
3698 3398 77 24 Guet.
3794 3398 51 25 Ces
3860 3403 117 26 pourpar-

3259 3428 56 25 lers
3339 3430 64 24 sont
3428 3430 162 31 approuvés
3611 3435 52 20 nar
3685 3430 39 25 les
3748 3430 149 28 militants,
3922 3430 71 24 mais

3259 3462 97 24 seront
3371 3461 110 24 soumis
3498 3467 17 19 a
3530 3461 178 25 l'assemblée
3724 3461 132 28 générale
3873 3463 48 24 des
3938 3463 43 30 gré-

3259 3490 86 27 vistes
3365 3493 48 30 qui
3435 3498 185 25 prononcera.

3286 3522 76 26 Mme
3391 3524 103 27 Quero,
3522 3524 240 25 démissionnaire
3791 3523 39 25 du
3856 3526 137 28 Syndicat

3259 3554 48 25 des
3332 3555 158 25 fabricants
3516 3556 34 24 dt
3573 3560 161 25 conserves,
3758 3563 17 18 a
3794 3555 113 25 déclaré
3931 3561 63 24 que,

3259 3586 105 25 devant
3383 3586 253 31 l'intransigeance
3657 3588 157 28 patronale,
3834 3588 53 25 elle
3907 3592 86 19 ouvre

3259 3622 52 19 son
3327 3618 83 24 usine
3429 3624 35 19 en
3484 3619 107 25 offrant
3607 3624 58 21 aux
3683 3619 145 25 ouvrières
3844 3619 27 25 le
3889 3619 104 24 salaire

3257 3650 115 24 horaire
3386 3650 35 24 de
3437 3650 13 24 1
3467 3650 45 28 fr.,
3528 3650 27 25 et
3573 3656 58 19 aux
3647 3656 183 20 manœuvres
3846 3651 27 25 le
3891 3650 103 26 salaire

3259 3681 33 20 de
3308 3681 13 20 1
3337 3681 34 20 fr.
3390 3681 28 20 50

3287 3713 22 22 A
3331 3712 31 24 la
3384 3713 73 24 suite
3481 3715 34 24 de
3540 3713 28 24 la
3593 3713 120 25 réunion
3739 3715 48 26 des
3810 3715 104 26 Halles,
3938 3718 53 19 une

3259 3744 216 24 manifestation
3491 3752 17 17 a
3521 3750 145 24 parcouru
3683 3746 43 24 les
3742 3750 65 19 rues
3820 3745 37 27 de
3873 3748 28 24 la
3918 3745 73 25 ville.

3259 3775 52 22 Les
3327 3776 203 21 manifestants
3548 3777 172 20 semblaient
3736 3777 126 20 énervés.

3288 3806 110 26 Devant
3424 3806 105 28 l'usine
3556 3807 120 30 Béziers,
3703 3809 37 26 ils
3765 3813 47 22 ont
3839 3809 80 25 lancé
3945 3808 46 25 de»

3259 3839 109 32 pierres
3384 3839 72 26 dans
3472 3840 41 25 les
3529 3842 122 22 fenêtres
3666 3842 26 25 et
3709 3843 51 22 ont
3774 3841 73 24 brisi
3861 3840 63 25 huit
3935 3844 43 20 car-

3259 3875 97 20 reaux.
3379 3872 51 24 Les
3455 3872 203 25 manifestants
3681 3873 48 24 ont
3754 3872 138 30 prétendu
3914 3873 77 25 avoir

3259 3901 43 24 été
3319 3902 162 30 provoqués
3501 3908 51 25 par
3570 3902 26 25 le
3618 3904 151 28 personnel
3785 3904 34 25 de
3836 3904 28 25 la
3882 3904 109 22 maison

3260 3933 111 25 Béziers
3390 3935 48 27 qui
3455 3934 64 25 leur
3536 3935 94 24 aurait
3647 3935 56 30 jeté
3723 3935 50 26 des
3790 3935 107 31 pierres
3917 3937 26 22 et
3960 3937 31 22 de

3259 3964 84 21 l'eau.

3288 3997 58 25 Une
3366 3999 119 28 enquête
3506 4000 40 21 est
3565 3999 124 24 ouverte.
3709 3998 35 25 M.
3764 3998 107 28 Cossec,
3894 4002 94 24 maire,

3257 4028 182 30 espérons-le,
3456 4035 89 19 saura
3561 4030 122 30 prendre
3698 4032 40 24 les
3756 4035 129 19 mesures
3900 4031 74 22 néces-

3256 4061 92 24 saires
3365 4067 38 18 au
3416 4061 141 25 maintien
3570 4061 33 25 de
3618 4061 115 26 l'ordre.

3287 4093 51 24 Les
3357 4093 143 25 militants
3521 4094 46 24 ont
3592 4093 146 26 d'ailleurs
3759 4094 51 25 fait
3830 4095 65 24 tous
3918 4094 71 24 leurs

3259 4123 98 25 efforts
3381 4130 73 25 pour
3480 4124 151 30 empêcher
3652 4124 44 24 les
3719 4124 144 26 incidents
3889 4126 48 27 qui
3961 4130 27 18 se

3256 4155 65 24 sont
3341 4154 139 25 produits.

288 4233 157 26 Feuilleton
472 4238 33 24 de
531 4238 18 24 Y
553 4239 194 27 Ouest-Eclair

353 4272 39 24 du
409 4272 28 24 18
452 4271 150 27 décembre
619 4274 58 25 1924
855 4278 28 25 12

170 4365 104 77 MA
312 4370 278 73 MSIE
628 4374 230 71 RIGOLE

325 4463 45 38 De
387 4465 154 39 MathilîFe
559 4467 149 39 ALANIC

508 4520 21 19 *

506 4560 24 25 V

178 4611 94 26 Nicole
304 4612 107 27 semble
442 4615 80 24 avoir
553 4615 117 30 pénétré
700 4620 52 20 son
783 4617 48 31 jeu
861 4617 27 26 et

148 4650 120 30 poussée
289 4654 56 26 ipar
367 4650 26 25 le
417 4650 93 25 môme
529 4650 79 26 désir
630 4651 35 25 de
687 4650 133 34 bravade,
846 4652 41 25 lui

146 4684 96 24 donne
266 4685 31 24 la
321 4684 128 31 réplique
476 4691 69 19 avec
567 4691 40 20 un
632 4688 38 25 tel
694 4687 112 26 entrain
831 4695 56 25 que

146 4719 104 30 Magda
276 4720 26 25 et
330 4720 91 31 Rémy
445 4726 35 19 en
506 4722 65 24 sont
595 4722 136 28 troublés,
759 4728 37 18 au
824 4722 60 25 sein

146 4755 92 25 même
260 4756 38 25 du
318 4761 94 26 nuage
433 4757 48 30 qui
504 4759 40 26 les
566 4757 164 33 enveloppe.

222 4793 74 26 Nous
320 4799 123 20 causons
465 4793 77 25 btlcs
555 4793 8 26 !
587 4794 69 31 jette
674 4795 215 26 raillcusement

148 4820 129 39 Piquette
296 4833 52 26 par
365 4828 100 26 dessus
485 4828 130 31 l'épa.ule,
637 4832 27 24 et
683 4831 53 25 elle
756 4832 133 25 retourne

148 4865 18 25 à
190 4865 28 25 la
240 4867 138 25 causerie,
400 4865 132 26 d'autant
555 4866 67 32 plus
647 4867 162 30 attrayante
834 4873 56 25 que

148 4900 41 24 les
220 4899 74 26 deux
325 4900 221 27 interlocuteurs
575 4900 152 32 possèdent
757 4909 39 19 un
824 4905 65 24 tour

146 4937 117 26 d'esprit
288 4937 159 26 également
472 4938 132 25 original.

220 4970 90 25 Est-ce
327 4977 54 25 que
397 4971 67 25 Mlle
482 4972 105 31 Paroly
602 4974 102 35 chante
718 4974 12 24 ?
746 4975 141 24 demande

149 5008 96 25 Nicole
270 5009 130 25 Marfeau
428 5015 35 19 en
485 5011 109 28 voyant
619 5010 105 31 Magda
746 5011 143 25 traverser

149 5042 25 26 la
200 5043 84 25 salon
307 5044 35 24 de
366 5050 54 19 son
446 5049 52 26 pas
524 5046 131 30 glissant,
683 5047 129 31 pendant
835 5053 54 25 que

150 5080 73 25 Aime
249 5080 131 28 Barlctte,
407 5080 66 32 déjà
497 5080 131 26 installée
653 5082 106 25 devant
783 5082 27 25 le
836 5083 40 25 cla-

151 5111 66 35 vier,
237 5115 138 26 feuillette
394 5124 39 18 un
450 5115 98 26 cahier
565 5118 34 25 de
614 5118 141 30 musique.

223 5152 59 24 Non
299 5152 5 32 !
324 5152 53 25 elle
394 5152 130 26 déclame
542 5152 50 26 des
607 5153 100 25 choses
723 5153 165 31 lugubres...

151 5191 67 21 avec
243 5189 119 24 trémolo
392 5190 15 22 ?i
435 5189 191 25 l'orchestre...
656 5190 32 24 Et
715 5194 79 22 vous,
822 5196 67 19 sans

150 5223 93 33 doute,
270 5230 72 24 vous
372 5224 58 25 Êtes
454 5223 181 27 musicienne
646 5224 40 26 7...
718 5225 72 25 Avec
820 5225 70 25 cette

151 5257 66 27 voix
242 5259 98 30 claire,
367 5261 21 26 il
417 5261 43 24 est
485 5258 164 31 impossible
676 5267 56 25 que
757 5264 72 22 vous
855 5264 34 21 ne

151 5295 129 27 chantiez
302 5298 79 28 pas...

224 5330 44 27 Oh
283 5331 6 24 !
309 5337 73 25 pour
400 5333 66 28 moi,
488 5334 61 24 tout
567 5334 202 25 bonnement...
790 5334 30 25 Je
837 5333 39 27 sol-

151 5367 43 27 fie,
224 5368 59 24 rien
313 5367 34 25 de
376 5368 92 30 plus...
495 5368 76 25 Tous
599 5367 41 27 les
669 5369 130 24 Marfeau
827 5370 63 24 sont

151 5404 109 25 dénués
276 5404 38 22 du
332 5407 66 21 sens
413 5404 131 28 musical,
563 5406 26 24 et
606 5405 196 31 n'apprécient
820 5406 57 24 vrai-

154 5440 78 22 ment
249 5445 54 18 que
322 5439 26 24 le
361 5439 141 24 clairon...

183 5473 183 27 Grand'mère
398 5481 99 20 assure
527 5480 63 25 que,
622 5477 154 28 d'ailleurs,
810 5477 65 25 beau-

154 5517 73 26 coup
247 5511 35 25 de
306 5511 100 31 jeunes
428 5511 74 26 flUes
524 5511 214 30 abandonnent,
764 5513 83 31 après
867 5511 24 26 le

154 5548 136 31 mariage,
319 5548 25 24 le
372 5548 86 31 piano
484 5548 47 31 qui
560 5545 63 27 leiir
647 5555 17 18 a
689 5548 119 26 absorbé
831 5550 59 25 tant

156 5581 130 28 d'heuies
299 5589 9 22 ;
335 5583 84 28 alors,
446 5583 50 28 J'ai
523 5584 96 27 appris
646 5585 27 26 le
700 5583 124 28 dessin...
850 5584 40 26 Au

922 4248 100 26 moins,
1043 4253 69 19 avec
1129 4251 45 22 cet
1192 4248 92 28 art-là,
1305 4256 35 19 on
1362 4256 17 19 a
1397 4250 163 33 l'avantage
1576 4253 34 24 de
1629 4258 32 20 ne

918 4286 56 22 •pas
994 4287 130 21 ennuyer
1142 4290 46 19 ses
1207 4284 119 25 voisins.

948 4318 80 26 Cette
1052 4324 150 26 remarque
1226 4322 157 31 incongrue
1407 4320 90 27 excite
1519 4330 56 20 une
1597 4324 66 26 folle

920 4351 115 26 hilarité
1059 4354 69 26 chez
1152 4355 117 30 Gaillac,
1293 4362 32 19 ce
1346 4357 51 30 qui
1419 4357 44 25 lui
1483 4358 78 28 vaut,
1589 4359 74 24 ainsi

920 4389 67 31 qu'à
1004 4389 104 28 Nicole,
1124 4396 39 19 un
1181 4391 103 31 regard
1300 4391 98 26 sévère
1416 4393 34 25 de
1467 4394 37 24 Le
1522 4394 141 27 Sénéchal

922 4427 26 24 et
980 4433 38 25 rçn
1050 4433 72 25 coup
1152 4428 80 26 d'œil
1260 4429 104 31 glacial
1393 4429 37 26 de
1457 4431 31 24 la
1517 4431 145 28 récitante,

921 4461 112 33 debout,
1061 4463 74 24 dans
1162 4468 56 21 une
1244 4469 90 26 pause
1358 4461 146 34 d'attente,
1530 4468 31 25 la
1584 4468 79 26 taille

924 4495 175 32 légèrement
1127 4498 110 27 fléchie,
1271 4500 40 26 les
1339 4501 66 25 bras
1436 4501 154 30 tombants,
1622 4504 41 24 les

922 4537 76 26 yeux
1019 4539 116 26 vagues,
1160 4535 96 25 tandis
1279 4541 54 25 que
1357 4537 76 25 Mme
1456 4539 123 26 Barlette
1604 4540 45 25 exé-

922 4569 64 25 cute
1005 4570 28 25 le
1052 4570 118 31 prélude
1189 4572 35 24 de
1243 4572 39 24 La
1300 4572 119 25 Fiancée
1440 4572 38 26 du
1500 4572 163 26 Timbalier.

925 4603 117 32 Gailiiac,
1076 4610 67 21 sous
1175 4606 71 26 cette
1274 4609 120 28 douche,
1426 4611 92 30 prend
1548 4616 39 20 un
1622 4617 41 20 air

922 4639 123 26 candide
1065 4643 27 25 et
1113 4644 117 26 extasié,
1251 4644 50 31 qui
1320 4644 149 32 imprègne
1491 4650 52 20 son
1567 4645 96 32 visage

922 4676 128 32 pendant
1072 4677 78 26 toute
1170 4680 28 24 la
1220 4678 87 26 durée
1326 4678 35 27 de
1383 4680 158 30 l'audition,

950 4711 129 32 Niquette
1104 4720 28 18 se
1157 4713 86 25 laisse
1266 4720 117 25 gagner,
1407 4721 38 19 en
1468 4716 77 28 dépit
1571 4716 79 26 d'elle-

924 4749 99 32 même,
1039 4755 52 25 par
1106 4750 149 25 l'émotion
1269 4755 54 26 que
1337 4752 61 26 font
1413 4753 92 26 naître
1519 4753 30 25 la
1563 4754 100 25 beauté

924 4785 182 31 dramatique
1127 4787 51 25 des
1198 4793 65 19 vers
1286 4788 27 25 et
1333 4788 66 25 l'art
1424 4788 163 25 consommé
1611 4794 52 26 que

924 4820 111 33 déploie
1058 4821 105 32 Magda
1183 4821 73 26 dans
1279 4828 32 18 sa
1331 4822 138 31 mimique
1492 4825 26 24 et
1540 4825 72 25 dans
1633 4826 30 24 s.i

924 4856 116 21 diction.

956 4893 37 25 Sa
1022 4894 66 25 voix
1116 4896 120 28 chaude,
1269 4900 56 21 aux
1354 4898 81 25 notes
1463 4897 144 26 veloutées
1639 4898 24 24 et

925 4930 163 30 profondes,
1106 4935 97 20 remue
1218 4931 41 26 les
1272 4936 100 25 cœurs,
1390 4933 27 22 et
1433 4930 20 26 il
1469 4931 106 26 semble
1592 4932 57 30 \rai-

925 4967 78 22 ment
1020 4970 56 26 que
1093 4970 34 19 ce
1144 4968 56 24 soit
1217 4970 58 21 une
1293 4967 79 24 autre
1390 4972 152 25 personne,
1564 4969 63 24 tant
1645 4968 18 25 il

924 5007 19 24 y
967 5008 17 17 a
1004 5006 40 20 un
1068 5002 143 25 contraste
1235 5002 119 31 étrang»
1376 5003 79 25 entre
1480 5009 51 19 son
1558 5003 89 25 anima-

925 5035 60 26 tion
1004 5037 130 30 présente
1152 5037 27 24 et
1194 5043 46 19 ses
1258 5036 143 26 manières
1419 5036 158 30 habitelles,
1597 5042 50 20 non-

927 5069 193 24 chalamment
1144 5073 161 20 hautaines.

1000 5120 51 26 Les
1068 5120 161 26 timbaliers
1248 5120 106 26 étaient
1376 5121 98 31 passés
1489 5121 33 25 !...
1547 5120 118 26 articule

927 5154 111 31 Magda,
1057 5157 74 27 dans
1149 5163 40 19 un
1208 5160 146 21 murmure
1372 5156 143 31 d'agonie.

1000 5192 40 24 Eh
1061 5191 65 26 bien
1140 5193 6 24 !
1166 5193 63 24 tant
1248 5191 97 26 mieux
1359 5194 6 22 !
1385 5198 106 25 gragno
1513 5193 138 24 irrévéren-

933 5226 180 25 cieusement
1147 5226 109 25 Gaillac
1287 5228 78 25 entre
1397 5232 46 20 ses
1473 5228 93 26 dents.
1600 5229 65 24 S'ils

926 5263 66 26 sont
1019 5263 106 31 passés,
1156 5268 72 20 nous
1259 5263 93 25 allons
1381 5261 136 33 peut-être
1545 5262 120 32 pouvoir

924 5296 94 30 sortir,
1043 5302 74 20 nous
1131 5298 34 25 !...

1000 5335 67 24 Très
1097 5335 66 25 bien
1178 5334 37 27 !...
1251 5335 120 30 superbe
1385 5335 34 25 !...
1457 5334 158 27 admirable
1630 5335 35 26 !...

927 5370 41 24 On
996 5375 35 19 ne
1054 5369 44 26 dit
1120 5375 52 26 pas
1196 5370 97 26 mieux
1318 5376 37 18 au
1378 5370 138 30 Français
1531 5370 34 26 !...
1590 5370 76 25 Vous

925 5408 84 21 savez
1026 5409 54 26 que
1101 5404 69 26 c'est
1189 5404 66 26 Mlle
1274 5405 110 26 Andrée
1404 5406 38 25 du
1460 5404 76 27 Résil
1556 5404 50 32 qui
1624 5405 41 27 lui

928 5447 18 18 a
967 5441 94 25 donné
1087 5443 48 24 des
1157 5443 124 30 leçons...
1307 5441 43 25 Un
1375 5443 89 25 talent
1486 5441 37 26 de
1545 5441 122 32 premier

928 5478 83 26 ordre
1026 5479 34 25 !...
1081 5477 165 33 répéte-t-on
1267 5478 33 25 de
1322 5479 93 25 toutes
1437 5478 85 31 parts.
1548 5478 118 31 Applau-.

930 5512 169 30 dissements
1117 5516 26 22 et
1160 5515 94 28 éloges
1272 5513 120 26 éclatent
1411 5513 175 30 hautement,
1605 5517 46 26 pen-

931 5549 70 25 dant
1037 5549 190 31 que,derrière
1265 5549 154 31 l'éventail,
1457 5550 41 26 les
1537 5555 130 21 mamans

928 5583 196 26 scandalisées
1148 5585 181 24 murmurent
1350 5595 9 14 i

1776 4254 73 25 C'est
1879 4254 64 31 égal
1957 4256 34 26 !...
2022 4260 38 19 on
2086 4256 90 26 dirait
2200 4260 57 21 une
2288 4258 103 26 actrice
2405 4258 34 27 !...

1701 4290 30 25 Je
1749 4296 37 19 ne
1806 4290 164 26 souffrirais
1988 4296 53 26 pas
2061 4297 56 25 que
2132 4297 48 19 ma
2198 4292 58 24 fille
2270 4292 35 25 !...

1731 4326 104 30 Magda
1857 4331 37 20 ne
1913 4326 110 31 perçoit
2043 4332 56 25 que
2119 4326 30 26 la
2167 4329 67 24 note
2255 4328 131 27 flatteuse
2407 4330 32 27 et,

1700 4362 106 25 debout
1844 4368 38 20 au
1917 4362 99 26 milieu
2054 4362 70 26 d'un
2160 4364 91 24 cercle
2290 4364 149 31 empressé,

1698 4396 126 31 joyeuse,
1851 4396 118 30 exaltée,
1995 4396 53 25 elle
2073 4397 107 25 semble
2204 4397 96 25 moins
2326 4403 54 25 que
2402 4400 25 30 ja-

1701 4433 74 25 mais
1793 4434 165 31 elle-même,
1976 4434 26 25 le
2019 4434 72 25 teint
2106 4434 91 28 avivé,
2216 4436 27 24 et
2255 4440 56 20 une
2326 4434 113 26 flamme

1701 4468 141 31 d'orgueil
1867 4468 167 26 échauffant
2059 4473 46 22 ses
2132 4470 106 25 froides
2267 4470 172 30 prunelles...

1701 4502 130 31 Niquette
1856 4509 158 25 remarque,
2041 4511 69 20 avec
2134 4511 56 21 une
2211 4506 126 25 certaine
2363 4507 64 25 satis-

1703 4539 109 25 faction
1841 4538 175 33 malicieuse,
2048 4546 56 25 que
2135 4541 89 30 Rémy
2256 4539 72 28 resté
2360 4541 66 26 silen-

1701 4574 176 26 cieusement
1897 4577 17 24 à
1935 4580 33 20 sa
1988 4577 90 31 place,
2099 4577 26 25 le
2150 4578 80 30 profil
2255 4577 122 31 allongé,
2400 4579 39 24 les

1701 4615 77 26 yeux
1795 4611 18 25 à
1828 4613 81 28 terre,
1931 4610 103 27 lissant
2052 4618 33 19 sa
2100 4613 169 26 moustache
2287 4612 67 26 d'un
2373 4613 66 30 petit

1701 4646 79 28 geste
1804 4652 128 20 nerveux
1958 4651 53 26 que
2037 4654 33 20 sa
2095 4649 116 26 cousine
2236 4649 117 26 connaît
2374 4649 65 26 bien

1701 4684 27 24 et
1752 4682 48 31 qui
1825 4682 118 32 indique
1964 4689 39 19 un
2027 4683 57 26 état
2106 4683 92 26 d'âme
2220 4690 38 19 un
2282 4688 56 26 peu
2355 4682 67 26 nébu-

1701 4714 74 24 lcur.

1736 4750 20 25 I!
1781 4750 135 27 r.ouîfrc...
1941 4757 109 21 comme
2088 4750 92 28 toutes
2217 4753 41 25 les
2295 4754 56 24 fois
2389 4759 52 24 que

1704 4787 105 31 MagUa
1833 4793 28 20 se
1884 4789 99 24 trouve
2006 4787 98 31 l'objet
2122 4788 35 25 de
2178 4786 162 27 l'attention
2362 4788 64 31 géné-

1704 4822 89 25 rale...
1818 4824 76 27 Cette
1918 4822 157 26 révélation
2096 4822 87 26 d'une
2206 4824 131 26 nouvelle
2363 4824 63 30 supé-

1704 4858 98 24 riorité
1822 4859 67 24 chez
1906 4859 56 25 elle
1982 4859 107 25 alarme
2108 4865 52 19 son
2180 4865 102 19 amour
2301 4860 25 24 et
2344 4859 81 25 redou-

1704 4894 45 24 ble
1768 4900 32 18 sa
1819 4894 107 25 torture
1945 4894 115 30 secrète,
2079 4896 28 24 et
2124 4896 22 24 il
2161 4900 37 20 ne
2215 4897 99 25 trouve
2333 4899 53 26 pas
2402 4900 39 19 un

1706 4930 58 24 inot
1785 4935 73 25 pour
1877 4929 30 27 la
1928 4929 129 27 féliciter.

1779 4965 30 24 Je
1831 4964 154 27 donnerais
2004 4967 93 24 toutes
2119 4965 41 25 les
2180 4967 124 26 fiancées
2324 4969 34 24 de
2379 4967 63 24 tous

1704 5000 41 25 les
1769 5001 159 25 timbalieTs
1950 5007 74 25 pour
2049 5008 54 18 une
2126 5002 172 31 promenade
2322 5003 73 27 dans
2415 5002 26 25 le

1704 5041 70 26 parc
1798 5035 5 32 1
1828 5035 115 31 soupire
1965 5035 117 26 Gaillac.

1736 5085 34 26 Le
1802 5085 72 24 beau
1907 5083 81 26 soleil
2021 5086 48 31 qui
2102 5086 104 27 allume
2238 5087 48 25 des
2317 5087 124 25 traînées

1704 5120 63 25 d'or
1786 5126 50 20 sur
1854 5120 26 26 le
1902 5120 113 26 velours
2036 5122 59 24 vert
2115 5121 48 25 des
2184 5122 139 30 pelouses,
2343 5126 98 20 exerce

1707 5161 50 19 sur
1776 5156 125 26 d'autres
1924 5161 32 22 sa
1977 5156 157 26 séduction.
2157 5158 70 30 Déjà
2246 5158 35 26 M.
2304 5158 137 25 Mauréan

1708 5198 15 17 a
1742 5191 132 25 entraîné
1911 5191 28 26 la
1974 5191 116 32 plupart
2121 5193 51 25 des
2206 5193 130 24 hommes
2369 5191 72 26 dans

1707 5226 174 25 l'inévitable
1905 5226 118 26 tournée
2047 5228 39 25 du
2108 5228 196 31 propriétaire,
2326 5229 37 28 et,
2386 5230 43 24 ten-

1708 5262 41 26 tée
1775 5268 53 27 par
1854 5263 45 26 cet
1925 5263 136 31 exemple;
2089 5265 30 25 la
2143 5263 133 32 jeunesse
2303 5270 15 19 a
2347 5263 94 26 décidé

1709 5304 54 18 une
1783 5297 83 26 visite
1885 5298 17 25 à
1912 5302 38 25 -la
1965 5297 93 27 vieille
2079 5300 128 31 chapelle
2226 5302 33 25 de
2278 5300 148 25 Saint-Mar-

1708 5334 51 27 tin,
1782 5335 34 25 de
1838 5333 102 26 l'autre
1962 5334 60 25 cûté
2042 5335 35 25 de
2098 5335 31 25 la
2148 5334 98 26 futaie.

1737 5369 39 24 La
1798 5368 76 27 brise
1894 5374 17 19 a
1932 5368 34 26 de
1987 5368 102 26 molles
2108 5374 136 24 caresses,
2267 5369 35 30 et,
2324 5369 117 28 là-haut,

1710 5406 72 27 dans
1802 5407 26 24 le
1851 5405 52 26 ciel
1924 5405 70 26 d'un
2017 5405 64 28 bleu
2104 5406 33 25 de
2160 5406 90 31 pastel
2271 5407 41 25 les
2335 5412 106 24 nuages

1708 5440 100 26 Mânes
1834 5439 124 33 voguent
1984 5439 176 27 doucement.
2187 5441 84 28 Entre
2297 5444 41 24 les
2363 5441 63 25 bran-

1710 5476 66 26 ches
1804 5476 100 27 fauves
1930 5477 25 25 le
1982 5474 122 27 lointain
2131 5478 50 25 das
2209 5477 146 27 éclalrcles
2382 5477 47 27 s'es-

1709 5512 93 31 tompe
1828 5511 84 26 d'une
1936 5512 100 26 brume
2060 5511 73 27 lilas.

1740 5549 51 25 Les
1814 5546 159 27 uniformes
1997 5545 142 32 brillants,
2165 5548 41 27 les
2231 5549 123 30 toilettes
2380 5550 50 26 clai-

1710 5588 44 21 res
1783 5582 115 30 égaient
1925 5583 34 26 de
1991 5583 97 27 taches
2119 5584 155 27 éclatantes
2302 5587 27 25 le
2360 5584 81 27 demi-

2484 4258 65 30 jour
2571 4258 51 26 des
2646 4257 97 26 allées.
2770 4257 51 25 Les
2848 4258 112 26 feuilles
2983 4258 163 25 mordorées
3172 4258 45 31 qui

2484 4291 137 32 jonchent
2642 4293 31 24 la
2692 4298 122 25 mousse,
2837 4292 148 26 soulevées
3005 4299 52 27 par
3077 4293 43 26 les
3138 4293 79 31 jupes

2485 4333 144 25 soyeuses,
2650 4330 226 30 accompagnent
2895 4330 35 24 de
2950 4332 64 24 leur
3031 4330 187 25 bruissement

2484 4362 118 33 plaintif
2621 4364 41 25 les
2681 4362 69 27 voix
2771 4364 143 31 enjouées.
2935 4364 40 25 La
2993 4364 58 31 joie
3069 4367 35 25 de
3123 4365 30 25 la
3171 4364 35 24 tiè-

2486 4401 32 24 de
2537 4400 89 26 clarté
2647 4401 26 25 et
2693 4401 28 26 la
2741 4397 168 28 mélancolie
2930 4401 35 25 de
2983 4401 234 26 l'arrière-saison

2485 4441 30 19 se
2539 4434 172 35 mélangent,
2738 4437 128 24 donnent
2891 4435 17 25 à
2930 4435 109 26 l'heure
3064 4436 50 30 qui
3136 4441 81 25 passe

2484 4478 39 18 un
2550 4470 117 27 charme
2696 4472 120 25 attendri
2846 4474 48 28 qui
2926 4472 113 31 pénètre
3069 4476 45 22 ces
3143 4472 74 24 âmes

2483 4508 109 28 jeunes.

2513 4556 94 25 Nicole
2637 4554 76 26 subit
2739 4556 98 25 mieux
2868 4561 53 24 que
2950 4556 61 25 tout
3040 4556 79 25 autre
3149 4556 69 26 cette

2484 4590 171 31 impression
2685 4591 154 31 complexe.
2870 4590 59 26 Elle
2957 4590 125 26 bavarde
3110 4591 27 25 et
3167 4590 51 26 elle

2484 4626 37 24 rit
2538 4631 39 19 au
2596 4623 99 28 milieu
2717 4626 69 24 d'un
2807 4630 106 26 groupe
2935 4630 54 26 que
3009 4628 28 25 la
3060 4630 83 21 verve
3165 4626 39 31 pri-

2484 4662 170 26 mesautière
2673 4664 30 22 et
2721 4663 84 25 naïve
2825 4663 34 25 de
2881 4662 27 26 la
2929 4662 96 25 fillette
3046 4662 123 30 divertit,

2484 4695 73 27 mais
2591 4702 52 19 son
2675 4701 80 20 cœur
2789 4698 73 25 reste
2897 4696 96 31 quand
3027 4696 91 25 même
3152 4696 65 26 bien

2484 4734 91 28 lourd,
2597 4739 50 19 car
2668 4739 44 21 ,en
2734 4739 90 24 queue
2848 4734 34 24 de
2903 4733 119 26 colonne
3045 4731 172 31 cheminent,

2484 4775 39 19 un
2544 4775 56 24 peu
2621 4770 18 24 à
2656 4769 100 25 l'écart
2777 4769 38 24 Le
2835 4768 139 26 Sénéchal
2996 4770 26 22 et
3044 4769 104 30 Magda
3169 4769 33 24 Pa-

2484 4806 64 28 roly
2568 4806 33 26 et,
2621 4806 84 28 grâce
2725 4811 58 18 aux
2800 4809 74 25 yeux
2896 4809 53 25 que
2967 4805 43 26 les
3026 4804 100 30 jeunes
3146 4805 71 24 filles

2484 4840 152 30 possèdent
2668 4845 35 20 en
2735 4838 105 26 arrière
2874 4839 33 25 de
2937 4840 30 24 la
2994 4839 65 28 tête,
3091 4838 126 32 Niquette

2483 4877 70 30 peut
2575 4874 161 30 distinguer
2758 4877 32 24 la
2812 4876 91 30 figure
2928 4877 195 25 étrangement
3146 4877 57 22 trou-

2484 4910 61 26 blée
2569 4911 33 25 de
2623 4911 89 30 Rémy
2733 4912 27 24 et
2781 4911 27 25 la
2830 4911 175 26 contenance
3025 4910 193 26 embarrassée

2484 4946 35 24 de
2544 4952 31 18 sa
2597 4950 187 27 compagne...

2515 5000 35 25 Ce
2572 5000 70 30 qu'il
2662 5000 41 25 dit
2726 4998 39 27 ?...
2790 5000 74 24 Sans
2884 5000 94 27 doute,
3001 5000 128 31 pendant
3150 4998 67 32 qu'il

2485 5040 34 20 en
2541 5035 100 27 trouve
2663 5035 26 25 le
2711 5034 81 25 loisir
2815 5039 27 21 et
2863 5035 26 25 le
2910 5040 131 25 courage,
3066 5034 20 26 il
3109 5034 40 25 lui
3174 5040 30 25 ap-

2485 5069 90 31 prend
2601 5075 32 20 ce
2660 5067 107 33 qu'Elle
2793 5072 43 22 est
2863 5075 73 25 pour
2963 5070 69 25 lui...
3059 5070 30 24 la
3116 5069 102 25 femme

2489 5106 99 28 idéale,
2610 5106 116 30 unique,
2748 5106 65 25 telle
2836 5112 54 24 que
2911 5112 45 19 ses
2978 5106 80 25 rêves
3079 5104 138 27 n'osaient

2484 5139 27 25 la
2546 5144 177 22 concevoir...
2763 5140 59 25 Une
2858 5140 117 25 obscure
3012 5139 133 27 intuition
3184 5145 33 19 en

2486 5176 103 26 avertit
2614 5178 28 24 la
2667 5177 84 32 petite
2778 5177 143 25 cousine...
2949 5177 98 28 Quelle
3074 5177 143 25 sensation

2486 5212 110 24 bizarre
2621 5212 28 25 la
2673 5211 79 32 glace
2777 5213 59 22 tout
2862 5212 17 24 à
2901 5217 73 26 coup
2999 5211 41 28 ?...
3064 5211 41 26 Un
3130 5211 87 32 grand

2486 5248 64 25 vide
2571 5255 30 18 se
2621 5249 52 25 fait
2693 5249 71 25 dans
2784 5255 32 20 sa
2833 5249 53 24 tête
2906 5249 50 26 des
2973 5249 183 31 phosphènes
3175 5255 28 25 pa-

2487 5282 133 32 pillotent
2649 5284 107 24 devant
2785 5288 47 20 6es
2865 5289 104 24 yeux...
3004 5283 90 25 Est-ce
3126 5283 30 25 là
3185 5288 31 20 ce

2489 5319 86 30 qu'on
2596 5321 111 30 appelle
2730 5319 162 26 s'évanouir
2913 5319 39 26 ?...
2973 5320 43 24 Ah
3038 5319 5 32 !
3061 5320 73 26 mais
3154 5324 64 22 non,

2486 5355 105 28 jamais
2614 5355 34 25 1...
2672 5355 35 25 Ce
2730 5354 86 26 serait
2836 5354 125 26 honteux
2986 5356 33 24 !...
3043 5353 175 28 Bravement,

2486 5391 30 26 la
2538 5391 86 30 jeune
2647 5391 57 25 fille
2727 5391 115 26 domine
2867 5395 52 20 son
2941 5391 116 31 vertige,
3083 5396 28 19 se
3136 5391 81 25 roidit

2486 5432 109 20 comme
2621 5426 26 25 le
2675 5427 97 25 faisait
2798 5426 77 31 jadis
2901 5426 25 25 le
2954 5426 168 32 grand-père
3148 5425 53 26 Mar-

2489 5463 65 26 feau
2581 5463 94 31 quand
2704 5463 20 25 il
2748 5463 159 25 continuait
2934 5461 17 24 h
2976 5463 107 24 donner
3110 5466 44 20 ses
3181 5467 25 19 or-

2489 5498 73 25 dres,
2587 5503 56 20 une
2665 5497 74 26 balle
2764 5499 73 24 dans
2862 5497 26 26 le
2914 5497 93 26 bras...

2518 5550 41 25 Un
2594 5550 125 26 membrè
2752 5550 125 26 fracassé
2910 5548 116 28 ferait-il
3057 5549 100 27 autant
3188 5549 30 25 de

2486 5585 59 26 mal
2568 5589 54 26 que
2644 5591 32 21 ce
2698 5585 105 30 qu'elle
2828 5585 122 30 éprouve
2973 5585 41 26 T...
3038 5583 180 32 N'importe...

3262 4258 38 26 La
3331 4259 163 25 souffrance
3524 4265 34 18 ne
3589 4259 115 24 s'avoue
3732 4266 78 25 pas...
3840 4259 33 26 Et
3901 4261 92 25 Nicole

3259 4291 63 31 jase
3340 4291 33 25 de
3394 4292 66 32 plus
3481 4291 72 26 belle
3572 4294 28 22 et
3622 4292 37 25 rit
3677 4292 66 32 plus
3764 4293 78 25 haut.

3292 4332 43 22 Au
3357 4330 163 31 rond-point
3543 4331 34 24 de
3598 4330 28 25 la
3650 4329 97 32 futaie,
3770 4331 50 25 des
3843 4332 87 25 bancs
3954 4332 26 25 in-

3263 4365 90 25 vitent
3377 4367 18 22 à
3416 4371 54 20 une
3493 4364 86 26 halte.

3292 4414 144 26 L'endroit
3459 4416 41 26 est
3523 4414 150 25 délicieux.
3698 4415 22 22 A
3743 4417 110 21 travers
3875 4415 26 25 le
3925 4415 69 25 lacis

3252 4450 1 28 .
3263 4450 48 25 des
3333 4450 129 27 ramilles
3483 4450 150 27 bleuâtres,
3657 4450 52 27 des
3730 4450 102 28 rayées
3856 4450 33 24 de
3913 4450 80 26 soleil

3261 4485 128 32 glissent,
3412 4485 126 26 tombent
3562 4491 34 20 en
3620 4485 111 30 gouttes
3769 4485 61 26 d'or
3868 4492 48 19 sur
3952 4486 41 25 les

3263 4521 171 28 chevelures,
3458 4521 41 27 les
3519 4520 122 30 visages,
3664 4521 40 25 les
3725 4519 122 30 feuilles;
3870 4522 40 24 les
3931 4527 47 20 cou-

3262 4558 77 24 leurs
3365 4557 171 27 s'allument,
3561 4556 43 28 les
3626 4556 100 31 bijoux
3749 4558 51 24 des
3824 4559 118 22 femmes
3970 4559 24 22 et

3262 4593 43 25 les
3332 4594 102 28 galons
3461 4593 51 24 des
3541 4593 131 24 dolmans
3703 4592 163 26 scintillent.
3893 4593 100 25 L'écho

3261 4629 135 32 prolonge
3420 4631 233 27 moqueusement
3673 4628 30 26 la
3722 4628 92 32 gaieté
3833 4630 51 25 des
3905 4629 89 25 éclats

3260 4664 33 25 de
3317 4665 65 26 rire,
3405 4664 126 31 pendant
3554 4670 53 25 que
3631 4664 99 30 Jeunes
3750 4670 70 30 gens
3846 4667 25 22 et
3891 4664 102 30 jeunes

3260 4701 72 27 filles
3360 4706 30 20 se
3417 4701 126 25 récréent
3572 4706 109 19 comme
3709 4701 48 25 des
3785 4700 152 30 collégiens
3965 4702 28 22 et

3257 4737 51 25 des
3326 4736 227 31 pensionnaires.
3575 4735 43 26 On
3639 4736 132 31 organise
3790 4742 38 20 un
3849 4735 47 31 jeu
3917 4735 60 25 d'en-

3260 4772 86 30 fants,
3369 4778 40 20 un
3428 4772 47 31 jeu
3496 4774 17 24 à
3533 4778 92 26 gases,
3646 4773 104 30 auquel
3769 4774 141 30 prennent
3930 4770 64 32 part

3260 4807 104 31 Magda
3389 4811 26 22 et
3437 4808 96 30 Rémy.
3559 4807 116 26 Celui-ci
3697 4806 86 31 garde
3808 4813 50 20 sur
3879 4813 48 20 son
3954 4807 26 25 vi-

3259 4850 67 25 sage
3351 4845 26 25 le
3403 4844 78 25 reflet
3506 4844 34 27 de
3566 4850 44 19 ses
3635 4843 146 28 émotions,
3810 4846 34 25 et,
3872 4844 118 25 absorbé

3259 4880 72 27 dans
3354 4886 44 18 ses
3422 4880 126 30 pensées,
3573 4881 123 22 commet
3716 4880 89 24 bévue
3830 4885 48 19 sur
3900 4878 90 25 bévue

3312 4922 31 19 ce
3369 4915 47 30 qui
3442 4916 43 25 lui
3510 4913 81 26 attire
3619 4915 76 26 force
3720 4915 138 31 quolibets
3885 4916 33 25 de
3945 4920 44 19 ses

3259 4950 174 26 camarades.

3289 5003 100 28 Nicole,
3419 5002 216 26 fiévreusement
3664 5001 98 31 agitée,
3789 5008 30 19 se
3843 5001 66 27 voit,
3938 5000 52 26 elle

3260 5039 86 27 aussi,
3365 5039 208 30 fréquemment
3592 5036 70 26 mise
3679 5036 17 26 à
3715 5036 139 25 l'amende
3873 5039 27 22 et
3917 5036 73 25 reste

3259 5073 169 25 consternée
3442 5073 106 32 quand,
3567 5072 175 30 finalement,
3761 5078 35 20 on
3814 5074 28 24 la
3859 5072 113 25 condam-

3259 5117 35 19 ne
3317 5111 17 22 à
3354 5109 61 25 dire
3437 5117 57 19 une
3515 5104 137 32 chanson.

3333 5144 59 25 Moi
3424 5144 12 25 ?
3469 5144 194 30 s'écria-t-elle,
3696 5143 131 32 éperdue.
3859 5143 116 32 Impossi-

3259 5181 73 26 ble...

3334 5217 124 26 Chantez
3485 5222 107 21 comme
3625 5217 24 24 si
3679 5222 69 20 vous
3777 5215 70 26 étiez
3878 5216 76 25 seule
3983 5215 7 25 !

3261 5254 53 24 fait
3338 5252 116 27 Gaillac,
3477 5250 193 32 impitoyable.
3696 5250 73 25 Allez
3794 5251 7 24 !
3824 5255 72 21 nous
3920 5255 53 21 »om-

3261 5293 61 20 mes
3340 5289 61 24 tout
3423 5287 141 26 oreilles...

3289 5324 77 25 Vous
3386 5326 57 24 êtes
3462 5324 65 25 bien
3546 5324 61 28 trop
3625 5321 116 32 gentille
3757 5327 73 25 pour
3848 5326 72 20 nous
3939 5320 39 26 fai-

3260 5366 30 19 re
3313 5361 116 30 languir
3454 5362 71 22 dans
3548 5357 132 26 l'attente.

3288 5395 217 32 Brusquement,
3535 5395 93 25 Nicole
3657 5400 31 20 se
3716 5394 124 25 redresse
3869 5399 66 19 sous
3964 5394 26 24 le

3261 5439 74 25 coup
3354 5432 74 26 d'œil
3450 5432 129 30 ironique
3596 5432 69 25 dont
3684 5430 28 26 la
3731 5427 109 33 gratifie
3861 5430 128 31 Magde...

3262 5469 77 26 Ainsi
3364 5469 167 32 provoquée,
3554 5469 28 25 la
3604 5465 84 33 petite
3710 5472 28 19 se
3761 5464 137 27 lancerait
3918 5465 72 25 dan»

3262 5505 40 24 les
3333 5506 222 27 extravagances
3585 5504 40 25 les
3656 5504 63 30 plus
3748 5502 190 26 téméraires...
3970 5498 21 28 U

3262 5541 61 26 faut
3344 5541 119 26 chanter
3484 5541 6 25 !
3510 5538 99 26 Bien...
3631 5537 59 27 Elle
3709 5538 144 27 chantera.

3795 5587 32 28 U
3848 5587 116 28 *****

1885 125 356 32 l/'OuestEelair

3544 136 50 39 18
3608 137 176 39 Déoobie
3803 139 92 37 1924

210 100 15 30 s
228 100 97 34 ?mm

1698 1081 248 50 L'HOMME
1984 1078 130 44 CHIC
2154 1081 180 47 PORTE
2386 1081 58 44 LA

1701 1141 318 76 Bretelle
2070 1142 373 77 GUYOT
