3424 5024
232 1129 240 102 Wahre
502 1133 128 80 und
676 1132 218 102 falsche
924 1133 213 87 Liclie.

543 1266 139 40 Original
692 1282 9 9 -
712 1269 115 32 Roman
899 1304 7 11 ^
937 1278 33 20 >'

311 1321 47 30 des
378 1319 239 41 Ntuigkeits
637 1320 202 41 „Welt-Blatt,,
868 1331 55 24 von
944 1322 31 34 E.
997 1323 35 33 S.

669 1411 26 42 I.

574 1490 74 40 Ein
672 1489 119 47 Brief.

334 1569 50 37 An
414 1568 95 39 einem
537 1569 203 48 regnerischen
773 1572 268 41 Sommerabende
1075 1577 53 43 saß

225 1614 53 36 der
301 1610 207 48 Gutsbesitzer
533 1614 150 38 Adalbert
709 1628 64 25 von
801 1618 128 37 Kroneck
959 1621 34 35 in
1019 1621 110 44 seinem

223 1658 150 47 Zimmer,
412 1662 62 32 und
505 1660 49 34 las
584 1660 198 46 aufmerksam
822 1664 32 33 in
884 1665 96 36 einem
1008 1665 119 45 Briefe,

223 1701 124 51 welcher
369 1703 66 46 ihm
457 1703 109 46 soeben
582 1705 88 44 durch
695 1707 101 42 seinen
812 1707 119 37 Diener
954 1710 173 45 übergeben

222 1748 127 35 worden
372 1758 79 27 war.
481 1749 69 35 Der
574 1749 120 46 Inhalt
717 1751 55 35 des
796 1752 128 45 Briefes
953 1754 93 45 schien
1069 1755 58 35 den

220 1791 151 46 Lesenden
398 1791 67 50 sehr
494 1794 168 45 angenehm
701 1806 37 31 zu
766 1796 168 44 berühren,
959 1800 76 34 denn
1064 1800 61 43 sein

222 1837 87 44 Auge
334 1836 123 45 strahlte
481 1837 94 53 Heller
597 1839 49 34 als
665 1838 194 48 gewöhnlich,
877 1843 61 34 und
957 1854 31 24 er
1006 1843 118 46 lächelte

221 1881 154 45 vergnügt
398 1891 59 25 vor
481 1881 53 45 stch
558 1883 63 34 bin.

330 1925 88 43 „Der
440 1925 93 44 junge
557 1926 190 45 Sausewind
771 1930 67 35 will
862 1932 64 43 also
951 1933 91 42 Ernst
1059 1944 51 25 ma­

219 1968 101 46 chen",
348 1970 101 45 sprach
479 1958 127 49 Äoneck
634 1983 37 32 zu
702 1974 63 44 sich,
797 1984 52 32 „er
872 1976 55 43 hat
957 1977 165 43 ausgetobt

219 2014 63 34 und
303 2015 83 43 sehnt
409 2013 53 45 sich
484 2014 71 45 nach
573 2017 95 34 einem
685 2017 107 43 stillen,
808 2019 176 47 häuslichen
1002 2022 118 36 Glücke.

219 2057 61 45 Ich
303 2059 92 44 hoffe,
419 2058 95 47 Hugo
536 2060 80 35 wird
645 2062 48 34 ein
717 2062 112 36 braver
859 2066 161 44 Eheina,m
1043 2077 64 26 wer­

220 2103 65 40 den,
303 2103 77 35 denn
405 2114 31 25 er
460 2105 34 41 ist
519 2105 47 34 ein
584 2110 87 39 guter
688 2107 119 44 Junge,
825 2119 89 26 wenn
931 2110 71 44 auch
1021 2117 97 30 etwas

219 2145 190 51 leichtsinnig.
435 2149 86 42 Nun,
545 2159 63 25 wer
632 2161 68 25 war
724 2152 31 35 in
781 2152 93 44 seiner
891 2154 130 53 Hugend
1043 2157 76 43 nicht

217 2190 198 46 leichtsinnig!
432 2192 95 45 Hugo
552 2192 86 38 bittet
661 2195 73 42 mich
756 2207 53 24 um
830 2198 47 34 die
893 2200 95 44 Hand
1003 2201 115 36 meiner

217 2235 137 45 Tochter,
381 2238 60 34 «ie
466 2238 34 41 ist
524 2238 64 44 ihm
613 2239 97 45 längst
735 2240 178 44 bestimmt."

324 2279 127 38 Kroneck
478 2291 68 26 war
574 2283 128 45 Besitzer
742 2285 84 36 eines
856 2287 116 45 großen
1002 2289 115 42 Gutes,

216 2325 62 35 das
301 2325 53 42 sich
379 2325 97 43 einige
501 2327 148 35 Stunden
675 2338 65 23 von
767 2330 53 33 der
844 2331 188 45 Hauptstadt
1057 2339 49 28 ent­

216 2370 82 44 fernt
321 2369 121 44 befand.
475 2369 78 45 Hier
578 2371 76 34 lebte
680 2380 30 24 er
739 2371 52 44 seit
822 2373 65 36 dem
913 2375 84 35 Tode
1022 2377 95 42 seiner

217 2412 124 42 Gattin,
367 2414 51 33 der
431 2424 57 23 vor
502 2414 156 43 mehreren
672 2415 126 44 Jahren
813 2418 96 43 ersola
927 2430 23 30 e,
976 2421 29 31 i»
1026 2421 91 41 stiller

215 2454 312 52 Zurückgezogenheit
542 2458 55 34 mit
613 2459 97 43 seinen
726 2460 145 43 Kindern,
889 2463 95 33 einem
1002 2463 114 40 Sohne

215 2502 62 34 und
301 2503 82 34 einer
396 2503 139 43 Tochter,
550 2512 60 24 mrr
627 2504 55 41 auf
698 2504 45 33 die
760 2496 175 53 Erziehung
952 2507 61 34 und
1031 2509 69 33 Aus­

215 2546 128 43 bildung
381 2545 153 44 derselben
572 2547 128 42 bedacht.
748 2549 60 33 Sie
847 2545 131 40 bildeten
1015 2552 100 41 seineu

217 2589 106 44 Stolz,
347 2589 77 44 seine
448 2590 131 44 Freude.
626 2592 62 35 Die
718 2591 256 53 achtzehnjährige
1004 2596 110 34 Marie

215 2644 69 25 war
306 2644 64 25 von
392 2632 249 46 überraschender
671 2635 182 51 Schönheit,
878 2639 147 44 geistreich
1050 2641 62 34 und

217 2674 251 44 liebenswürdig,
492 2679 56 33 wie
573 2679 89 42 selten
687 2679 63 35 eine
779 2691 90 33 >unge
899 2684 111 36 Dame.
1053 2686 58 34 Ein

218 2720 184 50 lieblicheres
426 2721 127 44 Gesicht,
578 2723 63 34 eine
665 2724 160 44 schlankere
843 2727 120 41 Gestalt
986 2728 61 35 und
1065 2730 48 34 ein

219 2765 178 46 zierlicherer
421 2765 73 43 Fuß
526 2765 139 46 schwebte
696 2769 49 34 nie
768 2769 76 34 über
869 2770 45 35 die
943 2774 81 34 Erde
1047 2774 63 43 hin.

216 2810 66 41 Ihr
306 2808 162 45 fröhliches
498 2810 136 40 Gemüth
672 2815 108 40 prägte
810 2814 52 43 sich
902 2816 32 33 in
964 2818 54 33 den
1042 2819 56 43 fun­

213 2847 131 46 kelnden,
368 2852 157 45 schelmisch
551 2854 162 37 blickenden
743 2858 109 51 Angen
877 2866 70 35 aus,
972 2862 61 34 und
1060 2864 51 33 der

215 2895 136 39 ernsteste
373 2896 110 31 Mann
503 2900 84 36 hätte
610 2899 112 44 lächeln
745 2902 117 43 müssen
890 2904 80 36 beim
994 2906 117 44 Klänge

215 2935 84 43 ihres
324 2934 163 46 fröhlichen
512 2937 142 44 Lachens.
695 2945 156 35 Kroneck's
883 2949 110 41 Sohn,
1022 2951 86 42 Karl,

214 2979 54 27 der
305 2987 52 23 um
398 2979 74 41 zwei
510 2981 105 44 Jahre
653 2983 109 46 jünger
789 2999 81 32 war,
910 2992 49 34 als
990 2994 117 41 Marie,

213 3015 178 46 berechtigte
407 3031 36 30 zu
460 3023 58 34 den
533 3025 145 44 schönstem
695 3030 206 47 Hoffnungen.
925 3036 44 34 Er
986 3038 122 42 studirte

212 3064 88 30 unter
325 3061 51 35 der
400 3066 129 44 Leitung
554 3070 84 36 eines
666 3072 212 48 Hofmeisters,
919 3080 83 34 eines
1034 3086 58 28 aus­

213 3102 207 46 gezeichneten,
444 3109 167 44 gebildeten
637 3116 153 44 Mannes,
820 3122 52 34 der
896 3122 55 34 den
977 3124 127 44 größten

213 3145 88 45 Fleiß
331 3149 188 46 daransetzte,
556 3157 100 41 seinen
683 3162 135 45 Zögling
847 3175 37 33 zu
908 3166 95 36 einem
1027 3170 64 43 tüch­

207 3189 83 44 tigen
316 3193 161 44 Menschen
501 3208 37 32 zu
562 3202 127 43 machen.
707 3206 204 45 Verhältnisse
928 3211 102 42 hatten
1047 3214 55 34 den

203 3234 187 57 Hofmeister
418 3241 170 45 genöthigt,
628 3257 56 25 vor
718 3251 116 42 einigen
859 3253 127 45 Wochen
1025 3258 76 42 seine

202 3282 160 46 bisherig?
386 3283 142 45 Ausgabe
552 3290 197 46 auszugeben,
777 3295 139 44 nachdem
942 3310 32 23 er
997 3299 105 45 Herrn

202 3336 62 25 von
288 3325 130 38 Krou'eck
442 3329 85 35 einen
550 3332 112 44 jungen
681 3337 104 35 Mann
803 3340 56 41 auf
875 3343 57 33 das
950 3344 151 43 Wärmste

203 3371 51 34 als
277 3371 113 45 Lehrer
413 3371 54 46 für
491 3375 78 35 Karl
592 3379 181 45 empfohlen.
823 3385 108 43 Dieser
959 3388 85 42 sollte
1067 3390 33 34 in

201 3417 103 42 kurzer
327 3417 70 43 Zeit
427 3419 55 42 auf
505 3420 67 35 dem
600 3422 84 36 Gute
714 3425 168 46 eintreffen,
912 3432 61 34 und
1001 3434 99 36 Vater

180 3493 6 5 .
201 3459 61 35 und
291 3461 96 43 Sohn
409 3462 92 45 sahen
529 3465 95 44 seiner
655 3469 135 45 Anknnst
827 3474 56 34 mit
916 3475 183 48 Spannung

201 3517 153 41 entgegen.
378 3514 89 43 Diese
494 3518 180 46 Spannung
705 3523 107 44 erhielt
829 3526 44 35 bei
891 3528 126 37 Kroneck
1034 3533 63 34 eine

201 3556 180 45 wesentliche
410 3559 184 47 Milderung
635 3565 87 45 durch
752 3569 54 35 den
839 3571 101 50 Brief,
981 3575 54 35 den
1066 3588 31 23 er

199 3600 195 46 heuteAbend
406 3604 182 47 empfangen
602 3608 158 45 hatte,und
771 3614 123 45 welcher
904 3616 52 44 ihn
972 3619 33 34 in
1022 3621 76 43 nicht

199 3645 123 44 geringe
350 3646 180 47 Bewegung
556 3653 143 45 versetzte.
748 3658 68 35 Der
846 3660 166 43 Schreiber
1040 3665 56 34 des

197 3689 140 45 Briefes,
375 3691 94 45 Hugo
498 3695 159 44 Sternau,
697 3710 68 24 war
805 3702 51 34 der
886 3706 95 43 Sohn
1011 3709 83 35 eines

199 3733 83 35 alten
304 3735 163 44 Freundes
490 3738 56 35 des
570 3740 104 45 Herrn
697 3754 62 24 von
780 3745 137 44 Kroneck,
935 3752 60 34 und
1020 3753 75 43 diese

197 3777 82 44 hatte
302 3779 53 44 sich
381 3780 57 35 das
463 3782 90 36 Wort
576 3785 140 45 gegeben,
738 3789 59 41 daß
822 3792 52 41 sich
898 3793 66 44 ihre
980 3796 114 36 Kinder

198 3821 72 43 einst
293 3823 135 45 heiraten
453 3826 114 44 sollten.
609 3831 82 43 Noch
722 3834 54 42 auf
805 3835 64 35 dem
895 3839 198 38 Todtenbette

197 3865 151 36 erinnerte
374 3868 125 46 Hugo's
532 3872 99 36 Vater
669 3875 98 43 seinen
796 3879 126 42 Freund
962 3894 38 24 an
1034 3887 59 33 das

195 3909 148 52 gegebene
366 3913 210 46 Versprechen,
601 3919 61 34 und
687 3921 93 42 dieser
803 3924 127 37 erklärte
952 3928 141 45 feierlich,

196 3961 60 35 oay
281 3964 32 25 er
337 3956 61 43 sein
421 3959 91 34 Wort
537 3961 129 44 erfüllen
690 3965 108 36 werde.
821 3969 127 37 Kroneck
973 3972 118 37 bereute

195 3997 52 35 bis
270 3998 64 45 jetzt
355 4000 62 44 sein
439 4003 201 47 Versprechen
668 4008 87 46 nicht,
784 4011 39 35 da
846 4013 53 34 der
923 4017 169 45 zukünftige

195 4041 253 47 Schwiegersohn
471 4047 77 48 nicht
571 4060 60 25 nur
659 4052 49 35 ein
736 4054 201 40 bedeutendes
962 4061 115 36 Vermö­

195 4095 67 33 gen,
300 4088 128 44 sondern
462 4093 70 45 auch
571 4095 179 46 persönliche
782 4099 309 51 Liebenswürdigkeit

194 4127 101 46 besaß.
317 4132 121 44 Marie,
466 4134 105 43 welche
599 4139 112 43 wußte,
736 4153 76 25 wem
837 4145 38 41 sie
899 4156 54 35 zur
978 4149 111 36 Gattin

194 4173 148 44 bestimmt
369 4177 50 42 sei,
457 4188 69 25 war
554 4181 152 46 ebenfalls
734 4186 66 35 dem
828 4189 114 45 jnngen
966 4193 125 36 Manne

194 4217 78 45 nicht
295 4220 168 46 abgeneigt,
488 4225 62 34 und
574 4226 37 42 sie
637 4228 95 43 freute
757 4230 62 43 sich,
849 4234 30 42 so
903 4235 46 43 oft
973 4247 31 25 er
1029 4244 60 29 ans

194 4262 54 35 der
271 4262 186 46 Hauptstadt
487 4278 67 33 zum
583 4271 129 44 Besuche
751 4275 54 42 auf
834 4277 57 34 das
922 4280 68 35 Gut
1014 4282 74 42 kam,

193 4307 72 44 stets
292 4307 76 35 über
390 4310 78 41 seine
506 4313 201 45 Gegenwart.
732 4319 128 42 Freilich
883 4332 107 26 waren
1013 4327 77 43 diese

193 4348 129 45 Besuche
346 4351 52 43 seit
426 4356 150 43 ungefähr
606 4361 179 44 anderthalb
825 4365 128 44 Jahren
981 4370 107 35 immer

193 4393 126 45 seltener
335 4395 171 47 geworden,
522 4399 32 43 ja
570 4406 32 28 es
620 4404 63 43 traf
699 4405 67 44 sich,
784 4407 59 43 daß
862 4420 32 24 er
911 4410 47 36 ein
975 4419 112 40 ganzes

193 4437 89 45 Jahr
304 4439 85 43 ferne
411 4441 90 42 blieb,
517 4443 126 44 welches
659 4456 32 25 er
715 4450 55 44 auf
792 4452 110 44 Reisen
923 4455 165 47 zubrachte,

192 4490 53 25 um
272 4481 48 35 die
346 4482 204 48 Hauptstädte
577 4489 176 46 Europa's,
764 4497 180 45 namentlich
973 4500 114 45 Paris,

193 4524 109 37 kennen
325 4535 37 36 zu
385 4529 114 46 lernen,
522 4531 106 48 welche
653 4534 100 37 Stadt
775 4539 71 47 noch
871 4541 107 38 immer
1001 4546 85 45 mehr

1209 1038 52 35 als
1285 1039 39 40 sie
1348 1045 35 29 es
1407 1041 152 43 verdient,
1597 1043 47 35 die
1673 1046 152 43 Fremden
1855 1059 40 24 an
1923 1049 54 44 sich
2006 1048 105 47 fesselt,

1205 1082 146 45 vielleicht
1374 1087 83 41 auch,
1482 1086 72 35 weil
1576 1087 66 36 dies
1667 1091 111 49 Herade
1800 1094 32 41 so
1847 1092 100 37 Mode
1968 1095 48 41 ist.
2048 1095 60 34 Als

1207 1125 124 46 Hugo's
1345 1129 140 45 Besuche,
1494 1131 93 35 bevor
1599 1143 31 23 er
1643 1134 76 42 seine
1737 1135 87 44 Reise
1843 1143 113 37 antrat,
1974 1139 30 43 so
2020 1139 88 43 selten

1205 1171 175 44 geworden,
1402 1175 150 44 schüttelte
1576 1176 128 37 Kroneck
1727 1180 163 47 bedenklich
1912 1183 60 34 das
1988 1183 121 44 Haupt,

1204 1216 61 34 nnd
1291 1227 31 24 er
1351 1218 123 45 forschte
1512 1221 72 49 nach
1611 1222 51 34 der
1690 1222 136 44 Ursache,
1864 1237 124 26 warum
2011 1228 95 45 Hugo

1204 1259 60 42 sein
1289 1261 95 44 Haus
1409 1263 31 33 in
1465 1264 29 42 so
1521 1264 204 48 auffallender
1742 1268 96 43 Weise
1862 1270 242 46 vernachlässige.

1203 1304 63 35 Die
1289 1306 274 47 Erkundigungen,
1602 1310 47 34 die
1679 1321 30 23 er
1739 1312 77 34 über
1845 1314 59 34 das
1928 1317 99 35 Leben
2050 1317 56 35 des

1200 1347 117 47 jungen
1333 1350 146 37 Mannes
1502 1354 35 34 in
1559 1354 53 35 der
1628 1353 189 48 Hauptstadt
1840 1358 116 45 einzog,
1976 1361 116 44 berühr­

1201 1397 49 30 ten
1275 1395 53 42 ihn
1353 1396 135 44 anfangs
1515 1397 228 46 unangenehm,
1783 1401 92 36 allein
1905 1414 31 25 er
1962 1406 142 44 urtheilte

1200 1437 219 48 nachsichtiger,
1444 1441 51 34 als
1520 1450 31 26 er
1575 1442 147 46 bedachte,
1746 1445 62 43 daß
1833 1447 48 35 ein
1904 1448 119 45 junger,
2046 1452 45 33 rei­

1200 1483 62 43 cher
1288 1484 118 44 Mann,
1434 1485 52 35 der
1510 1496 65 25 nun
1604 1488 114 35 einmal
1745 1490 34 33 in
1803 1491 53 35 der
1881 1492 118 45 großen
2022 1495 83 36 Welt

1199 1526 70 42 lebt,
1308 1528 76 43 nicht
1414 1531 80 33 allen
1524 1531 141 44 Freuden
1706 1533 151 45 derst'ben
1883 1537 219 46 unzugänglich

1197 1570 119 37 bleiben
1341 1574 103 41 könne,
1483 1585 89 25 wenn
1602 1582 33 28 es
1667 1577 70 43 anch
1771 1579 108 45 gerade
1910 1582 77 45 nicht
2015 1584 73 43 noth­

1194 1615 124 45 wendig
1340 1628 80 31 war,
1443 1618 63 43 daß
1529 1631 33 23 er
1585 1619 128 46 dieselbe
1734 1623 111 43 genoß.
1885 1625 97 46 Hugo
2008 1628 96 44 schien

1195 1660 140 46 indessen,
1348 1663 49 34 als
1417 1673 31 23 er
1463 1665 72 43 nach
1553 1665 95 36 einem
1665 1666 106 44 Jahre
1789 1675 60 28 aus
1867 1670 102 44 Paris
1987 1672 102 43 zurück­

1196 1706 115 43 gekehrt
1328 1716 78 32 war,
1425 1707 52 36 der
1493 1708 199 47 rauschenden
1715 1711 253 47 Vergnügungen
1987 1717 113 35 bereits

1194 1755 59 38 Mt
1277 1751 163 45 geworden
1464 1763 38 31 zu
1525 1754 73 43 sein,
1622 1755 79 35 denn
1726 1767 32 23 er
1782 1758 151 36 erinnerte
1957 1760 64 44 sich,
2043 1762 58 34 wie

1192 1795 66 42 sehr
1289 1806 30 23 er
1348 1796 34 33 in
1411 1797 131 44 letzterer
1572 1798 70 44 Zeit
1680 1800 79 43 seine
1791 1803 171 45 zukünftige
1995 1807 106 35 Braut

1193 1837 231 48 vernachlässigt
1448 1842 91 36 batte.
1560 1844 45 34 Er
1629 1842 107 45 schrieb
1763 1845 95 45 daher
1884 1849 85 34 einen
1987 1851 113 42 langen

1191 1883 94 43 Brief
1308 1894 40 25 an
1372 1885 138 42 Kroneck,
1526 1888 64 34 und
1613 1888 55 35 bat
1690 1888 169 45 denselben,
1879 1892 63 43 daß
1957 1894 55 35 der
2027 1894 74 45 Tag

1190 1929 52 34 der
1266 1928 196 46 Vermälung
1485 1930 55 36 mit
1566 1931 110 36 Marie
1701 1934 156 46 festgesetzt
1887 1938 111 36 werde.
2031 1939 68 36 Der

1191 1972 67 36 Der
1289 1973 108 45 Brief,
1438 1974 123 45 welcher
1593 1977 32 34 in
1657 1977 219 46 meisterhafter
1916 1982 95 42 Weise
2047 1984 37 34 ab­

1191 2016 104 52 gefaßt
1313 2028 83 32 war,
1418 2020 160 46 versöhnte
1600 2021 128 38 Kroneck
1743 2024 201 38 vollkommen
1961 2028 55 34 mit
2032 2028 66 34 dem

1188 2071 112 35 Mgen
1317 2062 135 37 Manne.

1296 2106 128 38 Kroneck
1460 2109 93 44 suchte
1589 2111 76 42 seine
1702 2111 129 47 Tochter
1861 2116 63 43 auf,
1961 2126 52 25 um
2044 2118 49 43 ihr

1188 2151 59 43 dey
1270 2153 120 43 Inhalt
1416 2153 56 35 des
1501 2153 129 44 Briefes
1660 2157 217 46 mitzutheilen.
1915 2161 111 35 Marie
2052 2173 43 23 er-

1186 2194 128 44 röthete,
1337 2197 63 35 und
1425 2198 50 43 ihr
1500 2199 186 46 glänzendes
1712 2203 89 43 Auge
1826 2205 125 44 strahlte
1974 2206 121 44 freudig

1186 2240 47 35 bei
1258 2242 54 33 den
1338 2243 129 35 Worten
1503 2245 53 33 des
1581 2245 128 36 Vaters.
1760 2248 60 35 Sie
1848 2250 69 42 sank
1952 2250 31 35 in
2017 2251 77 43 seine

1187 2286 103 42 Arme,
1321 2285 60 34 und
1419 2297 31 23 er
1475 2287 112 36 drückte
1618 2290 85 34 einen
1732 2292 70 42 Kuß
1829 2294 54 43 auf
1908 2295 44 35 die
1979 2296 113 35 Stirne

1186 2330 54 32 des
1270 2328 148 44 geliebten
1447 2330 128 35 Kindes.

1295 2372 87 41 „Und
1408 2374 82 40 wirst
1527 2376 55 34 Du
1618 2376 76 44 Dich
1732 2379 50 34 als
1820 2379 125 46 Hugo's
1976 2383 113 36 Gattin

1206 2415 111 43 lücklich
1354 2416 149 43 fühlen?"
1540 2420 99 41 fragte
1663 2422 52 33 der
1740 2423 98 35 Vater
1874 2426 41 33 im
1940 2427 149 44 innigsten

1203 2463 78 29 lone.
1313 2457 145 44 „Gewiß,
1493 2460 108 35 Vater.
1627 2464 60 42 Ich
1722 2466 53 42 sah
1809 2467 54 42 ihn
1892 2470 72 41 stets
1989 2480 101 33 gerne,

1183 2502 77 34 denn
1286 2513 31 23 er
1341 2503 34 40 ist
1401 2503 47 34 ein
1472 2503 277 49 liebenswürdiger
1769 2509 116 37 Mann.
1914 2512 173 47 Uebrigens

1182 2546 34 41 ist
1242 2551 32 30 es
1300 2546 30 43 ja
1356 2546 83 37 Dein
1465 2549 136 44 Wunsch,
1627 2551 59 41 daß
1711 2552 40 43 ich
1776 2554 52 42 ihn
1859 2557 137 41 heiraten
2021 2560 64 44 soll,

1182 2589 62 36 und
1268 2591 42 43 ich
1334 2590 54 34 bin
1411 2592 80 34 keine
1513 2593 222 46 ungehorsame
1759 2597 159 47 Tochter."

1290 2635 94 43 „Das
1408 2635 79 44 weiß
1511 2636 52 44 ich,
1587 2640 81 34 mein
1691 2640 112 38 Kind."

1396 2723 243 47 Vertrauliche
1662 2729 202 47 Gespräche.

1287 2784 126 40 Kroneck
1449 2788 80 42 hatte
1565 2788 76 45 seine
1676 2793 129 45 Tochter
1839 2796 33 34 in
1907 2797 53 34 der
1983 2799 98 43 besten

1181 2831 185 42 Stimmung
1390 2832 158 46 verlassen.
1589 2836 47 32 Es
1672 2847 69 24 war
1765 2838 106 36 Abend
1908 2844 172 43 geworden,

1179 2875 60 36 und
1267 2874 107 36 Marie
1400 2876 99 45 führte
1524 2879 55 34 mit
1602 2879 82 44 ihrer
1703 2882 269 48 Gesellschafterin,
1998 2889 81 35 einer

1177 2920 124 44 jungen,
1325 2919 131 45 schönen,
1491 2921 115 43 blaßen
1629 2925 104 36 Dame
1767 2933 62 29 aus
1859 2931 218 46 Norddeutsch-

1177 2965 84 39 lano,
1295 2963 140 44 nachdem
1469 2966 39 41 sie
1543 2968 49 43 ihr
1616 2970 107 44 früher
1760 2971 46 35 die
1835 2973 158 47 Nachricht
2016 2988 62 25 von

1176 3005 82 42 ihrer
1298 3007 251 46 bevorstehenden
1589 3014 249 48 Verheirathung
1885 3019 53 35 mit
1981 3022 95 44 Hugo

1178 3051 142 35 Sternau
1344 3053 180 45 mitgetheilt
1547 3057 92 43 hatte,
1676 3060 83 35 eines
1788 3062 83 43 jener
1897 3064 178 46 Gespräche,

1172 3095 125 43 welches
1324 3097 123 34 Damen
1481 3110 91 33 gerne
1595 3102 123 45 führen,
1751 3114 91 27 wenn
1880 3109 63 34 kein
1968 3112 108 34 Mann

1171 3139 103 45 Zeuge
1314 3140 83 44 ihrer
1422 3143 107 35 Worte
1552 3145 45 43 ist,
1637 3147 61 35 und
1737 3150 39 44 sie
1805 3151 88 44 ihren
1918 3155 156 46 Gesiihlen

1170 3183 97 45 freien
1291 3184 81 43 Lauf
1394 3187 95 42 lassen
1512 3188 123 37 können.

1281 3228 130 41 „Lieben
1437 3231 62 35 Tie
1523 3233 96 44 Hugo
1641 3236 171 46 wirklich?"
1840 3242 99 43 fragte
1956 3242 116 44 Laura,

1172 3270 150 37 Mariens
1362 3269 275 53 Gesellschafterin,
1678 3283 79 43 ernst
1796 3284 61 36 und
1897 3287 57 44 fast
1992 3290 66 42 weh­

1171 3314 127 46 müthig.

1275 3361 114 36 Marie
1421 3364 53 44 sah
1509 3365 47 35 die
1594 3369 187 47 Sprecherin
1816 3372 172 49 überrascht
2021 3386 49 34 an,

1168 3403 61 37 und
1255 3406 171 37 erwiderte:

1276 3452 120 41 „Wenn
1433 3453 41 43 ich
1509 3454 55 44 ihn
1597 3457 79 44 nicht
1711 3460 99 36 lieben
1843 3464 128 43 würde,
2010 3466 60 35 wie

1166 3493 106 35 könnte
1296 3495 41 43 ich
1361 3496 73 44 mich
1459 3499 203 46 entschließen,
1686 3503 53 43 ihn
1764 3515 35 34 zu
1824 3506 167 48 heiraten."

1273 3539 250 48 Schwermüthig
1547 3546 101 43 sprach
1674 3548 120 36 Laura:

1275 3583 105 41 „Man
1416 3586 128 40 heiratet
1581 3591 53 41 oft,
1672 3593 76 43 ohne
1785 3594 59 44 daß
1881 3607 72 24 man
1983 3599 80 35 liebt.

1164 3626 95 43 Ohne
1282 3628 60 34 das
1356 3629 119 46 Gefühl
1498 3633 53 34 der
1567 3632 90 37 Liebe
1681 3646 35 34 zu
1742 3637 120 45 kennen,
1888 3642 76 44 ohne
1982 3643 83 44 echte,

1163 3671 116 43 wahre,
1302 3682 117 26 warme
1437 3675 90 37 Liebe
1550 3678 67 35 tritt
1640 3681 32 41 so
1695 3681 140 45 manches
1860 3686 91 43 junge
1968 3688 84 35 Mäd­

1163 3716 67 40 chen
1255 3725 68 33 zum
1346 3718 118 43 Altare,
1493 3730 54 24 um
1571 3722 85 36 eines
1679 3726 108 45 Tages
1823 3729 46 35 die
1893 3730 171 46 furchtbare

1164 3758 187 45 Entdeckung
1385 3772 35 32 zu
1460 3765 129 44 machen,
1629 3768 57 35 wie
1726 3771 178 48 gleichgiltig
1939 3776 49 44 ihr
2012 3778 51 34 der

1163 3803 109 35 Mann
1295 3804 46 43 ist,
1363 3806 57 35 mit
1444 3808 67 35 dem
1534 3811 39 40 sie
1597 3812 52 42 sür
1673 3814 60 34 das
1758 3825 93 36 ganze
1874 3817 100 38 Leben
1996 3831 55 26 ver­

1162 3847 120 36 bunden
1306 3849 114 36 wurde.
1446 3853 62 34 Sie
1532 3855 124 44 glaubte
1681 3868 36 33 zu
1741 3860 108 43 lieben,
1873 3864 39 41 sie
1936 3864 126 45 täuschte

1161 3891 62 35 und
1248 3890 136 46 bethörte
1409 3895 63 44 sich,
1511 3900 61 33 und
1598 3901 117 36 weinen
1740 3905 60 34 und
1837 3912 126 31 trauern
1988 3910 72 43 muß

1160 3935 40 43 sie
1223 3945 53 25 um
1299 3937 47 34 die
1369 3940 159 37 verlorene
1552 3944 166 47 Freiheit."

1271 3981 100 40 „Was
1393 3983 75 44 mich
1490 3986 127 44 betrifft,
1653 3991 32 41 so
1707 3992 81 42 weiß
1815 3994 74 43 ich,"
1926 4001 122 32 antwor­

1159 4028 56 30 tete
1242 4023 118 44 Marie,
1403 4028 80 43 „daß
1512 4031 41 42 ich
1592 4043 51 24 um
1674 4035 44 34 die
1743 4038 156 36 verlorene
1926 4041 135 44 Freiheit

1157 4067 101 36 weder
1281 4069 119 37 weinen
1422 4072 72 44 noch
1519 4080 128 32 trauern
1670 4080 111 42 werde,
1809 4082 79 35 denn
1911 4085 41 41 ich
1977 4087 84 42 freue

1157 4111 72 43 mich
1255 4123 70 24 vom
1350 4125 116 34 ganzen
1489 4118 120 45 Herzen
1648 4123 55 44 auf
1726 4125 119 36 meinen
1869 4128 191 46 zukünftigen

1159 4156 125 36 Gatten.
1313 4158 59 34 Sie
1397 4161 115 44 müssen
1537 4166 181 43 zugestehen,
1742 4169 115 43 Laura,
1883 4171 59 42 daß
1965 4174 93 44 Hugo

1158 4200 48 34 ein
1231 4199 108 36 Mann
1362 4204 45 41 ist,
1432 4206 55 43 aus
1509 4208 128 45 welchen
1659 4211 42 44 ich
1726 4213 70 43 stolz
1821 4215 61 43 sein
1905 4218 108 34 kann."

1267 4245 80 44 „Ich
1370 4247 90 36 kenne
1498 4251 54 43 ihn
1586 4263 37 32 zu
1657 4257 112 44 wenig,
1796 4268 54 25 um
1876 4260 55 42 ihn
1953 4260 105 46 richtig

1158 4296 35 34 zu
1218 4287 217 45 beurtheilen,"
1477 4295 156 37 erwiderte
1672 4299 106 37 Laura
1807 4303 56 43 fast
1888 4304 67 43 kalt,
1996 4312 60 29 und

1158 4332 48 33 ein
1231 4332 148 45 Schatten
1403 4337 63 43 flog
1490 4338 77 36 über
1589 4342 51 43 ihr
1662 4343 127 45 bleiches
1814 4347 118 44 Antlitz.
1976 4351 79 44 „Ich

1156 4374 77 45 habe
1256 4376 54 43 ihn
1334 4379 32 41 ja
1390 4380 69 43 doch
1482 4393 61 25 nur
1567 4384 98 45 einige
1690 4388 93 36 Male
1806 4391 159 45 gesehen!"

1264 4421 76 35 Eine
1364 4423 102 44 Pause
1491 4432 63 30 trat
1578 4430 56 35 ein.

1263 4465 110 35 Marie
1395 4469 134 44 versank,
1565 4473 50 34 als
1639 4475 39 40 sie
1703 4476 74 44 diese
1806 4478 106 36 Worte
1948 4481 107 44 gehört

1153 4506 95 45 hatte,
1270 4509 131 46 plötzlich
1424 4513 33 34 in
1480 4515 90 44 tiefes
1597 4518 206 46 Nachdenken.
1843 4525 76 34 Das
1940 4524 113 43 heitere

1154 4550 135 46 Lächeln,
1314 4555 125 44 welches
1465 4559 71 44 stets
1560 4561 56 45 auf
1638 4563 88 45 ihren
1760 4566 117 44 Lippen
1901 4567 148 46 schwebte,

2177 1063 70 25 war
2281 1054 240 49 verschwunden,
2556 1062 62 35 und
2654 1064 56 36 mit
2744 1066 96 38 einem
2876 1069 118 45 Ernste,
3023 1072 56 36 den

2177 1107 73 26 man
2274 1100 91 43 selten
2389 1113 41 24 an
2453 1105 50 35 ibr
2527 1107 64 43 sah,
2629 1109 103 44 sprach
2770 1113 55 42 sie:
2867 1114 84 44 „Sie
2976 1115 119 47 haben'

2178 1142 85 35 einen
2302 1145 210 39 Widerwillen
2553 1161 93 36 gegen
2679 1153 132 48 Hugo!"

2285 1189 153 44 „Warum
2462 1194 84 42 sollte
2570 1197 41 41 ich
2635 1197 64 45 ihm
2723 1200 159 47 abgeneigt
2906 1204 102 45 sein?"

2285 1234 169 48 „Gestehen
2467 1238 63 35 Sie
2553 1245 36 29 es
2611 1241 91 45 mir,"
2728 1245 103 45 sprach
2845 1248 111 36 Marie
2978 1250 98 45 innig,

2175 1278 61 31 und
2262 1278 107 44 ergriff
2391 1279 136 38 Laura's
2553 1283 104 46 Hand,
2682 1306 42 7 —
2755 1291 61 43 „ich
2841 1291 100 37 werde
2963 1294 112 53 Ihnen

2174 1320 76 43 nicht
2274 1324 124 42 zürnen.
2423 1326 60 44 Ich
2508 1329 137 36 erinnere
2667 1331 73 45 mich
2765 1334 72 45 jetzt,
2863 1335 60 44 daß
2940 1338 62 34 Sie
3018 1340 57 44 fast

2173 1364 163 46 absichtlich
2360 1367 85 45 jedes
2469 1372 297 49 Zusammentreffen
2799 1379 58 36 mit
2879 1380 95 46 Hugo
3008 1394 53 23 ver­

2171 1409 128 43 mieden,
2324 1411 61 42 daß
2408 1414 74 43 Sie,
2504 1417 34 42 so
2561 1419 46 42 oft
2630 1429 32 24 er
2684 1420 35 35 in
2740 1423 124 43 unserer
2879 1425 197 47 Gesellschaft

2173 1454 136 44 erschien,
2350 1456 122 45 dieselbe
2496 1461 71 43 nach
2593 1463 103 44 kurzer
2719 1466 71 44 Zeit
2812 1467 165 46 verließen,
3013 1472 59 43 daß

2171 1498 73 43 Sie,
2266 1509 93 26 wenn
2382 1503 48 34 ein
2454 1505 222 46 Spaziergang
2700 1510 42 33 im
2765 1511 103 45 Parke
2889 1514 172 45 vorgeschla­

2169 1550 58 37 gen
2250 1544 117 43 wurde,
2391 1546 77 44 nicht
2492 1550 97 35 daran
2627 1553 220 46 theilnahmen,
2884 1558 102 36 indem
3009 1561 64 35 Sie

2171 1586 64 35 eine
2260 1589 223 44 Unpäßlichkeit
2521 1595 207 46 vorschützten,
2767 1600 61 35 und
2869 1601 52 45 sich
2946 1604 32 34 in
3002 1604 69 45 Ihr

2169 1631 137 44 Zimmer
2330 1634 167 46 begaben."

2277 1677 103 42 „Dies
2404 1681 121 45 geschah
2549 1683 138 47 zufällig.
2713 1687 63 36 Sie
2799 1688 116 46 wissen,
2942 1692 62 43 daß
3027 1694 43 43 ich

2169 1719 116 36 leidend
2311 1722 62 43 bin,
2386 1724 62 35 und
2473 1727 129 44 größere
2620 1729 231 48 Gesellschaften
2868 1733 76 47 nicht
2961 1736 107 36 liebe."

2278 1766 94 44 „Also
2395 1769 86 50 sollte
2504 1777 35 28 es
2563 1783 60 25 nur
2646 1775 109 45 Zufall
2779 1779 132 50 gewesen
2939 1780 91 44 sein."

2276 1810 145 44 „Gewiß.
2447 1814 60 51 Ich
2531 1816 53 35 bin
2608 1819 72 42 stets
2705 1821 160 45 aufrichtig
2889 1834 94 35 gegen
3006 1827 65 35 Sie

2169 1854 142 43 gewesen,
2337 1856 60 35 und
2423 1858 61 35 Sie
2509 1860 114 37 können
2646 1873 62 25 von
2733 1865 51 35 der
2812 1867 163 45 Wahrheit
2997 1871 58 34 mei­

2168 1908 53 23 ner
2246 1900 108 35 Worte
2378 1901 164 47 überzeugt
2565 1907 70 50 sein.
2661 1909 59 33 Um
2744 1909 111 45 Ihnen
2886 1913 74 35 aber
2983 1914 86 37 einen

2166 1941 129 37 Beweis
2320 1954 36 33 zu
2380 1946 105 44 geben,
2523 1950 62 41 daß
2607 1950 42 44 ich
2674 1951 95 46 Hugo
2792 1954 77 45 nicht
2908 1957 161 47 abgeneigt

2166 1985 63 43 bin,
2254 1988 64 35 will
2343 1989 50 44 ich,
2418 1991 30 43 so
2473 1993 45 43 oft
2543 1994 61 35 Sie
2631 2002 33 28 es
2687 1998 167 45 wünschen,
2879 2011 40 24 an
2944 2003 51 34 der
3019 2014 34 32 ge­

2166 2032 262 46 meinschaftlichen
2452 2038 226 46 Unterhaltung
2704 2041 210 47 theilnehmen,
2930 2051 120 31 voraus­

2165 2076 110 45 gesetzt,
2299 2078 61 42 daß
2384 2079 41 45 ich
2449 2081 77 43 nicht
2551 2079 87 48 lästig
2662 2085 83 47 falle,
2778 2093 73 29 was
2887 2090 74 35 aber
2983 2091 84 44 leicht

2166 2120 50 34 der
2232 2122 72 42 Fall
2328 2123 60 43 sein
2412 2125 115 41 könnte,
2553 2128 38 33 da
2604 2127 147 39 Liebende
2768 2141 90 34 gerne
2880 2134 46 35 die
2942 2136 109 44 Gegen­

2164 2169 81 31 wart
2269 2167 81 35 einer
2375 2168 111 36 dritten
2511 2172 119 45 Person
2655 2173 193 55 entbehren."

2269 2211 106 36 Laura
2413 2213 121 43 lächelte
2571 2217 47 35 bei
2656 2219 58 34 den
2742 2225 99 39 letzten
2864 2222 130 37 Worten
3031 2226 32 42 so

2160 2253 239 48 schwermüthig,
2438 2258 62 44 daß
2523 2265 36 30 es
2594 2260 97 37 einem
2713 2263 169 47 schärferen
2908 2268 147 44 Beobach­

2160 2303 55 37 ter,
2242 2301 51 34 als
2319 2306 33 29 es
2379 2303 109 35 Marie
2513 2315 77 32 war,
2615 2307 76 44 nicht
2715 2308 88 44 hätte,
2826 2311 145 44 entgehen
2995 2314 53 34 kön­

2159 2353 68 30 nen,
2252 2345 107 45 welche
2382 2347 105 41 Mühe
2511 2348 52 44 sich
2587 2350 107 37 Laura
2717 2352 71 44 gab,
2812 2364 53 24 um
2889 2355 65 45 ihre
2971 2358 91 44 Ruhe

2158 2396 36 33 zu
2219 2386 174 47 bewahren.
2435 2392 121 43 Marie,
2594 2395 107 45 welche
2724 2397 85 46 schon
2842 2400 32 42 so
2897 2401 78 35 viele
2997 2403 49 35 Be­

2157 2431 87 43 weise
2283 2442 61 25 von
2383 2434 52 35 der
2474 2435 224 48 Aufrichtigkeit
2740 2439 137 39 Laura's
2922 2445 137 43 erhalten

2156 2474 94 44 hatte,
2289 2476 62 35 und
2389 2479 106 44 welche
2533 2481 114 44 wußte,
2685 2485 62 43 daß
2786 2486 50 52 ihr
2866 2487 106 37 Laura
2995 2491 64 35 eine

2153 2524 86 31 treue
2262 2521 160 45 Freundin
2453 2524 51 43 sei,
2538 2526 60 44 gab
2637 2528 54 45 sich
2731 2530 163 46 zufrieden.

2263 2566 67 41 „Es
2356 2567 105 35 würde
2486 2569 59 34 mir
2569 2572 82 42 wehe
2676 2576 111 42 gethan
2803 2576 131 43 haben,"
2953 2579 101 52 sprach

2155 2607 119 44 Marie,
2298 2630 42 5 —
2379 2621 108 32 „wenn
2511 2614 41 44 ich
2577 2616 81 43 hätte
2683 2618 132 45 glauben
2843 2620 125 44 müssen,
2993 2625 60 41 dag

2152 2652 63 35 Sie
2239 2653 93 46 Hugo
2370 2655 77 46 nicht
2469 2658 32 41 so
2525 2657 111 46 achten,
2674 2662 59 35 wie
2757 2659 42 38 er^
2825 2670 35 28 es
2883 2666 168 37 verdient."

2260 2699 130 44 „Dieses
2412 2699 120 46 Gefühl
2554 2703 96 44 macht
2673 2706 117 45 Ihrem
2813 2708 121 46 Herzen
2960 2713 92 43 Ehre,

2151 2740 119 44 Marie,
2295 2763 41 6 —
2361 2745 143 46 vielleicht
2529 2748 167 46 entspringt
2720 2752 118 36 daraus
2864 2751 50 37 die
2938 2757 115 44 wahre,

2148 2785 75 45 echte
2245 2787 121 37 Liebe."

2257 2832 109 44 „Liebe
2389 2833 43 45 ich
2450 2836 76 35 denn
2549 2837 77 47 nicht
2648 2840 90 44 wahr
2754 2841 64 36 und
2834 2842 95 44 echt?"
2948 2845 101 48 fragte

2148 2874 109 37 Marie
2301 2880 140 43 erstannt.
2484 2881 100 42 „Was
2624 2884 34 42 ist
2699 2886 76 35 denn
2814 2887 121 45 wahre,
2976 2892 74 42 echte

2149 2919 137 37 Liebe?"

2250 2966 107 36 Laura
2395 2968 82 44 hatte
2502 2969 52 46 sich
2579 2971 143 45 erhoben,
2760 2974 62 36 und
2860 2976 110 38 Marie
3000 2979 47 36 die

2145 3008 92 46 Hand
2263 3018 67 36 zum
2355 3012 156 46 Abschiede
2537 3015 141 50 reichend,
2704 3019 158 36 erwiderte
2887 3023 59 41 sie:

2254 3055 82 41 „Sie
2360 3057 104 43 wissen
2488 3064 33 28 es
2546 3060 86 45 nicht,
2658 3062 120 43 Marie,
2804 3065 78 35 denn
2906 3067 62 35 Sie
2992 3067 40 44 ha­

2142 3097 60 35 ben
2223 3099 53 34 bis
2299 3100 65 45 jetzt
2386 3101 77 42 nicht
2479 3102 118 44 geliebt.
2622 3106 85 35 Aber
2731 3113 36 29 es
2789 3109 81 36 wird
2893 3111 66 35 eine
2973 3112 71 44 Zeit

2144 3142 143 42 kommen,
2327 3144 59 34 und
2424 3146 60 35 Sie
2524 3148 121 37 werden
2670 3151 153 46 erfahren,
2860 3160 69 30 was
2953 3156 90 36 Liebe

2142 3186 92 45 heißt.
2261 3188 122 44 Mögen
2407 3190 62 34 Sie
2494 3191 71 44 auch
2591 3193 83 37 dann
2698 3196 76 44 nicht
2798 3207 51 25 um
2874 3200 46 34 die
2943 3201 86 35 verlo­

2140 3241 71 24 rene
2236 3231 137 45 Freiheit
2396 3234 118 35 weinen
2536 3237 63 35 und
2624 3241 164 34 trauern!"

2246 3276 106 37 Laura
2376 3278 81 43 hatte
2484 3281 109 35 Marie
2627 3284 159 44 verlassen,
2824 3286 60 36 und
2909 3288 39 43 sie
2974 3299 69 25 war
3056 3308 4 24 ^

2140 3318 102 36 allein.
2267 3320 62 37 Die
2353 3322 92 45 Hand
2483 3326 54 41 ans
2562 3326 57 35 das
2645 3328 110 45 Haupt
2791 3331 126 44 gestützt,
2943 3333 117 45 dachte!

2138 3364 40 41 sie
2200 3365 92 44 lange
2325 3366 77 35 über
2436 3367 138 37 Laura's
2609 3372 186 41 sonderbare
2825 3377 109 35 Worte
2954 3378 86 44 nach.

2138 3408 77 40 Wie,
2239 3409 39 41 sie
2301 3411 83 44 hätte
2408 3411 51 34 bis
2483 3412 63 45 jetzt
2568 3414 77 44 nicht
2661 3416 120 45 geliebt,
2796 3438 41 6 —
2848 3425 71 30 was
2942 3422 97 45 fühlte

2137 3452 37 42 sie
2200 3453 76 34 denn
2301 3455 81 35 dann
2407 3456 52 43 für
2483 3457 118 44 Hugo?
2638 3461 78 34 War
2740 3473 32 23 er
2796 3463 76 44 nicht
2901 3466 51 34 der
2978 3466 74 40 ein??

2137 3496 63 44 zige
2225 3498 119 43 Mann,
2382 3500 53 35 der
2457 3501 68 42 ihre
2549 3503 164 37 Gedanken
2736 3506 199 47 beschäftigte,
2969 3510 84 35 wat'

2136 3551 31 24 er
2193 3546 33 30 es
2250 3543 86 43 nicht,
2362 3553 40 25 an
2425 3545 97 40 dessen
2547 3547 91 36 Seite
2662 3548 39 42 sie
2730 3550 52 43 sich
2806 3552 67 43 ihre
2901 3554 136 45 Zukunft

2134 3585 55 35 mit
2213 3587 55 33 den
2309 3588 208 46 glänzendsten
2543 3592 124 42 Farben
2691 3595 164 43 ausmalte,
2890 3598 55 34 mit
2970 3599 64 34 dem

2134 3629 39 43 sie
2196 3631 86 34 leben
2321 3632 61 34 und
2421 3633 116 43 sterben
2575 3637 127 36 wollte?
2740 3639 96 44 Hatte
2864 3641 39 42 sie
2940 3642 28 43 je
2993 3654 39 24 an

2132 3673 86 36 einen
2253 3675 133 37 anderen
2421 3679 110 34 Mann
2565 3680 120 45 gedacht
2719 3684 51 33 als
2806 3695 41 23 an
2869 3686 65 43 ihn,
2968 3685 82 37 und'

2132 3719 102 35 wollte
2259 3719 37 44 sie
2320 3720 111 45 jemals
2457 3732 40 25 an
2521 3722 86 38 einen
2631 3726 132 36 anderen
2787 3728 129 38 denken?

2563 3814 43 35 II.

2408 3880 71 41 Ter
2502 3883 237 51 Bräutigam.

2235 3949 95 47 Hugo
2348 3953 145 36 Sternau
2514 3955 136 45 erschien,
2666 3958 58 34 wie
2748 3968 33 24 er
2804 3963 36 29 es
2862 3958 33 35 in
2918 3959 108 45 seinem

2128 3992 107 44 Briefe
2261 3996 156 45 angezeigt
2433 4000 92 42 hatte,
2549 4001 55 42 auf
2627 4002 65 34 dem
2709 4002 95 40 Gute,
2827 4002 62 36 und
2905 4013 33 25 er
2951 4005 73 42 fand

2129 4036 124 45 daselbst
2271 4040 62 35 eine
2347 4042 185 44 Aufnahme,
2556 4044 104 43 welche
2685 4046 61 42 ihm
2761 4046 136 35 überaus
2912 4048 114 43 schmei»

2129 4082 96 44 chelte.
2251 4084 127 36 Kroneck
2402 4085 65 35 kam
2492 4088 108 42 seinem
2625 4087 190 45 zukünftigen
2833 4089 180 49 Schwieger­

2127 4125 92 45 söhne
2241 4127 57 35 mit
2320 4129 52 34 der
2397 4129 239 47 gewinnendsten
2659 4130 194 45 Herzlichkeit
2880 4141 146 41 entgegen

2127 4170 61 34 und
2225 4171 70 44 auch
2322 4173 108 35 Marie
2466 4174 104 34 konnte
2605 4174 64 43 ihre
2696 4176 120 43 Frenoe
2851 4179 77 45 nicht
2957 4192 54 24 ver­

2126 4213 124 45 bergen,
2267 4216 52 34 als
2335 4217 40 41 sie
2389 4218 58 34 den
2468 4216 114 44 jungen
2596 4217 165 47 stattlichen
2774 4222 109 37 Mann
2898 4224 112 37 wieder­

2125 4258 64 42 sah,
2224 4270 41 23 an
2300 4260 67 34 dem
2401 4258 169 45 allerdings
2607 4262 48 35 die
2689 4266 179 45 genossenen
2890 4268 119 37 Lebens­

2126 4302 125 44 freuden
2274 4302 76 44 nicht
2385 4303 123 43 spurlos
2543 4306 136 36 vorüber
2714 4319 156 36 gegangen
2904 4322 116 27 waren.

2125 4346 94 44 Hugo
2253 4355 68 24 war
2356 4347 126 42 entzückt
2515 4359 61 25 von
2612 4351 60 44 ihr,
2707 4354 131 43 glühend
2864 4356 71 44 hing
2960 4357 62 44 sein

2123 4387 81 37 Blick
2227 4398 41 24 an
2291 4389 54 35 der
2366 4390 171 46 reizenden,
2560 4395 133 44 frischen,
2717 4395 230 48 bezaubernden
2962 4403 46 34 Er­

2122 4431 165 45 scheinung,
2312 4433 61 35 und
2403 4444 31 25 er
2470 4436 120 36 brreute
2614 4445 45 36 es,
2695 4440 76 41 nicht
2805 4443 84 44 schon
2922 4445 98 44 längst

2121 4474 173 44 gekommen
2324 4487 37 34 zu
2389 4479 66 44 sein
2485 4480 63 36 und
2571 4482 39 44 sie
2640 4492 55 35 zur
2719 4484 89 45 Frau
2836 4486 123 48 begehrt
2981 4498 38 34 zu

2118 4515 110 49 haben.

2430 4585 173 41 Fortsetzung
2621 4588 81 38 folgt.
