7618 5004
5536 544 119 188 Je
5655 544 119 188 me
5774 544 278 188 repose

5625 1018 36 6 ...
5681 992 48 35 ET
5756 992 93 35 J'AI
5880 991 232 37 COMPRIS
6138 992 191 37 QU'UNE
6361 992 138 36 JOLIE

5621 1065 151 35 TENUE
5799 1060 175 41 C'ÉTAIT
6002 1060 122 41 DÉJA
6150 1065 65 35 DU
6244 1066 112 34 BIEN
6380 1053 119 47 ÊTRE

4984 1259 49 50 *
5064 1261 234 46 Posséder
5324 1261 56 45 de
5406 1262 44 44 la
5474 1261 119 44 belle
5618 1259 212 59 lingerie,
5857 1258 197 46 n'est-ce
6088 1274 82 42 pas
6197 1259 40 44 le
6262 1258 110 45 rêve
6396 1257 58 45 de
6477 1258 44 44 la
6545 1257 192 57 plupart
6761 1257 81 45 des
6870 1257 201 45 femmes
7105 1256 18 44 ?

4985 1339 152 47 Celles
5180 1340 77 56 qui
5301 1339 177 45 aiment
5520 1339 44 44 la
5605 1338 363 45 confectionner
6011 1344 43 37 et
6092 1336 294 45 l'entretenir
6424 1334 310 46 elles-mêmes
6772 1343 163 36 seront
6972 1334 156 45 ravies

4986 1419 58 45 de
5078 1426 197 37 trouver
5311 1417 58 45 ici
5405 1432 92 30 une
5533 1416 209 45 formule
5777 1416 216 44 nouvelle
6028 1414 82 57 qui
6137 1414 195 45 concilie
6359 1413 27 46 à
6414 1414 44 45 la
6486 1413 94 45 fois
6609 1412 254 59 l'élégance
6890 1421 45 36 et
6961 1413 40 45 le
7028 1411 103 46 côté

4988 1496 232 59 pratique.
5256 1495 154 54 Voici,
5446 1510 56 30 en
5536 1494 139 54 effet,
5710 1494 81 45 des
5826 1493 230 46 chemises
6099 1492 57 45 de
6195 1492 117 53 nuit,
6355 1492 187 57 souples
6585 1500 43 37 et
6668 1490 376 54 harmonieuses,
7086 1497 46 38 et

4987 1574 265 57 cependant
5283 1573 142 45 d'une
5457 1588 147 41 coupe
5636 1572 103 44 fort
5771 1571 165 58 simple
5966 1587 8 28 :
6008 1570 184 45 taillées
6218 1586 58 29 en
6301 1569 127 46 droit
6455 1569 71 54 fil,
6554 1569 110 45 elles
6691 1577 108 37 sont
6824 1584 89 42 peu
6940 1567 191 58 compli-

4991 1652 142 58 quées
5162 1652 27 45 à
5220 1651 125 45 faire
5375 1659 58 45 et,
5463 1666 51 30 ce
5543 1650 78 57 qui
5651 1649 120 46 n'est
5799 1664 83 42 pas
5912 1648 27 46 à
5968 1648 230 57 négliger,
6222 1648 108 45 elles
6352 1656 204 48 peuvent
6578 1646 230 46 aisément
6828 1662 49 29 se
6899 1660 231 43 repasser.

4991 1731 90 46 Les
5112 1729 197 45 liseuses
5340 1728 79 58 qui
5449 1729 66 44 les
5546 1735 376 50 accompagnent
5953 1734 108 37 sont
6099 1725 266 58 également
6402 1724 101 46 fort
6538 1724 152 58 jolies,
6727 1724 97 46 très
6863 1723 269 46 féminines.

4991 1808 185 46 Ornées
5212 1808 59 44 de
5304 1807 204 52 volants,
5545 1805 57 46 de
5639 1805 208 53 fronces,
5883 1803 382 59 d'applications,
6292 1803 55 46 de
6373 1803 240 52 dentelles,
6641 1803 109 45 elles
6777 1802 108 46 font
6909 1817 93 30 une
7026 1817 109 43 gra-

4991 1887 156 45 cieuse
5170 1901 187 42 parure.
5381 1885 110 45 Une
5514 1884 176 45 femme
5713 1883 158 45 avisée
5892 1882 100 46 doit
6014 1881 222 59 toujours
6271 1881 134 45 avoir
6441 1896 61 30 au
6536 1880 153 46 moins
6723 1896 66 29 un
6822 1895 62 30 ou
6917 1880 128 45 deux
7078 1878 59 48 de

4991 1980 76 30 ces
5091 1964 276 46 charmants
5391 1961 261 47 ensembles
5674 1961 93 58 qui,
5791 1961 41 46 le
5853 1960 110 59 jour
5985 1959 61 46 où
6071 1960 83 45 elle
6178 1975 48 30 se
6250 1968 227 36 trouvera
6503 1958 281 46 souffrante
6807 1966 45 38 et
6876 1957 183 58 obligée
7081 1957 59 46 de

4993 2052 153 36 rester
5167 2057 63 31 au
5252 2041 67 54 lit,
5342 2041 66 45 lui
5430 2047 318 51 permettront
5770 2039 58 46 de
5851 2038 212 48 recevoir
6090 2053 111 31 sans
6225 2037 100 47 être
6347 2036 148 60 gênée
6517 2037 66 46 les
6608 2036 164 47 visites
6796 2036 58 46 de
6877 2051 74 30 ses
6976 2035 160 46 amies.

3050 2904 26 23 1.
3098 2892 163 34 Chemise
3281 2891 42 33 de
3343 2890 92 34 voile
3457 2889 101 40 triple
3580 2889 75 32 tail-

3048 2939 50 33 li',e
3123 2950 40 20 en
3187 2937 95 33 droit
3303 2937 45 40 fil
3371 2941 33 28 et
3425 2935 122 40 garnie
3569 2934 86 33 d'in-

3050 2983 213 34 crustations
3300 2982 42 32 de
3378 2982 91 32 satin
3507 2980 58 40 qui
3602 2991 54 21 re-

3051 3030 151 32 tiennent
3238 3028 51 32 les
3323 3027 146 40 fronces
3505 3025 19 33 à
3561 3026 95 32 l'em-

3046 3074 191 39 piecement
3262 3078 34 26 et
3310 3077 122 28 ornent
3446 3072 32 32 la
3493 3071 163 33 ceinture.

3052 3120 34 39 (4
3109 3131 43 20 m.
3180 3128 37 22 10
3240 3129 39 21 en
3307 3117 83 39 100.)
3418 3126 11 22 1
3457 3116 60 33 bis.
3543 3115 114 33 Petite

3048 3169 98 27 veste
3176 3163 43 33 de
3250 3163 99 39 crêpe
3379 3162 102 38 satin,
3510 3162 148 39 longues

3049 3209 164 33 manches
3241 3207 167 40 froncées
3433 3218 43 22 au
3505 3207 152 39 poignet.

3051 3254 68 32 Les
3147 3254 147 32 devants
3320 3258 80 28 sont
3425 3253 120 39 garnis
3572 3251 87 33 d'in-

3051 3299 214 33 crustations
3287 3298 42 33 de
3351 3298 101 33 satin.
3476 3297 106 33 Droit
3603 3296 54 40 fil.

3053 3344 59 40 (Al
3112 3344 120 40 étrage
3267 3356 11 22 :
3313 3354 10 22 1
3358 3356 43 20 m.
3431 3343 40 40 85
3501 3354 40 22 en
3573 3344 85 37 100.)

3048 3493 30 23 2.
3113 3483 163 33 Chemise
3310 3483 43 33 de
3385 3483 91 33 satin
3510 3483 129 33 entière
3644 3503 11 4 -

2972 3540 7 35 |
3050 3534 94 27 ment
3180 3528 94 33 droit
3308 3529 55 39 fil.
3399 3529 50 32 La
3485 3528 84 33 jupe
3605 3534 51 27 est

2973 3590 4 21 ;
3051 3578 76 28 tout
3156 3574 89 32 unie.
3275 3574 60 32 Au
3365 3585 156 29 corsage,
3549 3574 109 40 motif

3048 3618 42 33 de
3111 3619 146 40 fronces
3282 3619 198 33 travaillées
3502 3619 154 33 donnant

3048 3664 185 39 l'ampleur
3257 3664 42 33 de
3324 3664 150 40 poitrine
3499 3666 37 38 (3
3558 3677 45 20 m.
3616 3665 43 32 80

3049 3721 42 20 en
3137 3710 85 38 100).
3266 3720 19 22 2
3330 3710 61 32 bis.
3434 3710 52 32 La
3529 3710 127 32 liseuse

3049 3759 53 28 est
3131 3766 37 21 et.
3200 3755 213 33 mousseline
3441 3755 137 40 plissée.
3607 3755 49 32 Le

3048 3800 86 32 haut
3169 3799 63 34 des
3265 3801 166 32 manches
3464 3800 124 40 raglan
3624 3806 33 26 et

3048 3845 50 32 les
3127 3845 95 33 côtés
3247 3851 80 27 sont
3354 3845 123 41 piqués
3504 3857 40 21 en
3572 3857 82 29 qua-

3048 3890 110 33 drillé.
3181 3891 50 32 Le
3252 3890 66 33 dos
3338 3896 51 27 est
3411 3891 73 39 plat
3505 3896 33 27 et
3561 3891 94 33 taillé

3047 3936 94 32 droit
3175 3936 54 41 fil.
3267 3938 34 38 (2
3335 3948 44 21 m.
3414 3936 42 33 80
3491 3948 41 23 en
3569 3936 85 38 100.)

3044 4089 28 28 3.
3107 4076 162 35 Chemise
3301 4074 42 33 de
3373 4073 103 38 satin,
3508 4081 145 28 corsage

3046 4135 47 25 en.
3115 4122 87 34 biais
3227 4121 162 40 (fronces
3414 4128 73 23 aux
3513 4116 143 40 épaules

3048 4175 32 26 et
3104 4179 45 22 au
3173 4167 118 33 milieu
3315 4165 47 32 du
3386 4163 156 36 devant).
3564 4161 90 39 Jupe

3046 4213 94 34 droit
3195 4212 54 40 fil.
3304 4208 139 34 Etroite
3501 4207 154 33 ceinture

3050 4258 109 34 nouée
3184 4268 62 22 sur
3269 4257 31 31 le
3326 4254 75 33 côté
3427 4254 35 40 (4
3485 4265 42 21 m,.
3553 4260 39 32 75
3617 4262 39 21 en

3047 4304 68 39 90.)
3148 4312 19 30 3
3199 4301 59 33 bis.
3291 4300 52 34 La
3375 4299 137 38 liseuse,
3544 4296 114 41 égale-

3049 4353 94 28 ment
3190 4359 40 21 en
3274 4345 103 38 satin,
3422 4348 51 29 est
3517 4342 140 41 formée

3051 4394 81 33 d'un
3154 4392 128 34 double
3302 4390 103 40 fichu
3427 4401 41 22 en
3491 4388 89 34 biais
3600 4387 61 41 qui

3052 4440 113 32 croise
3194 4448 63 23 sur
3285 4436 31 33 le
3346 4436 128 32 devant
3503 4439 33 28 et
3565 4433 94 33 vient

3050 4496 38 21 se
3115 4493 111 24 nouer
3251 4481 165 34 derrière.
3442 4480 32 32 Il
3499 4484 51 29 est
3577 4479 83 33 sim-

3051 4529 152 39 plement
3252 4526 109 34 bordé
3408 4525 43 33 de
3500 4524 160 33 dentelle.

3054 4573 179 40 (.Métrage
3267 4583 11 23 :
3314 4581 13 23 1
3358 4583 45 21 m.
3433 4579 41 32 30
3502 4581 41 22 en
3575 4568 85 41 100.)

6554 3436 28 27 4.
6619 3423 160 35 Chemise
6814 3421 40 32 de
6887 3423 177 38 georgette
7101 3427 54 22 en-

6558 3471 180 33 tièrement
6791 3466 92 33 droit
6936 3464 52 40 fil.
7043 3462 113 39 Large

6556 3520 94 31 patte
6700 3512 155 35 d'épaule
6904 3515 31 27 et
6984 3507 107 34 bande
7140 3505 19 33 à

6557 3559 271 38 l'empiècement
6895 3553 156 42 formées
7118 3550 41 33 de

6559 3605 225 34 bouillonnes.
6851 3602 87 38 Jupe
7006 3596 153 42 froncée.

6559 3649 137 34 Etroite
6728 3648 74 33 ceill
6802 3648 87 33 ture.
6920 3646 34 39 (4
6984 3655 39 21 m.
7054 3651 39 31 50
7121 3652 40 21 01

6562 3702 82 31 100.)
6669 3703 20 30 4
6715 3693 58 33 bis.
6800 3691 143 33 Liseuse
6969 3688 192 40 également

6560 3752 40 21 en
6634 3742 190 37 georgettc.
6860 3735 68 33 Les
6963 3732 105 34 bords
7103 3732 61 32 des

6560 3785 146 33 devants
6746 3787 32 28 et
6818 3781 49 32 les
6907 3778 123 41 petites
7068 3787 95 23 man-

6563 3831 79 32 ches
6666 3833 78 28 sont
6769 3826 216 34 bouillonnes
7011 3834 12 29 ;
7049 3823 28 32 le
7101 3821 64 33 dos

6563 3880 50 28 est
6653 3873 68 34 uni.
6763 3873 33 38 (2
6838 3882 41 22 m.
6918 3879 41 24 20
6998 3879 41 22 en
7080 3866 83 39 100.)

6807 4521 9 26 (
6832 4513 78 29 Voir
6929 4511 60 29 dos
7006 4507 129 40 page-5
7144 4507 37 32 (S)

6991 4605 11 10 1
7141 4626 46 25 07
