7618 5004
808 514 74 400 Il
882 514 249 400 m'aime...
1131 514 74 400 un
1205 514 174 400 peu...
1379 514 299 400 beaucoup...
1678 514 174 400 (SUITE
1852 514 74 400 ET
1926 514 124 400 FIN)
2050 514 224 400 NOUVELLE
2274 514 199 400 INÉDITE
2473 514 99 400 PAR
2572 514 174 400 KATRIN
2746 514 199 400 HOLLAND
2945 514 149 400 TEXTE
3094 514 224 400 FRANÇAIS
3318 514 74 400 DE
3392 514 274 400 MARGUERITE
3666 514 213 400 THIOLAT

1773 942 154 50 Penny
1971 938 205 42 voudrait
2219 951 169 39 gagner
2431 938 63 39 les
2538 935 172 42 50.000
2752 935 168 41 dollars

1769 1021 63 39 du
1860 1034 219 26 concours
2107 1017 263 52 Longsdale,
2397 1016 98 51 afin
2521 1015 243 52 d'épouser
2789 1015 127 46 Joe...

5674 465 88 35 KATRIN
5762 465 102 35 THIOLAT

999 1210 108 22 ENNY
1132 1210 46 22 ne
1205 1196 174 36 répondit
1402 1207 67 25 pas
1504 1206 7 23 :
1535 1195 69 37 Joe
1630 1193 78 36 s'en
1733 1192 73 36 alla
1830 1198 82 29 tout
1937 1190 91 42 seul,
2054 1201 46 23 en
2123 1188 185 36 haussant

924 1230 51 58 U
997 1251 52 34 les
1073 1249 162 36 épaules.
1266 1260 18 21 «
1311 1246 83 39 Que
1417 1246 52 35 les
1491 1245 136 40 jeunes
1650 1243 92 35 filles
1765 1248 85 29 sont
1872 1247 118 29 sottes
2023 1239 7 35 !
2057 1252 19 22 »
2102 1238 204 45 pensait-il.

924 1286 47 53 JT
1052 1299 195 35 Peut-être
1273 1297 112 37 Mary
1408 1295 195 36 avait-elle
1628 1294 127 35 raison
1787 1292 15 35 ?
1827 1291 195 36 Peut-être
2047 1289 153 36 était-ce
2224 1288 84 35 bête

996 1350 116 35 d'être
1143 1347 241 37 sentimental
1424 1358 7 30 ;
1462 1345 159 44 stupide,
1653 1343 120 45 puéril
1804 1348 37 29 et
1871 1340 155 45 déplacé
2056 1341 45 34 de
2132 1338 125 37 croire
2287 1337 22 36 à

895 1401 192 35 l'amour...

951 1450 138 40 Quand
1112 1448 93 35 trois
1228 1446 186 37 semaines
1438 1451 133 30 eurent
1593 1443 110 42 passé
1726 1454 87 24 sans
1837 1454 70 32 que
1933 1441 131 43 Penny
2086 1439 63 36 eût
2172 1438 136 37 décou-

894 1506 84 29 vert
1010 1511 49 23 un
1092 1498 137 36 nouvel
1263 1496 147 45 emploi,
1444 1506 87 25 sans
1564 1506 71 32 que
1669 1495 35 34 la
1738 1492 196 37 rédaction
1966 1491 63 44 qui
2063 1490 103 36 avait
2200 1488 108 37 lancé

895 1551 32 35 le
948 1560 184 24 concours
1152 1548 62 35 eût
1234 1547 104 42 écrit,
1359 1558 88 24 sans
1467 1558 70 32 que
1556 1545 68 43 Joe
1645 1544 62 37 eût
1728 1542 164 37 renoncé
1912 1542 21 35 à
1954 1542 34 35 la
2006 1541 115 44 jeune
2143 1539 165 45 Magret,

896 1599 131 43 Penny
1060 1598 91 36 était
1184 1604 105 29 toute
1322 1596 105 45 prête
1461 1596 22 35 à
1516 1595 158 44 adopter
1708 1594 33 34 le
1776 1593 106 45 point
1916 1593 45 35 de
1997 1604 71 24 vue
2103 1591 44 35 de
2183 1590 125 44 Mary.

951 1660 101 36 C'est
1079 1671 51 23 un
1156 1658 121 36 mardi
1306 1669 70 33 que
1402 1656 82 35 vint
1512 1657 35 35 la
1575 1656 121 35 lettre.

950 1720 129 42 Hilda,
1105 1720 35 36 la
1164 1719 123 35 bonne
1313 1717 185 40 suédoise,
1525 1716 127 36 oublia
1677 1716 44 35 de
1747 1715 36 35 la
1810 1720 179 30 remettre
2013 1724 7 24 :
2049 1724 41 24 ce
2117 1712 94 35 n'est
2237 1722 71 33 que

893 1771 33 35 le
954 1770 88 42 soir,
1070 1770 101 35 alors
1198 1781 70 32 que
1299 1768 141 43 Penny,
1467 1766 286 44 mélancolique,
1782 1765 92 35 était
1901 1776 123 24 venue
2051 1763 22 35 à
2101 1763 34 35 la
2163 1761 144 36 cuisine

890 1831 93 33 pour
1007 1819 50 36 lui
1083 1819 205 36 demander
1312 1818 158 44 quelque
1496 1816 124 42 chose,
1644 1827 71 33 que
1740 1815 118 35 Hilda
1883 1814 35 35 la
1942 1814 74 34 tira
2041 1813 44 34 de
2111 1823 41 24 sa
2175 1811 130 44 poche.

894 1872 130 43 Penny
1052 1870 154 36 déchira
1234 1869 244 43 l'enveloppe,
1507 1868 32 35 le
1568 1866 141 37 souffle
1737 1873 120 35 court,
1887 1866 31 36 le
1947 1876 104 25 cœur
2079 1863 115 36 serré.
2225 1863 81 35 Elle

892 1922 65 41 lut,
985 1921 93 35 mais
1108 1932 87 24 sans
1224 1919 248 44 comprendre
1501 1919 32 35 le
1562 1929 86 24 sens
1677 1918 44 35 de
1750 1917 36 35 la
1814 1916 165 36 missive.
2011 1914 207 36 Avait-elle
2249 1913 59 35 été

890 1983 105 24 assez
1018 1970 146 44 stupide
1187 1981 94 33 pour
1303 1969 122 35 croire
1447 1968 133 45 qu'elle
1602 1967 173 45 pourrait
1796 1977 146 34 gagner
1972 1964 14 36 ?
2011 1965 98 34 Dieu
2130 1964 50 35 du
2203 1963 69 36 ciel
2300 1962 7 35 !

892 2023 96 36 Cent
1013 2022 76 35 fois
1113 2033 76 24 non
1214 2033 7 23 :
1247 2021 93 35 dans
1367 2032 68 24 son
1463 2019 62 36 for
1550 2018 195 43 intérieur,
1772 2019 70 35 elle
1867 2016 120 37 tenait
2012 2016 36 36 la
2072 2016 114 36 chose
2212 2026 96 33 pour

893 2072 227 45 impossible.
1149 2071 48 35 Et
1224 2071 137 35 voilà...
1389 2070 125 36 c'était
1543 2069 128 36 arrivé
1710 2068 6 35 !
1747 2068 137 36 C'était
1913 2067 94 36 écrit
2035 2066 46 43 là,
2111 2078 45 24 en
2185 2071 123 30 toutes

892 2124 129 35 lettres
1048 2134 6 23 :
1074 2123 53 35 les
1146 2122 142 44 grands
1308 2120 193 46 magasins
1521 2119 215 45 Longsdale
1756 2119 153 37 avaient
1929 2118 200 35 l'honneur
2147 2116 162 35 d'infor-

891 2185 80 24 mer
1003 2173 91 36 Mlle
1127 2172 187 44 Pénélope
1347 2171 124 37 Smith
1502 2170 134 45 qu'elle
1668 2170 91 36 était
1790 2169 212 36 l'heureuse
2034 2174 193 38 gagnante
2258 2167 50 35 du

892 2235 185 24 concours
1102 2222 186 45 inauguré
1312 2233 68 34 par
1405 2234 85 29 eux,
1515 2228 37 29 et
1576 2220 227 36 l'invitaient
1828 2219 22 36 à
1874 2231 39 24 se
1938 2218 209 45 présenter,
2172 2218 34 35 le
2231 2217 78 35 len-

892 2273 162 44 demain,
1078 2273 21 35 à
1124 2273 35 36 la
1183 2273 197 35 direction.

1371 2355 83 31 UNE
1481 2354 99 32 NUIT
1606 2353 200 33 BLANCHE

949 2424 131 44 Penny
1103 2435 45 25 ne
1172 2422 140 36 dormit
1335 2434 67 33 pas
1427 2423 45 35 de
1497 2422 36 36 la
1557 2421 93 36 nuit.
1676 2420 217 42 D'ailleurs,
1920 2420 35 36 la
1978 2419 160 45 pension
2164 2419 144 36 entière

891 2486 45 24 ne
967 2474 138 36 dormit
1135 2485 66 32 pas
1231 2484 75 24 non
1337 2473 92 44 plus.
1461 2472 73 36 Les
1562 2472 137 44 jeunes
1729 2480 36 29 et
1796 2471 146 36 vieilles
1974 2471 93 35 filles
2098 2482 40 24 se
2169 2470 138 36 mirent

892 2536 46 23 en
970 2524 93 35 rond
1094 2524 93 35 dans
1218 2524 34 35 la
1283 2523 177 36 chambre
1490 2522 74 45 qui,
1597 2522 171 42 soudain,
1800 2528 112 38 parut
1942 2521 87 36 bien
2061 2529 86 36 trop
2179 2521 127 45 petite.

892 2574 101 35 Elles
1018 2574 195 36 s'assirent
1236 2585 65 24 sur
1325 2574 33 35 le
1383 2573 41 35 lit
1448 2574 44 35 de
1519 2573 141 44 Penny,
1686 2584 64 24 sur
1774 2584 59 25 ses
1858 2572 159 43 chaises,
2043 2584 64 24 sur
2132 2583 41 25 sa
2198 2571 110 42 table,

886 2636 68 34 par
986 2631 136 29 terre...
1157 2630 36 29 et
1224 2623 192 45 parlèrent
1449 2630 124 28 toutes
1607 2622 190 36 ensemble
1832 2628 36 29 et
1901 2633 93 24 avec
2028 2633 73 24 une
2135 2621 170 36 surexci-

890 2677 121 35 tation
1037 2675 170 37 extrême
1232 2675 50 35 du
1309 2674 123 46 grand
1459 2674 234 42 événement,
1720 2674 171 37 donnant
1917 2673 22 36 à
1968 2673 133 44 Penny
2125 2673 67 35 des
2220 2684 89 24 con-

892 2726 87 36 seils
1005 2726 22 35 à
1053 2726 84 36 n'en
1165 2726 82 43 plus
1274 2724 97 43 finir,
1399 2724 161 37 conseils
1587 2724 48 36 où
1662 2736 39 25 se
1730 2724 182 36 faisaient
1939 2724 90 44 jour
2056 2724 102 36 leurs
2186 2723 122 37 désirs

890 2788 169 33 propres.
1093 2789 18 22 «
1140 2776 93 42 Moi,
1257 2776 38 44 je
1320 2775 265 36 m'achèterais
1611 2787 72 24 une
1708 2781 90 30 auto
1825 2788 32 30 »,
1883 2775 115 36 disait
2023 2775 109 35 l'une.
2166 2787 19 22 «
2215 2774 93 42 Moi,

890 2839 72 23 une
988 2827 147 35 maison
1160 2827 93 35 dans
1280 2826 32 36 le
1340 2826 251 36 Connecticut
1619 2839 32 30 »,
1677 2826 114 36 disait
1817 2825 146 37 l'autre.
1998 2838 18 21 «
2046 2826 49 35 Et
2120 2826 87 41 moi,
2234 2836 74 24 une

891 2877 158 43 maison,
1079 2889 73 23 une
1181 2883 90 29 auto
1301 2883 36 30 et
1366 2877 65 35 des
1460 2876 165 36 toilettes
1657 2882 69 30 et...
1758 2888 137 33 pensez
1924 2877 99 35 donc
2065 2875 6 35 !
2104 2887 95 33 pour
2230 2875 77 36 cin-

891 2934 138 38 quante
1061 2927 100 36 mille
1192 2927 154 44 dollars,
1377 2939 48 23 on
1458 2934 87 38 peut
1577 2927 186 36 s'acheter
1795 2933 82 30 tout
1909 2938 41 25 ce
1981 2927 113 45 qu'on
2125 2933 126 30 veut...
2286 2939 20 22 »

884 2978 62 36 Un
971 2990 71 32 peu
1067 2977 148 37 d'envie
1240 2984 36 29 et
1299 2977 196 45 beaucoup
1520 2978 45 35 de
1590 2977 223 36 mélancolie
1839 2989 39 24 se
1906 2976 199 37 cachaient
2130 2977 94 35 dans
2251 2976 53 35 les

889 3030 93 36 voix
1009 3030 64 35 des
1100 3029 135 45 jeunes
1264 3028 103 36 filles.
1398 3028 130 45 Penny
1557 3029 211 37 demeurait
1797 3030 131 35 calme.
1957 3028 188 46 Allongée
2174 3040 64 25 sur
2267 3040 42 25 sa

876 3079 224 42 'couchette,
1135 3079 70 36 elle
1240 3079 131 41 rêvait,
1407 3080 52 35 les
1493 3092 99 31 yeux
1627 3080 142 44 grands
1803 3086 166 29 ouverts.
2008 3079 40 36 Si
2083 3080 226 45 quelqu'une

883 3129 50 36 lui
965 3129 220 36 demandait
1227 3141 7 24 :
1274 3142 19 22 «
1329 3129 57 35 Eh
1420 3129 86 36 bien
1549 3129 7 35 !
1593 3129 142 44 Penny,
1769 3142 71 32 que
1876 3135 127 30 vas-tu
2035 3129 144 36 choisir
2220 3129 15 35 ?
2270 3141 33 30 »,

885 3181 70 35 elle
987 3180 199 44 répondait
1219 3180 264 36 franchement
1525 3192 8 24 :
1571 3194 18 21 «
1622 3181 45 45 Je
1699 3193 45 23 ne
1777 3180 76 36 sais
1884 3192 67 33 pas
1985 3192 137 25 encore
2162 3192 8 31 ;
2203 3180 101 36 vrai-

891 3238 113 36 ment,
1027 3233 39 44 je
1089 3244 46 24 ne
1160 3232 75 36 sais
1258 3244 104 32 pas...
1387 3244 19 23 »

933 3293 115 40 Tard,
1083 3292 122 36 l'aube
1238 3293 102 44 grise
1375 3292 174 45 pointant
1583 3304 48 24 au
1668 3292 81 43 ciel,
1785 3304 49 24 on
1870 3293 34 36 la
1941 3293 126 35 laissa.
2105 3293 86 36 Une
2228 3292 78 36 fois

891 3344 115 42 seule,
1040 3343 131 45 Penny
1203 3356 113 23 versa
1348 3345 178 43 quelques
1560 3344 139 37 larmes
1725 3356 6 24 :
1767 3356 41 26 ce
1841 3345 123 45 grand
1997 3344 175 36 bonheur
2205 3344 104 38 avait

892 3393 59 37 été
979 3401 85 37 trop
1090 3394 175 45 brusque,
1297 3402 84 36 trop
1410 3400 241 39 surprenant.
1681 3395 32 35 Il
1742 3395 55 45 s'y
1826 3395 130 38 mêlait
1986 3407 72 24 une
2089 3396 172 36 tristesse
2302 3407 7 24 :

890 3445 82 45 Joe,
1001 3444 62 45 qui
1095 3445 127 36 devait
1251 3445 121 43 venir,
1404 3445 123 37 s'était
1559 3445 158 36 a'bstenu
1750 3457 88 25 sans
1869 3446 121 36 même
2023 3446 205 37 s'excuser.
2261 3446 48 36 Et

890 3495 90 36 c'est
1004 3494 31 38 si
1058 3494 209 37 volontiers
1291 3495 133 45 qu'elle
1449 3496 51 35 lui
1524 3496 62 36 eût
1610 3496 54 36 dit
1697 3508 7 23 :
1736 3509 19 21 «
1780 3496 81 45 Joe,
1885 3508 87 25 mon
1999 3496 93 45 petit
2115 3497 81 45 Joe,
2219 3508 90 25 mon

891 3545 116 42 chéri,
1033 3556 95 25 nous
1154 3557 171 33 pouvons
1351 3558 95 24 nous
1473 3547 142 35 marier
1640 3547 239 36 maintenant
1905 3547 6 36 !
1943 3548 96 36 Rien
2067 3560 47 24 ne
2140 3559 97 24 nous
2264 3559 45 24 en

893 3595 187 45 empêche.
1106 3595 59 37 Tu
1189 3607 161 33 pourras
1375 3603 36 30 te
1436 3597 108 36 créer
1568 3609 73 24 une
1665 3597 61 36 vie
1752 3598 292 44 indépendante,
2070 3610 95 24 nous
2192 3610 119 24 avons

891 3652 82 30 tout
996 3646 162 45 l'argent
1182 3646 225 37 nécessaire.
1427 3660 18 22 »
1465 3647 101 37 Mais
1589 3648 69 44 Joe
1682 3647 141 44 l'avait,
1839 3660 89 25 sans
1946 3649 127 46 façon,
2089 3648 151 46 plantée
2264 3648 46 36 là.

1299 3741 135 33 VOTRE
1461 3742 100 33 PLUS
1586 3742 115 34 CHER
1728 3743 116 32 DESIR
1874 3743 17 32 ?

951 3819 52 37 Le
1035 3820 214 37 lendemain
1282 3821 130 42 matin,
1446 3821 133 44 Penny
1611 3821 68 36 mit
1711 3833 40 25 sa
1785 3822 83 44 plus
1901 3821 96 37 belle
2032 3822 101 37 robe.
2169 3821 143 37 Muriel

808 3879 5 30 ;
886 3870 49 35 lui
970 3870 108 45 prêta
1110 3883 73 23 une
1216 3871 105 44 paire
1356 3872 45 34 de
1435 3871 66 36 bas
1538 3871 188 36 flambant
1759 3872 106 36 neuf.
1900 3872 120 36 Hilda
2056 3873 51 35 lui
2142 3871 165 46 prépara

810 3917 13 56 \
893 3934 50 23 un
968 3922 82 36 vrai
1076 3922 87 36 café
1189 3922 162 44 suédois,
1379 3922 187 37 Maureen
1592 3923 51 35 lui
1669 3923 41 36 fit
1734 3923 154 45 présent
1914 3923 88 36 d'un
2028 3924 94 45 petit
2148 3924 165 45 bouquet

820 3974 16 42 \
888 3973 44 36 de
960 3973 175 35 violettes
1164 3984 96 29 pour
1287 3984 69 24 son
1384 3984 170 30 corsage,
1585 3973 148 36 Ellinor
1762 3974 51 34 lui
1843 3973 108 41 prêta
1979 3986 51 24 un
2060 3975 124 35 dollar
2213 3985 96 30 pour

828 4014 17 53 \
892 4036 49 24 un
964 4024 92 43 taxi,
1080 4024 165 36 d'autres
1268 4023 179 37 offrirent
1469 4026 65 34 des
1557 4024 209 43 chapeaux,
1790 4026 65 35 des
1878 4032 124 35 gants,
2025 4027 66 35 des
2115 4025 197 42 pochettes

838 4065 14 45 \
891 4074 94 36 dans
1011 4075 33 35 le
1069 4081 122 29 secret
1218 4075 126 40 espoir
1368 4087 71 29 que
1465 4075 143 41 Penny,
1635 4076 162 36 l'enfant
1822 4077 50 35 du
1896 4076 185 40 bonheur,
2109 4077 202 36 soudaine-

846 4114 15 51 \
892 4133 102 29 ment
1023 4125 114 41 riche,
1166 4126 81 35 leur
1275 4137 44 24 en
1347 4126 146 36 saurait
1520 4126 79 44 gré.
1628 4126 48 37 Et
1706 4127 132 43 Penny
1865 4139 40 24 se
1933 4128 126 36 rendit
2087 4140 48 24 en
2160 4128 152 35 voiture

857 4168 14 49 \
892 4174 22 36 à
947 4175 34 35 la
1015 4175 108 36 Fifth
1156 4176 172 36 Avenue.
1364 4176 82 36 Elle
1479 4177 131 36 arriva
1643 4189 73 24 une
1749 4177 117 39 heure
1900 4184 86 39 trop
2019 4178 68 43 tôt,
2121 4178 96 37 mais
2253 4184 60 31 sut

875 4229 5 33 ;
892 4225 148 36 utiliser
1066 4237 62 24 ces
1155 4226 176 36 soixante
1355 4226 176 37 minutes.
1559 4227 108 37 Avec
1693 4228 45 36 de
1764 4229 143 45 grands
1934 4241 113 32 yeux,
2075 4229 72 37 elle
2175 4230 138 45 longea

879 4276 17 42 \

2387 1187 53 36 les
2465 1187 200 36 différents
2691 1187 129 41 étages
2845 1186 65 36 des
2935 1186 194 41 magasins
3155 1183 216 42 Longsdale
3396 1190 36 29 et
3457 1181 201 37 considéra
3682 1188 123 29 atten-

2388 1238 181 36 tivement
2594 1244 37 28 et
2655 1248 50 24 un
2730 1248 72 29 peu
2827 1236 147 36 éblouie
3000 1237 52 35 les
3077 1235 144 36 trésors
3247 1234 171 40 exposés.
3446 1234 31 34 Il
3502 1246 24 28 y
3551 1233 104 36 avait
3680 1232 35 35 là
3739 1233 65 35 des
3855 1226 4 57 j

2388 1288 132 35 choses
2547 1287 92 35 dont
2664 1286 177 45 jusqu'ici
2870 1287 69 35 elle
2967 1286 103 35 avait
3096 1285 23 35 à
3145 1285 109 44 peine
3280 1284 65 36 osé
3373 1285 110 35 rêver
3511 1292 37 28 et
3573 1283 75 45 qui,
3675 1288 82 30 tout
3783 1282 22 35 à

2388 1349 106 32 coup,
2528 1336 142 36 étaient
2701 1336 22 35 à
2757 1348 41 24 sa
2831 1336 132 44 portée
3004 1347 8 23 :
3045 1335 69 36 elle
3147 1335 157 44 pouvait
3337 1334 142 35 choisir
3514 1333 89 42 ceci,
3637 1345 49 24 ou
3718 1333 87 35 bien

2388 1387 91 43 cela,
2510 1398 50 24 un
2589 1386 137 36 bateau
2757 1386 137 44 pliable
2924 1398 49 23 ou
3003 1397 50 24 un
3084 1386 93 43 petit
3207 1384 204 44 aéroplane
3451 1396 7 23 :
3498 1397 18 22 «
3552 1384 97 35 Miss
3681 1382 124 37 Smith

2388 1437 165 37 s'envole
2585 1448 45 25 en
2662 1437 166 42 Floride,
2859 1437 95 35 dans
2984 1447 69 24 son
3084 1446 139 33 propre
3254 1434 150 36 avion...
3438 1447 19 22 »
3493 1434 52 36 Ce
3577 1432 229 46 magnifique

2387 1494 177 29 manteau
2592 1488 45 35 de
2665 1486 111 36 vison
2813 1498 8 23 :
2857 1499 20 23 «
2908 1486 97 37 Miss
3037 1485 188 45 Pénélope
3254 1485 154 44 portait,
3436 1484 23 36 à
3487 1483 318 37 Waldorf-Asto-

2389 1537 89 36 ria...
2504 1550 18 21 »

2440 1586 230 42 Seulement,
2696 1585 164 45 lorsque,
2887 1586 82 44 plus
2994 1586 97 43 tard,
3120 1586 69 35 elle
3219 1585 59 38 fut
3304 1585 177 36 conduite
3509 1584 21 35 à
3558 1585 35 35 la
3619 1584 187 36 direction

2387 1637 49 35 du
2460 1637 123 45 grand
2608 1637 174 44 magasin
2807 1636 49 36 où
2881 1637 99 35 deux
3006 1636 205 35 messieurs
3237 1635 91 45 âgés
3354 1642 36 29 et
3416 1635 134 45 dignes
3576 1634 52 36 lui
3655 1634 151 36 souhai-

2389 1687 123 36 tèrent
2540 1687 35 35 la
2604 1687 212 35 bienvenue
2846 1695 36 29 et
2910 1686 52 36 lui
2991 1686 274 36 demandèrent
3293 1686 122 44 lequel
3445 1686 45 35 de
3520 1696 60 25 ses
3610 1685 121 36 désirs
3761 1684 46 36 ils

2382 1737 205 46 pouvaient
2621 1736 234 36 satisfaire...
2889 1737 101 40 alors
3026 1736 131 43 Penny
3191 1747 48 24 ne
3274 1742 60 29 sut
3368 1736 83 43 plus
3486 1746 71 33 que
3592 1734 93 36 dire.
3721 1734 83 35 Elle

2386 1788 91 36 était
2515 1788 46 42 là,
2600 1787 150 43 debout,
2787 1799 49 24 ou
2874 1787 124 45 plutôt
3034 1787 119 36 assise
3192 1787 94 35 dans
3324 1798 51 25 un
3413 1786 191 36 moelleux
3645 1785 161 36 fauteuil

2385 1839 160 45 anglais,
2583 1847 35 29 et
2657 1850 38 24 se
2733 1838 140 36 taisait.
2913 1838 114 35 Deux
3063 1837 251 45 journalistes
3353 1836 201 45 prenaient
3592 1836 108 36 d'elle
3739 1836 66 35 des

2387 1889 135 45 photos
2556 1901 48 24 au
2637 1888 238 45 magnésium
2909 1894 36 30 et
2978 1888 51 35 lui
3063 1888 270 35 demandaient
3365 1898 73 24 une
3473 1886 212 36 interview.
3720 1886 87 36 Une

2385 1951 144 34 pauvre
2552 1938 115 45 jeune
2689 1938 85 42 fille,
2798 1938 170 36 modeste
2991 1938 151 44 dactylo
3165 1949 88 25 sans
3277 1937 149 45 emploi,
3449 1948 161 34 gagne...

2441 2011 48 5 —
2523 1989 58 35 Eh
2614 1990 87 35 bien
2746 1989 7 35 !
2790 1989 187 35 demanda
3012 1988 76 36 l'un
3120 1988 68 36 des
3223 1988 216 36 messieurs.
3479 1986 327 44 Souvenez-vous,

2387 2039 90 37 miss
2506 2039 135 43 Smith,
2670 2051 70 33 que
2768 2045 105 30 toute
2900 2046 110 29 notre
3039 2038 147 37 maison
3216 2045 56 29 est
3299 2038 22 36 à
3348 2045 110 29 votre
3487 2037 238 45 disposition.

2440 2111 48 5 —
2510 2090 43 45 Je
2579 2102 46 24 ne
2651 2089 76 36 sais
2752 2100 115 34 pas...,
2892 2101 196 24 murmura
3115 2089 142 44 Penny.

2442 2140 155 36 L'autre
2630 2140 192 36 directeur
2855 2151 159 33 marqua
3046 2151 50 24 un
3129 2151 72 33 peu
3234 2138 277 45 d'impatience.
3547 2138 53 36 Le
3633 2138 174 45 magasin

2380 2191 106 37 avait
2517 2191 73 36 fait
2620 2190 35 36 la
2685 2190 164 44 dépense
2880 2190 45 35 de
2957 2195 97 30 cette
3086 2189 155 35 énorme
3274 2189 162 35 réclame
3469 2195 35 29 et
3535 2188 99 35 voici
3666 2200 70 32 que
3769 2188 35 34 la

2386 2248 193 40 gagnante
2607 2253 46 24 ne
2684 2241 123 37 savait
2837 2252 67 33 pas
2933 2253 42 24 ce
3004 2240 135 46 qu'elle
3168 2240 157 37 voulait.
3356 2240 174 36 Ridicule
3572 2238 7 36 !
3613 2239 194 42 Pressant,

2386 2298 295 40 encourageant,
2702 2292 26 35 il
2752 2291 130 45 répéta
2905 2303 8 24 :

2439 2364 49 5 —
2512 2343 244 36 Faites-nous
2781 2342 198 36 connaître
3004 2347 109 30 votre
3138 2341 83 45 plus
3248 2341 89 37 cher
3363 2340 101 37 désir
3491 2347 35 30 et
3551 2352 97 25 nous
3675 2340 132 37 ferons

2386 2399 81 31 tout
2492 2404 96 33 pour
2614 2393 32 37 le
2674 2398 209 30 contenter.

2443 2441 127 45 Alors,
2601 2443 132 44 Penny
2762 2442 62 45 n'y
2853 2442 71 36 tint
2953 2442 83 45 plus
3076 2454 7 23 :
3114 2442 71 36 elle
3214 2442 132 38 n'était
3377 2441 194 37 sûrement
3600 2452 68 34 pas
3698 2453 108 25 cons-

2385 2494 122 36 ciente
2533 2494 44 35 de
2604 2505 41 24 ce
2671 2493 134 44 qu'elle
2832 2493 126 43 disait,
2983 2492 109 44 mais,
3118 2499 83 30 tout
3227 2494 34 35 le
3286 2499 134 38 temps,
3446 2492 91 39 c'est
3564 2493 81 36 cela
3671 2492 135 45 qu'elle

2384 2544 104 37 avait
2512 2544 116 36 voulu
2651 2544 82 36 dire
2767 2556 8 23 :

2425 2615 49 7 —
2499 2594 44 45 Je
2567 2594 217 36 voudrais...
2809 2593 333 37 murmura-t-elle.

2436 2666 50 7 —
2509 2645 100 45 Quoi
2632 2645 98 36 donc
2760 2643 16 37 ?

2438 2717 49 7 —
2512 2696 63 37 Un
2602 2696 132 36 mari...
2760 2708 51 25 un
2837 2695 97 36 mari
2961 2695 63 45 qui
3051 2694 150 37 m'aime
3239 2694 7 36 !
3274 2695 81 45 jeta
3384 2695 132 45 Penny
3544 2707 45 24 en
3616 2695 191 36 devenant

2375 2752 114 31 'toute
2520 2758 129 34 rouge.

2442 2797 72 37 Les
2543 2803 135 38 quatre
2705 2796 172 36 hommes
2907 2795 208 39 éclatèrent
3145 2796 45 36 de
3221 2795 87 37 rire.
3338 2795 74 37 Les
3441 2795 252 46 journalistes
3722 2808 84 33 pre-

2384 2848 132 36 naient
2553 2848 65 35 des
2656 2854 120 29 notes.
2816 2846 98 45 Quel
2952 2847 132 48 papier
3122 2852 98 31 cette
3258 2846 160 38 histoire
3457 2846 106 37 allait
3601 2847 147 35 donner
3797 2846 30 36 !.

2385 2897 170 38 Soudain
2583 2898 132 44 Penny
2739 2909 40 25 se
2805 2896 116 38 fâcha
2945 2909 7 23 :

2438 2969 50 7 —
2515 2948 101 36 C'est
2645 2948 153 37 sérieux
2825 2948 7 35 !
2863 2948 44 45 Je
2936 2948 33 38 le
3000 2946 128 46 répète
3153 2959 8 25 :
3189 2947 40 45 je
3257 2959 103 24 veux
3388 2953 158 31 trouver
3575 2959 51 24 un
3655 2947 152 37 homme

2384 2998 62 44 qui
2470 2999 149 36 m'aime
2646 2998 7 35 !

2670 3059 84 32 UNE
2785 3059 125 32 FIRME
2942 3059 50 31 DE
3022 3058 130 32 CETTE
3184 3057 321 33 IMPORTANCE...

2430 3115 75 36 Par
2531 3115 53 35 les
2614 3114 168 37 fenêtres
2809 3121 190 35 ouvertes,
3027 3114 35 35 le
3088 3114 102 35 bruit
3216 3114 50 35 du
3293 3113 120 36 trafic
3440 3120 121 35 entra,
3590 3113 119 45 coupé
3737 3125 68 33 par

2380 3166 54 36 les
2462 3166 129 45 appels
2619 3166 87 35 d'un
2734 3165 144 36 klaxon
2905 3166 46 35 de
2979 3165 37 36 la
3044 3165 122 44 police
3202 3176 9 30 ;
3240 3164 87 45 puis
3353 3164 76 36 l'un
3459 3165 66 35 des
3553 3165 101 35 deux
3683 3165 122 35 direc-

2384 3224 104 30 teurs
2508 3217 76 45 prit
2604 3217 36 36 la
2661 3217 130 45 parole
2816 3228 8 24 :

2438 3289 49 6 —
2525 3268 108 36 Mille
2672 3274 160 39 regrets,
2870 3266 295 38 mademoiselle.
3206 3265 380 38 Malheureusement
3624 3279 97 24 nous
3760 3279 47 24 ne

2384 3319 220 45 possédons,
2641 3318 94 37 dans
2771 3325 111 29 notre
2919 3317 186 46 magasin,
3142 3328 125 25 aucun
3304 3317 248 36 assortiment
3588 3318 46 35 de
3670 3317 137 46 jeunes

2384 3369 205 37 messieurs
2615 3369 163 36 vivants.

2439 3441 49 5 —
2511 3420 86 36 Une
2623 3419 116 46 jeune
2765 3419 73 37 fille
2864 3419 88 37 telle
2978 3431 71 33 que
3074 3431 108 30 vous,
3209 3418 54 36 dit
3289 3418 147 43 l'autre,
3464 3418 94 37 dans
3585 3430 72 24 une
3685 3418 122 36 inten-

2383 3471 81 35 tion
2487 3470 282 43 bienveillante,
2791 3470 153 36 devrait
2967 3469 163 45 pouvoir
3157 3469 221 37 facilement
3402 3476 158 30 trouver
3582 3481 52 24 un
3657 3468 150 38 homme

2385 3521 98 45 qui...

2441 3572 124 36 D'une
2591 3571 93 36 voix
2710 3571 122 43 basse,
2860 3570 96 38 mais
2983 3571 264 36 terriblement
3274 3576 114 37 nette,
3417 3570 133 45 Penny
3578 3570 228 37 l'interrom-

2384 3622 55 45 pit
2463 3634 7 23 :

2430 3693 49 6 —
2500 3672 165 36 Pardon.
2690 3673 121 36 Votre
2835 3684 174 24 annonce
3031 3672 55 38 dit
3107 3683 71 34 que
3202 3672 33 36 le
3258 3677 171 40 gagnant
3452 3683 143 33 pourra
3621 3671 187 36 formuler

2384 3735 50 24 un
2459 3722 102 37 désir
2585 3723 23 36 à
2631 3735 69 24 son
2725 3723 126 36 choix.
2877 3723 49 35 Et
2950 3735 53 31 ce,
3029 3734 96 33 pour
3149 3734 73 27 une
3247 3723 135 35 valeur
3406 3723 46 36 de
3477 3722 204 45 cinquante
3706 3722 101 36 mille

2384 3772 153 38 dollars.
2566 3773 35 35 A
2630 3785 69 25 son
2727 3773 150 37 choix...
2904 3773 167 45 j'insiste
3099 3772 190 37 là-dessus
3316 3774 7 35 !

2442 3823 52 38 Ce
2527 3823 58 39 fut
2614 3823 33 37 le
2677 3824 115 36 début
2820 3824 66 36 des
2917 3824 269 36 transactions.
3217 3824 104 35 Elles
3351 3835 40 25 se
3421 3823 287 46 poursuivirent
3739 3835 69 34 par

2384 3886 50 24 un
2485 3875 143 36 conseil
2683 3874 361 44 d'administration,
3083 3875 66 36 des
3188 3874 259 46 propositions
3486 3874 322 45 d'arrangement,

2384 3924 96 37 mais
2510 3925 133 45 Penny
2670 3925 179 36 maintint
2877 3937 69 24 son
2975 3937 97 25 vœu.
3103 3925 86 37 Une
3219 3925 106 36 firme
3354 3925 46 36 de
3431 3931 99 30 cette
3559 3925 248 44 importance,

2383 3975 339 38 universellement
2754 3988 159 31 connue,
2947 3976 129 36 devait
3109 3976 81 37 être
3224 3987 45 25 en
3303 3987 151 25 mesure
3486 3976 45 36 de
3565 3975 188 45 répondre
3787 3975 21 37 à

2383 4033 83 29 tout
2490 4026 113 36 désir.
2632 4026 201 36 Comment
2856 4026 15 35 ?
2897 4027 103 43 Cela,
3028 4027 91 35 c'est
3142 4033 112 30 votre
3280 4025 150 38 affaire.

2442 4076 83 36 Elle
2560 4076 104 37 avait
2699 4077 72 36 mis
2807 4077 44 36 de
2887 4088 69 25 son
2991 4076 84 37 côté
3110 4077 53 37 les
3198 4077 262 46 journalistes,
3496 4083 86 30 tous
3618 4078 54 35 les
3707 4077 101 36 deux

2382 4127 149 45 jeunes,
2552 4128 134 44 qu'elle
2709 4127 104 38 avait
2835 4127 246 37 instamment
3103 4127 166 46 suppliés
3289 4128 47 36 de
3358 4140 46 25 ne
3426 4139 67 33 pas
3518 4127 99 37 faire
3639 4127 169 46 paraître

2384 4189 70 24 son
2487 4178 175 44 portrait,
2697 4178 45 39 de
2777 4190 46 24 ne
2858 4190 68 33 pas
2960 4178 123 37 écrire
3116 4179 173 37 d'article
3322 4178 189 47 jusqu'à...
3546 4178 75 43 oui,
3656 4178 153 46 jusqu'à

2383 4240 43 25 ce
2451 4240 107 33 que...
2586 4229 49 36 Et
2661 4228 54 37 les
2742 4228 135 46 jeunes
2904 4240 106 36 gens,
3037 4229 63 49 qui
3128 4230 220 37 trouvaient
3376 4230 133 45 Penny
3536 4230 207 46 mignonne
3772 4236 36 30 et

5744 789 232 43 charmante,
6001 801 46 22 ne
6072 790 200 34 voulurent
6297 801 66 32 pas
6388 788 108 45 gâter
6520 789 33 35 le
6575 789 78 44 jeu.
6680 789 51 34 Ils
6756 788 254 35 attendraient
7035 789 35 35 la
7095 788 48 35 fin

5745 840 45 34 de
5818 840 219 34 l'aventure.

5802 889 207 43 Lorsqu'ils
6036 889 126 34 virent
6189 900 70 32 que
6286 888 331 35 l'administration
6646 890 49 33 du
6722 889 172 44 magasin
6923 889 223 35 maintenait

5747 951 41 24 sa
5820 939 165 44 position
6018 946 36 28 et
6088 951 38 23 se
6161 939 180 37 montrait
6375 939 30 35 si
6439 951 71 31 peu
6543 939 169 41 amicale,
6747 939 45 35 ils
6826 939 264 35 conseillèrent
7124 939 22 34 à

5747 990 131 42 Penny
5903 990 46 34 de
5974 990 162 42 prendre
6162 1001 50 23 un
6239 996 145 28 avocat.
6412 989 157 35 D'autre
6596 996 96 36 part,
6718 989 45 35 ils
6789 989 109 35 firent
6924 989 223 35 doucement

5741 1040 181 35 observer
5947 1052 75 22 aux
6049 1039 210 35 directeurs
6285 1039 108 43 qu'en
6421 1045 81 28 tant
6528 1050 71 32 que
6626 1039 247 43 journalistes
6900 1039 44 34 ils
6972 1039 173 35 auraient

5746 1103 51 22 un
5819 1090 131 44 plaisir
5971 1090 168 35 extrême
6161 1090 22 34 à
6205 1090 170 44 gratifier
6396 1091 101 34 leurs
6520 1090 149 35 feuilles
6691 1090 190 35 d'articles
6902 1090 48 35 où
6973 1090 32 34 le
7026 1090 122 44 grand

5747 1142 124 43 public
5896 1141 117 36 serait
6037 1141 166 34 informé
6225 1141 47 35 de
6298 1140 236 44 l'incapacité
6558 1141 44 34 de
6628 1141 80 34 leur
6733 1140 116 35 firme.
6876 1140 77 34 Dès
6978 1141 77 33 lors
7078 1152 70 31 que

5749 1192 34 34 le
5811 1192 123 44 grand
5962 1191 101 34 désir
6092 1191 45 34 de
6168 1191 131 43 Penny
6327 1191 92 36 était
6448 1191 45 34 de
6522 1197 170 28 trouver.
6706 1202 51 24 un
6786 1191 108 41 mari,
6923 1191 27 33 il
6979 1190 92 35 était
7099 1191 50 34 du

5747 1242 134 35 devoir
5909 1242 66 34 des
6004 1241 192 44 magasins
6225 1240 214 45 Longsdale
6469 1241 45 35 de
6546 1241 110 41 faire,
6686 1253 47 22 au
6763 1241 133 41 moins,
6926 1241 100 34 droit
7056 1240 21 35 à
7108 1252 42 24 sa

5750 1291 153 44 requête
5927 1298 36 28 et
5988 1292 45 34 de
6058 1303 39 23 se
6123 1298 134 28 mettre
6282 1291 22 34 à
6329 1292 35 34 la
6390 1291 203 35 recherche
6619 1292 45 34 de
6689 1291 174 35 l'homme
6889 1291 183 35 souhaité.

5806 1342 55 34 La
5885 1341 167 36 semaine
6075 1342 63 43 qui
6164 1341 127 42 suivit,
6316 1342 25 33 il
6366 1353 47 23 ne
6439 1342 81 34 leur
6546 1349 112 34 resta,
6683 1348 190 37 pourtant,
6899 1341 81 35 rien
7005 1342 146 34 d'autre

5749 1392 23 34 à
5798 1392 98 35 faire
5919 1404 71 31 que
6016 1392 45 35 de
6085 1391 171 35 modifier
6281 1393 100 34 leurs
6405 1391 180 36 batteries
6610 1398 37 28 et
6671 1392 45 35 de
6742 1392 99 34 faire
6866 1391 167 44 paraître
7058 1392 94 35 dans

5751 1443 53 34 les
5832 1442 194 44 journaux
6054 1442 45 34 de
6128 1442 157 44 longues
6314 1453 191 24 annonces
6536 1442 205 35 formulées
6769 1442 22 34 à
6819 1453 72 32 peu
6919 1442 86 43 près
7034 1442 116 35 ainsi:

5803 1492 99 35 Jolie
5923 1492 115 45 jeune
6060 1492 97 44 fille,
6177 1504 93 23 avec
6291 1493 94 43 petit
6407 1492 122 42 avoir,
6551 1492 160 35 cherche
6732 1505 51 21 un
6806 1492 149 35 homme
6978 1493 97 44 qui...

5807 1543 49 34 Et
5886 1543 69 43 Joe
5987 1542 165 44 ignorait
6183 1542 176 44 toujours
6390 1542 35 35 la
6456 1542 142 35 chance
6629 1543 45 34 de
6707 1543 141 43 Penny.
6882 1543 193 35 Personne
7106 1555 47 23 ne

5752 1593 122 36 savait
5899 1604 41 23 ce
5965 1604 71 32 que
6062 1592 129 44 Penny
6215 1593 103 34 avait
6342 1592 194 36 demandé.
6563 1593 131 43 Penny
6718 1605 39 23 se
6782 1593 139 36 taisait.

6152 1676 44 30 LE
6218 1676 133 31 JEUNE
6378 1676 163 31 HOMME
6566 1677 51 30 EN
6643 1676 99 31 GRIS

5810 1746 95 35 Vint
5932 1745 33 35 le
5992 1745 90 44 jour
6110 1744 48 36 où
6187 1745 53 34 les
6269 1743 206 45 premières
6505 1743 179 44 réponses
6712 1742 225 36 arrivèrent.
6968 1742 54 36 La
7050 1742 106 35 firme

5753 1796 215 45 Longsdale
5989 1796 166 43 dépêcha
6177 1807 49 23 un
6248 1806 134 32 groom
6404 1806 45 23 en
6471 1793 118 36 livrée
6609 1794 23 34 à
6652 1795 36 33 la
6708 1793 116 44 petite
6844 1793 170 44 pension,
7036 1793 119 43 lequel

5755 1847 111 35 remit
5897 1846 19 35 à
5951 1846 92 35 Mlle
6077 1845 124 37 Smith
6234 1846 53 34 les
6319 1845 130 35 lettres
6480 1850 153 38 portànt
6666 1844 34 35 le
6732 1844 158 34 numéro
6922 1844 233 34 d'insertion.

5756 1897 133 43 Penny
5919 1897 53 34 les
6002 1896 139 42 ouvrit,
6173 1896 134 34 évalua
6337 1896 82 34 leur
6449 1901 174 35 contenu,
6655 1906 178 32 compara
6863 1895 178 43 quelques
7072 1906 85 32 por-

5748 1949 124 41 traits,
5892 1947 112 35 tâcha
6023 1946 214 44 d'analyser
6255 1946 53 35 les
6329 1945 184 35 écritures
6533 1952 36 28 et
6588 1957 39 22 se
6647 1944 132 35 décida
6799 1944 107 35 enfin
6927 1944 22 35 à
6969 1944 186 43 répondre

5754 2000 23 34 à
5795 2011 74 23 une
5889 1999 109 34 lettre
6017 1998 22 35 à
6060 1999 35 34 la
6114 1997 183 35 machine.
6320 1997 53 35 La
6393 1997 111 35 lettre
6525 1996 90 37 était
6636 2002 181 37 correcte,
6839 2002 263 37 respectueuse
7122 2002 36 29 et

5743 2056 144 29 courte
5924 2061 7 29 ;
5957 2049 33 34 le
6017 2049 107 43 style,
6150 2048 45 34 de
6220 2047 157 44 quelque
6407 2047 126 44 façon,
6559 2047 36 35 la
6620 2046 160 36 troubla.

5819 2113 19 21 «
5875 2100 385 41 Malheureusement,
6294 2098 103 35 avait
6432 2098 94 34 écrit
6559 2098 202 41 l'inconnu,
6794 2097 40 44 je
6867 2108 47 23 ne
6947 2097 84 43 puis
7063 2108 95 23 vous

5754 2150 141 36 inviter
5922 2163 48 22 au
5999 2150 184 35 Rainbow
6211 2149 37 34 ni
6277 2150 95 34 dans
6399 2160 50 23 un
6476 2148 69 35 bar
6573 2147 117 36 chic...
6718 2147 95 35 mais
6841 2147 31 35 si
6901 2159 94 23 vous
7023 2148 133 34 voulez

5756 2202 87 34 bien
5874 2200 80 36 être
5984 2200 22 35 à
6038 2208 19 36 5
6087 2200 149 41 heures,
6266 2211 96 32 pour
6393 2199 32 37 le
6458 2198 74 42 thé,
6563 2198 22 34 à
6617 2198 144 35 l'Astor
6784 2197 15 35 ?
6828 2198 183 44 Jusqu'ici
7041 2198 39 44 je
7111 2209 47 23 ne

5755 2263 96 23 vous
5882 2251 157 35 connais
6070 2262 72 32 que
6176 2261 87 24 sous
6295 2250 33 34 le
6360 2249 159 35 numéro
6551 2248 163 45 345.678.
6748 2248 102 35 Pour
6881 2260 71 32 que
6985 2260 95 23 nous
7112 2260 47 23 ne

5757 2314 95 23 nous
5883 2301 226 44 manquions
6140 2312 78 33 pas,
6249 2300 39 44 je
6320 2311 161 32 propose
6511 2310 71 32 que
6615 2311 94 23 vous
6740 2299 145 43 portiez
6916 2310 50 24 un
6996 2299 163 44 bouquet

5758 2352 46 35 de
5833 2360 155 36 muguet
6026 2363 8 30 ;
6063 2350 141 45 j'aurai
6233 2363 50 22 un
6314 2357 168 28 costume
6512 2350 46 35 de
6588 2349 150 36 flanelle
6767 2349 114 45 grise,
6910 2361 51 24 un
6991 2349 170 44 chapeau

5757 2402 80 45 gris
5859 2401 94 37 clair
5974 2408 37 30 et
6032 2413 50 23 un
6104 2407 178 29 manteau
6302 2412 65 24 sur
6388 2401 34 34 le
6443 2400 100 42 bras,
6565 2399 119 36 même
6706 2400 59 34 s'il
6789 2400 71 35 fait
6881 2400 77 35 très
6981 2400 133 35 chaud.
7140 2413 19 21 »

5814 2452 266 44 L'après-midi
6109 2451 50 35 du
6186 2451 143 35 samedi
6357 2451 140 35 arriva.
6528 2451 129 43 Penny
6686 2450 134 35 acheta
6847 2462 49 23 un
6925 2450 164 44 bouquet
7116 2451 46 34 de

5758 2509 155 38 muguet
5943 2503 134 43 qu'elle
6110 2508 61 29 eut
6203 2502 195 43 beaucoup
6430 2502 45 35 de
6508 2501 205 35 difficultés
6745 2500 22 35 à
6799 2513 40 23 se
6872 2512 193 32 procurer,
7097 2512 66 24 car

5757 2553 37 36 la
5817 2553 128 35 saison
5968 2553 91 37 était
6082 2552 177 36 avancée.
6284 2553 81 34 Elle
6389 2552 75 44 prit
6488 2552 184 35 l'autobus
6695 2552 45 34 de
6766 2552 213 43 Broadway
7003 2557 35 29 et
7063 2558 99 28 resta

5757 2616 50 22 un
5832 2604 89 44 long
5943 2610 166 28 moment
6132 2603 166 35 indécise
6321 2604 139 35 devant
6483 2603 34 34 le
6539 2603 122 44 grand
6685 2602 112 36 hôtel.
6822 2602 31 34 Il
6877 2615 23 31 y
6923 2602 104 35 avait
7049 2602 113 35 beau-

5759 2666 95 32 coup
5884 2655 45 34 de
5959 2654 134 43 jeunes
6122 2665 93 33 gens
6245 2665 45 23 en
6322 2660 167 30 costume
6520 2653 45 34 de
6596 2652 149 36 flanelle
6776 2659 36 28 et
6843 2665 45 24 en
6919 2652 168 44 chapeau
7116 2653 46 34 de

5760 2705 127 35 feutre
5915 2705 91 44 gris.
6038 2704 52 35 Le
6121 2715 102 25 cœur
6252 2704 159 42 battant,
6442 2704 70 34 elle
6543 2704 181 35 s'attarda
6755 2703 93 35 dans
6878 2703 33 36 le
6940 2703 78 35 hall
7048 2710 116 28 avant

5697 2781 11 11 u
5759 2756 45 34 de
5827 2767 39 23 se
5884 2755 156 35 décider
6061 2754 22 35 à
6107 2754 173 37 franchir
6302 2755 33 35 le
6359 2754 93 35 seuil
6475 2754 49 35 du
6546 2755 106 34 salon
6675 2755 45 34 de
6742 2753 73 36 thé.
6839 2754 58 35 De
6919 2754 244 35 nombreuses

5697 2795 10 42 î
5758 2817 209 33 personnes
5998 2805 140 37 étaient
6170 2805 138 35 assises
6339 2804 22 35 à
6392 2805 65 35 des
6488 2804 131 43 tables,
6651 2804 121 44 parmi
6804 2804 88 36 elles
6925 2816 40 23 se
6997 2805 167 34 trouvait

5759 2868 50 23 un
5842 2856 115 44 jeune
5989 2855 149 36 homme
6171 2856 90 34 seul.
6295 2855 52 36 Le
6380 2867 103 23 cœur
6516 2855 44 35 de
6594 2854 132 44 Penny
6758 2855 193 35 s'arrêta...
6985 2855 179 35 Costume

5759 2906 92 44 gris,
5876 2906 170 44 chapeau
6070 2906 91 44 gris,
6186 2912 177 29 manteau
6389 2918 65 23 sur
6479 2906 33 35 le
6536 2906 122 35 bras...
6685 2906 61 36 Oh
6761 2905 7 34 !
6796 2918 143 23 comme
6965 2906 70 35 elle
7060 2906 105 35 avait

5757 2957 123 35 craint
5902 2956 89 35 ceci.
6014 2955 156 36 Comme
6192 2956 69 35 elle
6283 2956 129 35 l'avait
6433 2955 251 45 appréhendé,
6707 2967 91 24 sans
6816 2955 148 35 vouloir
6985 2968 23 31 y
7030 2955 134 35 croire.

5760 3009 83 36 Elle
5865 3020 47 23 ne
5934 3008 124 35 s'était
6080 3019 67 31 pas
6169 3007 170 43 trompée
6364 3020 7 22 :
6395 3007 127 36 c'était
6543 3008 69 42 Joe
6646 3007 7 34 !
6679 3007 78 36 Son
6779 3007 81 43 Joe,
6882 3007 61 43 qui
6968 3007 198 43 répondait

5697 3048 13 54 ['
5761 3071 77 23 aux
5867 3070 191 23 annonces
6087 3059 44 34 de
6160 3058 112 45 jolies
6302 3058 93 34 filles
6424 3069 93 24 avec
6546 3058 93 43 petit
6667 3058 109 35 avoir
6805 3064 36 29 et
6869 3059 54 34 les
6952 3058 151 35 invitait
7133 3058 34 35 le

5761 3109 143 35 samedi
5927 3108 234 44 après-midi,
6184 3120 48 24 au
6255 3108 74 35 thé.
6354 3109 48 36 Et
6425 3108 25 34 il
6474 3108 50 36 lui
6548 3108 104 38 avait
6675 3108 128 42 menti,
6827 3108 25 35 il
6875 3108 104 36 avait
7001 3109 54 34 dit
7078 3109 88 44 qu'il

5697 3155 11 48 f
5760 3160 128 35 devait
5920 3160 99 35 faire
6049 3160 65 34 des
6143 3159 137 36 heures
6310 3159 339 44 supplémentaires
6680 3159 161 44 lorsque,
6872 3159 33 35 le
6935 3159 130 42 matin,
7096 3160 71 36 elle

5697 3203 9 39 l
5761 3210 130 35 l'avait
5922 3209 81 40 prié
6032 3210 46 35 de
6108 3210 35 35 la
6175 3216 225 29 rencontrer
6427 3221 89 24 vers
6547 3210 60 35 six
6635 3209 149 36 heures.
6818 3210 131 39 Penny
6980 3209 40 36 fit
7050 3210 117 35 demi-

5697 3247 17 51 I
5761 3267 87 29 tour
5874 3273 7 22 :
5911 3260 70 36 elle
6010 3260 144 37 voulait
6184 3260 78 35 s'en
6291 3260 95 36 aller
6413 3260 89 42 vite,
6532 3260 173 43 s'enfuir,
6735 3261 80 34 être
6846 3261 101 36 seule
6976 3272 93 24 avec
7099 3273 68 23 son

5697 3335 6 26 l
5763 3311 171 45 chagrin.
5966 3310 101 36 Mais
6097 3311 69 44 Joe
6198 3310 123 36 s'était
6352 3311 89 44 déjà
6473 3310 82 36 levé
6587 3318 36 28 et
6653 3311 129 35 venait
6811 3323 89 23 vers
6932 3312 80 35 elle.
7045 3312 50 34 Ils
7128 3323 40 24 se

5697 3364 22 48 |_
5763 3361 298 43 considérèrent,
6095 3373 48 23 en
6175 3361 151 35 silence.
6362 3361 103 43 Puis,
6500 3361 53 36 les
6587 3361 124 36 lèvres
6745 3362 257 43 tremblantes,
7038 3362 132 42 Penny

5761 3424 208 30 murmura,
5992 3412 94 35 dans
6107 3424 50 22 un
6179 3411 141 47 souffle
6343 3423 9 23 :

5697 3475 8 12 «
5817 3483 49 5 —
5891 3462 48 38 Et
5965 3469 39 28 tu
6030 3462 116 35 disais
6172 3473 70 33 que
6267 3468 41 29 tu
6332 3462 186 35 m'aimais
6554 3461 44 38 !...

5697 3499 29 54 i
5817 3534 49 4 —
5892 3512 48 36 Et
5962 3513 52 35 toi
6038 3511 15 36 ?
6076 3512 83 41 Toi,
6182 3518 39 30 tu
6244 3524 41 24 as
6306 3512 128 44 menti,
6455 3519 41 29 tu
6517 3513 94 35 m'as
6632 3513 117 36 menti
6775 3513 8 35 !

5697 3581 5 17 1
5820 3563 73 35 Les
5919 3575 94 33 gens
6040 3563 65 35 des
6132 3563 119 35 tables
6278 3563 167 36 voisines
6473 3563 212 36 dressaient
6712 3564 156 36 l'oreille
6895 3572 37 28 et
6959 3565 53 36 les
7040 3577 130 33 regar-

5697 3632 5 19 t
5761 3614 140 41 daient,
5936 3613 95 36 mais
6066 3613 38 35 ni
6137 3614 81 44 Joe,
6252 3614 38 34 ni
6327 3614 131 44 Penny
6493 3626 46 23 ne
6573 3614 180 44 voyaient
6788 3615 245 45 l'entourage.
7070 3616 98 36 Sans

5762 3664 138 38 égards
5927 3664 254 38 réciproques,
6208 3664 46 35 ils
6279 3677 40 23 se
6345 3665 163 35 disaient
6535 3666 36 35 la
6596 3665 123 36 vérité
6745 3675 36 27 et
6808 3667 161 35 lorsque,
6996 3666 22 35 à
7046 3667 35 35 la
7107 3667 61 35 fin,

5696 3700 33 66 É
5762 3715 46 35 ils
5833 3727 39 23 se
5895 3721 140 38 turent,
6059 3715 34 35 le
6116 3715 154 35 dernier
6294 3722 98 29 reste
6416 3716 46 35 de
6485 3716 203 35 sentiment
6713 3716 92 36 était
6828 3717 101 35 brisé
6953 3724 106 31 entre
7084 3731 85 23 eux.

6210 3798 154 31 PARAIT
6385 3799 58 31 UN
6468 3798 241 33 INCONNU...

5697 3855 37 62 gL
5820 3866 55 35 La
5909 3866 187 35 direction
6130 3866 45 36 de
6209 3866 36 35 la
6279 3865 106 36 firme
6421 3866 214 41 Longsdale
6671 3866 92 36 était
6797 3867 176 40 toujours
7008 3867 161 37 désolée.

5697 3939 25 21 g
5761 3916 53 37 Ce
5837 3916 131 36 n'était
5991 3916 83 37 plus
6096 3916 50 35 du
6168 3922 83 29 tout
6273 3927 51 24 un
6346 3922 235 29 amusement
6605 3928 8 23 :
6637 3917 35 34 la
6694 3917 116 36 petite
6835 3917 188 36 Pénélope
7047 3918 124 35 Smith

5697 3958 38 51 ||
5760 3968 82 35 leur
5865 3967 158 36 donnait
6046 3967 48 35 du
6118 3967 138 35 travail
6281 3973 36 29 et
6339 3968 49 34 du
6412 3967 116 35 souci.
6554 3967 51 35 Ils
6627 3968 153 35 avaient
6804 3968 72 35 tiré
6898 3980 71 23 peu
6991 3970 47 34 de
7060 3970 110 33 satis-

5697 4007 37 46 E
5764 4019 158 42 faction,
5952 4018 200 42 vraiment,
6182 4019 45 34 de
6255 4017 81 36 leur
6367 4017 154 36 énorme
6549 4029 185 24 concours
6765 4024 35 30 et
6829 4020 45 34 de
6903 4031 69 23 son
7002 4020 169 36 résultat.

5697 4083 46 28 w;
5762 4070 52 35 Ils
5848 4070 161 35 finirent
6039 4081 69 30 par
6139 4081 38 23 se
6209 4068 172 36 déclarer
6412 4069 103 42 prêts
6545 4069 23 35 à
6598 4081 142 30 verser,
6773 4077 203 34 comptant,
7008 4071 54 35 les
7094 4071 78 35 cin-

5697 4109 43 47 W
5762 4128 140 39 quante
5927 4121 102 35 mille
6056 4120 141 35 dollars
6223 4120 21 35 à
6272 4121 36 34 la
6331 4120 116 45 jeune
6476 4120 93 42 fille,
6595 4121 96 35 mais
6718 4121 68 35 elle
6814 4121 144 36 refusa.

5697 4183 37 24 k
5820 4173 53 35 Le
5897 4173 148 35 service
6068 4172 45 36 de
6137 4171 180 45 publicité
6340 4170 40 37 fit
6404 4172 96 35 donc
6525 4171 146 36 insérer
6694 4172 46 35 de
6763 4173 195 36 nouvelles
6981 4186 191 24 annonces

5697 4226 37 32 ■
5765 4225 46 35 de
5843 4223 182 44 mariage.
6060 4222 59 42 Et,
6152 4223 45 36 de
6230 4234 187 31 nouveau,
6449 4234 77 24 une
6555 4223 112 35 lettre
6699 4224 130 35 arriva
6861 4224 63 44 qui
6957 4224 149 36 troubla
7139 4226 34 35 le

5697 4280 39 28 K
5765 4286 105 27 coeur
5901 4274 46 36 de
5979 4273 132 43 Penny
6135 4285 9 23 :
6177 4273 69 36 elle
6278 4273 133 36 décida
6443 4274 45 36 de
6520 4285 39 25 se
6591 4280 224 30 rencontrer
6846 4286 94 25 avec
6967 4275 206 40 l'inconnu.
