7618 5004
896 436 329 42 COLETTE
1267 436 45 37 A
1356 436 96 38 VU
1493 434 132 39 CES
1667 431 280 40 JEUNES
1992 428 250 39 FILLES

4462 441 91 39 ET
4593 440 205 41 VOICI
4843 442 90 38 CE
4974 442 307 51 QU'ELLE
5323 444 194 39 LEUR
5558 447 45 35 A
5647 446 125 37 DIT

4508 491 310 780 Vous
4818 491 558 780 pourriez
5376 491 310 780 être
5686 491 434 780 encore
6120 491 310 780 plus
6430 491 434 780 jolies
6864 491 374 780 si...

565 4013 48 48 *
652 4013 298 38 Mademoiselle
985 4013 81 48 Un,
1102 4013 40 49 je
1156 4047 2 4 .
1177 4026 101 25 vous
1313 4021 140 30 trouve
1489 4018 240 31 charmante.
1769 4010 56 37 Le
1860 4022 104 36 coup
2001 4008 48 38 de

565 4089 146 35 crayon
740 4076 130 37 brutal
898 4089 81 24 aux
1007 4075 179 46 sourcils,
1216 4075 35 37 le
1280 4088 123 36 rouge
1430 4074 66 50 qui
1526 4073 155 49 corrige
1709 4072 340 49 déplorablement

566 4146 112 30 votre
704 4138 153 38 bouche
883 4138 217 38 n'arrivent
1127 4150 70 37 pas
1224 4137 23 38 à
1274 4150 101 25 vous
1402 4136 178 38 enlaidir.
1614 4135 117 45 Mais,
1761 4134 30 37 si
1820 4147 99 25 vous
1950 4146 100 24 vous

565 4214 212 35 apercevez
808 4214 75 35 que
914 4213 71 25 vos
1017 4200 139 49 jeunes
1188 4199 114 49 joues
1334 4207 90 31 sont
1455 4212 53 24 un
1540 4211 74 36 peu
1647 4197 170 44 lourdes,
1848 4194 200 51 pourquoi

566 4263 211 37 maintenir
805 4263 211 38 au-dessus
1045 4263 47 37 de
1123 4261 160 38 l'oreille
1312 4261 69 38 des
1410 4261 178 37 cheveux
1617 4260 68 49 qui
1717 4272 47 25 ne
1795 4258 253 44 demandent,

566 4339 50 24 on
637 4326 35 37 le
691 4325 95 47 voit,
806 4324 91 51 qu'à
917 4324 229 50 s'échapper
1172 4325 15 37 ?
1208 4324 63 37 En
1290 4330 126 39 outre,
1438 4323 26 37 il
1485 4329 59 31 est
1569 4322 126 45 facile,
1718 4335 47 24 en
1787 4322 264 48 prolongeant

567 4389 35 37 la
625 4388 103 49 ligne
751 4388 68 37 des
844 4387 207 50 paupières
1075 4399 89 25 vers
1189 4387 55 37 les
1267 4392 163 42 tempes,
1455 4384 250 49 d'empêcher
1729 4397 71 24 vos
1826 4382 224 38 meilleures

566 4450 122 38 amies
713 4451 48 37 de
787 4463 228 36 remarquer
1038 4462 76 37 que
1138 4462 100 25 vous
1262 4461 95 34 avez
1382 4448 55 37 les
1462 4447 219 49 yeux-plus
1707 4444 242 50 rapprochés
1974 4456 76 37 que

566 4526 102 24 ceux
690 4513 49 37 de
761 4513 36 37 la
820 4512 139 38 Vénus
983 4512 47 43 <4e
1056 4511 139 38 Milo...

2237 3633 49 48 ^
2320 3648 20 23 «
2361 3634 208 49 Qu'est-ce
2595 3635 162 50 qu'elles
2785 3644 68 29 ont
2882 3636 103 38 donc
3012 3643 143 39 toutes,
3183 3644 101 30 cette
3311 3637 138 45 année,
3477 3638 254 48 grommelait

2236 3709 54 26 un
2311 3697 172 46 homme,
2506 3696 23 39 à
2549 3697 114 38 avoir
2682 3698 143 49 grandi
2850 3699 48 37 de
2921 3699 35 37 la
2978 3699 80 38 tête
3082 3699 17 37 ?
3119 3712 19 23 »
3169 3698 242 39 Charmante
3434 3699 296 38 mademoiselle

2237 3759 131 46 Deux,
2398 3759 172 38 méditez
2598 3767 101 32 cette
2728 3762 145 48 parole.
2905 3761 149 49 Quand
3082 3774 52 25 on
3163 3775 34 26 a,
3227 3774 154 25 comme
3408 3775 113 28 vous,
3552 3762 36 38 la
3616 3775 112 36 pom-

2235 3829 121 31 mette
2379 3823 108 49 large
2508 3830 37 31 et
2569 3823 36 38 la
2627 3830 130 43 tempe
2782 3823 153 46 étroite,
2960 3825 34 36 le
3018 3824 114 38 front
3152 3837 56 25 un
3233 3837 75 36 peu
3335 3823 156 50 fuyant,
3517 3825 36 37 la
3575 3824 154 39 bouche

2233 3884 220 49 généreuse
2476 3893 38 30 et
2539 3885 164 48 fraîche,
2727 3899 52 25 on
2802 3886 151 39 étouffe
2974 3887 36 37 le
3033 3886 96 38 haut
3152 3887 54 37 du
3231 3886 133 49 visage
3387 3894 37 31 et
3449 3887 33 37 le
3505 3886 69 40 bas
3599 3887 129 38 recule

2234 3947 191 40 d'autant.
2461 3948 66 38 Du
2561 3948 199 49 feuillage,
2794 3949 53 38 du
2883 3949 187 49 feuillage
3102 3962 70 25 sur
3204 3949 54 38 les
3291 3956 151 42 tempes
3474 3956 38 31 et
3545 3962 182 25 ramenez

2232 4024 52 24 au
2304 4010 137 50 visage
2463 4012 54 37 les
2539 4011 181 39 cheveux
2742 4011 143 38 blonds
2906 4024 76 37 que
3003 4024 101 25 vous
3128 4011 147 49 rejetez
3298 4025 69 24 sur
3390 4012 34 37 la
3447 4024 144 37 nuque.
3619 4012 108 37 Pour

2234 4074 34 37 le
2293 4080 114 39 reste,
2432 4074 136 49 j'aime
2591 4074 91 38 bien
2706 4080 113 32 votre
2843 4074 122 49 petite
2987 4073 142 39 beauté
3154 4074 245 49 irrégulière,
3426 4081 36 31 et
3488 4074 39 49 je
3553 4087 49 25 ne
3627 4087 99 25 vous

2233 4136 194 38 demande
2460 4150 76 36 que
2567 4137 48 38 de
2649 4136 158 39 réduire
2839 4136 23 38 à
2897 4150 60 24 ses
2990 4136 257 50 proportions
3280 4143 160 31 exactes
3473 4143 114 31 votre
3620 4136 104 38 lèvre

2232 4197 233 40 inférieure.

5672 1179 168 37 Menton
5864 1180 138 48 pointu
6023 1189 38 30 et
6083 1181 115 49 joues
6221 1182 279 39 abondantes...
6525 1185 289 37 mademoiselle
6840 1186 128 40 Trois,
6993 1200 74 35 que

5602 1240 99 37 faire
5727 1241 15 37 ?
5776 1241 189 46 D'abord,
6001 1250 206 41 respecter,
6241 1257 47 24 en
6323 1245 33 36 le
6389 1245 187 40 colorant,
6613 1245 91 38 l'arc
6737 1248 46 35 de
6818 1256 109 28 votre
6962 1248 100 38 lèvre

5598 1302 240 48 supérieure.
5866 1303 218 38 Remonter
6110 1305 34 37 le
6169 1313 131 30 centre
6326 1319 48 24 en
6401 1319 60 24 ses
6487 1307 104 37 deux
6619 1307 164 48 pointes,
6811 1321 47 24 ne
6885 1322 68 35 pas
6981 1316 64 31 ton

5597 1365 92 36 cher
5708 1377 81 25 aux
5809 1365 120 38 coins.
5954 1366 95 38 Puis
6071 1366 94 38 tirer
6186 1380 52 25 un
6259 1368 114 48 parti,
6395 1369 87 47 plus
6504 1368 270 49 démoniaque,
6799 1370 29 36 si
6851 1370 98 48 j'ose
6971 1371 94 42 dire,

5597 1426 48 37 de
5670 1439 62 24 ces
5755 1440 105 35 yeux
5887 1428 148 38 relevés
6059 1441 90 25 vers
6174 1430 35 36 la
6232 1437 130 41 tempe
6385 1442 48 25 en
6458 1430 169 37 trichant
6653 1444 66 24 sur
6745 1431 54 37 les
6824 1431 108 38 coins
6958 1432 108 37 exté-

5599 1488 125 37 rieurs
5751 1495 37 31 et
5816 1502 67 25 sur
5911 1491 35 36 la
5973 1489 104 49 ligne
6104 1490 68 38 des
6200 1491 176 37 sourcils.
6407 1491 75 38 Ces
6509 1492 177 37 cheveux
6715 1492 287 49 indépendants
7029 1502 37 29 et

5600 1550 130 45 frisés,
5760 1551 114 48 qu'ils
5903 1551 127 38 soient
6057 1565 109 24 assez
6196 1552 116 38 libres
6341 1566 99 35 pour
6469 1553 138 37 cacher
6636 1554 32 37 le
6696 1554 94 38 bout
6818 1554 47 38 de
6892 1554 173 42 l'oreille,

5597 1612 123 38 soudé
5743 1612 23 37 à
5788 1614 35 36 la
5847 1613 104 48 joue.
5978 1613 181 39 L'oreille
6185 1614 191 38 féminine
6399 1622 58 30 est
6481 1628 51 24 un
6558 1615 119 48 joyau
6701 1629 51 24 ou
6777 1628 76 25 une
6875 1623 190 30 catastro-

5596 1675 75 48 phe
5699 1688 6 24 :
5737 1675 136 37 laissez
5902 1675 22 38 à
5955 1689 71 24 vos
6054 1677 275 45 admirateurs,
6360 1690 67 25 sur
6456 1690 43 25 ce
6526 1677 126 49 qu'est
6681 1678 35 37 la
6746 1678 123 45 vôtre,
6898 1679 167 48 quelque

5597 1737 273 39 incertitude...
