3860 5004
302 620 47 26 La
391 620 211 33 benjamine,
642 620 161 33 Vir:ginia
840 635 37 4 —
914 622 91 26 seize

263 673 67 19 ans
352 680 36 4 —
413 667 54 27 est
493 666 202 28 ravissante
719 673 87 21 avec
830 674 58 20 ses
913 674 92 26 yeux

264 713 77 31 trop
370 712 143 32 grands,
545 719 40 19 sa
615 712 134 29 bouche
777 715 79 32 trop
884 714 119 33 petite,

264 764 136 19 comme
438 765 66 18 une
542 758 127 26 beauté
707 759 162 27 hindoue.
910 760 96 26 C'est

265 810 68 20 une
355 803 93 26 fleur
469 810 43 20 en
534 804 141 31 bouton,
700 806 64 26 elle
786 806 58 26 n'a
868 812 62 26 pas
953 806 53 26 at-

266 848 89 31 teint
386 856 40 20 sa
459 849 96 28 taille
584 851 35 27 et
649 858 65 18 son
739 851 113 33 ipoids.
885 852 53 26 En
970 859 37 20 ce

267 896 166 28 moment,
459 895 87 30 c'est
570 903 65 21 une
658 897 172 32 sylphide,
854 899 33 25 le
910 897 99 33 poilds

267 939 95 32 léger
385 940 44 26 du
455 941 67 25 trio
548 940 36 29 (à
608 942 100 32 peine
731 944 78 25 cent
833 944 101 32 vingt
957 944 51 25 ki-

268 986 80 27 los).

303 1031 151 26 Famille
474 1031 228 28 musicienne.
723 1034 75 26 Mrs
817 1034 136 29 Peters,
976 1035 34 26 la

265 1076 106 30 mère,
415 1076 163 27 chantait
620 1078 89 26 dans
752 1080 30 24 le
824 1079 122 26 chœur
987 1079 22 26 à

267 1121 144 32 l'église.
447 1121 76 27 Elle
556 1123 118 32 apprit
706 1123 22 26 à
761 1131 56 19 ses
852 1124 92 26 filles
979 1126 29 25 le

266 1166 106 33 piano
404 1169 34 24 et
471 1167 30 25 le
534 1168 117 26 chant.
686 1168 67 26 Les
786 1169 133 26 voisins
951 1177 56 19 ve-

266 1212 122 26 naient
419 1213 170 25 entendre
619 1213 50 26 les
700 1214 145 26 enfants
876 1215 133 25 donner

265 1258 76 25 leur
363 1258 141 25 version
527 1264 43 19 en
593 1258 112 33 swing
730 1259 108 26 d'airs
861 1266 145 20 connus.

264 1303 88 26 Cela
380 1309 36 19 se
446 1303 137 32 passait
611 1311 62 19 sur
701 1304 33 26 la
762 1305 77 26 côte
867 1305 141 26 califor-

267 1348 138 29 nienne,
430 1347 21 26 à
476 1346 281 33 Santâ-.Monica,
784 1357 67 20 non
875 1350 68 26 loin
968 1351 41 25 de

267 1393 218 32 Hollywood.
523 1393 47 26 Ce
604 1394 183 33 voisinage
821 1395 45 26 fit
901 1395 108 33 qu'un

268 1444 171 26 manager
476 1439 59 25 eut
572 1440 85 25 vent
694 1439 41 26 de
773 1441 74 25 leur
884 1440 123 27 talent.

266 1482 96 26 Elles
391 1482 121 31 furent
540 1483 177 33 engagées
745 1485 90 26 dans
863 1485 61 26 des
951 1492 57 20 ca-

267 1527 130 29 barets.
428 1528 94 26 Elles
550 1528 141 28 vinrent
718 1536 43 20 en
791 1537 15 18 «
839 1531 169 26 chanteu-

267 1579 56 19 ses
347 1572 142 27 intimes
512 1582 16 17 »
551 1574 206 26 s'accouder
779 1581 44 19 au
848 1575 77 26 coin
948 1576 61 26 des

267 1617 115 27 tables
419 1624 88 26 pour
544 1620 193 25 roucouler.
777 1620 67 27 Les
882 1621 126 30 tables,

266 1662 129 30 là-bas,
419 1665 80 25 sont
521 1663 105 27 d'une
648 1664 139 26 solidité
809 1665 200 33 exception-

269 1707 99 26 nelle.

306 1752 95 26 Elles
423 1753 186 28 devinrent
631 1754 156 26 célèbres
807 1755 106 32 grâce
934 1754 22 26 à
978 1756 34 25 la

266 1798 100 25 radio
384 1799 35 25 et
438 1799 138 26 ensuite
594 1800 172 32 parurent
785 1807 61 18 sur
867 1800 141 26 l'écran.

304 1842 68 27 Les
394 1849 88 26 gens
505 1850 86 26 gras
613 1844 135 27 aiment
771 1845 67 26 rire
862 1846 34 25 et
920 1845 90 26 faire

268 1888 78 26 rire.
387 1888 68 26 Les
491 1889 126 26 sisters
654 1892 124 25 eurent
815 1897 47 19 un
898 1891 113 32 grand

268 1932 134 27 succès.
440 1933 96 27 Elles
570 1935 196 26 arrivaient
801 1935 22 26 à
857 1943 47 19 un
939 1943 71 18 mo-

267 1980 98 24 ment
390 1978 55 31 où,
472 1986 65 25 par
562 1979 159 27 réaction
746 1987 87 20 avec
859 1981 34 25 la
918 1980 94 33 ligne

267 2024 238 33 squelettique
550 2025 63 27 des
653 2027 96 24 stars
789 2026 162 32 toujours
990 2025 23 27 à

266 2070 94 31 jeun,
387 2070 31 25 le
442 2069 117 33 public
583 2070 194 27 américain
801 2071 100 26 avait
924 2071 87 33 plai-

268 2114 50 25 sir
348 2114 41 26 de
420 2122 37 18 se
489 2115 154 33 repaître
674 2116 42 25 de
747 2116 172 27 rondeurs
949 2123 62 20 au-

269 2159 215 33 thentiques.

308 2205 95 26 Elles
432 2206 61 25 ont
521 2205 45 27 du
595 2206 124 26 talent.
750 2207 96 26 Avec
874 2207 35 26 la
937 2214 75 19 sur-

268 2251 173 32 prenante
469 2250 122 33 agilité
621 2251 61 26 des
711 2258 194 26 personnes
934 2252 78 26 obè-

268 2302 67 23 ses,
357 2296 85 26 elles
462 2303 37 18 se
520 2296 250 31 trémoussent,
793 2297 218 31 bondissent,

268 2341 124 32 jouent
418 2341 63 27 des
505 2342 208 33 claquettes.
738 2343 56 26 On
819 2343 107 28 dirait
951 2343 63 27 des

269 2386 138 26 ballons
431 2387 140 32 gonflés
595 2387 59 33 qui
677 2390 86 25 vont
788 2388 184 27 s'envoler.

308 2431 51 26 La
385 2432 111 26 danse
523 2433 92 26 n'est
640 2440 65 26 pas
731 2433 181 27 d'ailleurs
939 2434 76 26 leur

272 2476 195 34 spécialité,
508 2477 88 28 c'est
634 2478 31 26 le
704 2478 119 26 chant.
863 2479 53 25 De
956 2486 58 19 ces

271 2524 213 31 montagnes
515 2523 41 26 de
587 2523 100 26 chair
717 2526 74 25 sort
823 2530 46 20 un
901 2524 114 26 mince

269 2568 79 27 filet
371 2568 105 26 d'une
498 2568 82 26 voix
601 2568 122 31 douce,
747 2569 121 30 douce,
892 2569 120 26 douce.

269 2613 101 27 Trois
399 2614 129 25 chants
558 2614 261 27 curieusement
847 2621 166 27 superpo-

271 2658 68 30 sés,
364 2665 38 19 ce
426 2665 66 26 que
516 2659 50 26 les
590 2659 223 27 Américains
835 2660 179 33 appellent

270 2704 94 26 close
389 2704 185 32 harmony,
599 2704 220 27 c'est-à-dire
842 2712 68 19 une
934 2705 80 26 har-

270 2749 116 26 monie
427 2756 71 19 aux
539 2750 147 26 accords
728 2749 29 27 si
799 2750 216 33 rapprochés

273 2796 105 32 qu'on
412 2795 145 26 croirait
589 2802 150 26 presque
771 2795 169 27 entendre
972 2802 46 20 un

271 2841 146 26 unisson
445 2841 97 26 faux.

308 2893 31 24 A
361 2892 112 30 Paris,
499 2892 50 27 les
571 2892 125 26 sisters
718 2893 97 26 n'ont
837 2900 64 26 pas
923 2893 91 26 suivi

269 2937 31 26 le
326 2944 225 26 programme
577 2938 229 26 traditionnel
832 2938 62 26 des
919 2939 95 25 stars

269 2989 43 20 en
345 2989 187 20 vacances.
566 2983 155 26 D'abord
752 2984 85 26 elles
867 2984 148 26 travail-

271 3029 73 25 lent
374 3035 46 19 au
451 3028 69 26 lieu
551 3029 41 25 de
622 3035 38 19 se
691 3035 143 27 reposer
864 3029 150 33 complè-

271 3075 146 25 tement.
457 3073 95 27 Elles
590 3076 61 25 ont
688 3074 114 26 donné
840 3075 75 26 leur
953 3081 61 19 nu-

270 3119 97 26 méro
389 3119 90 26 dans
502 3126 46 19 un
569 3120 114 31 grand
706 3119 119 33 cirque
846 3119 167 33 parisien.

270 3164 161 30 Ensuite,
465 3165 85 26 elles
580 3167 175 30 prennent
786 3165 94 26 leurs
912 3171 104 26 repas

271 3201 101 35 chez*
383 3210 95 26 elles.
509 3210 95 26 Elles
632 3217 42 19 ne
700 3217 37 19 se
766 3210 251 26 commandent

270 3262 66 26 pas
364 3256 41 25 de
434 3255 109 26 belles
571 3256 112 25 robes.
714 3255 95 26 Elles
838 3255 180 27 n'entrent

271 3307 65 26 pas
368 3308 45 19 au
447 3301 133 26 hasard
613 3301 90 26 dans
737 3302 50 26 les
820 3301 195 32 magasins.

270 3346 75 33 Que
395 3346 259 27 feraient-elles
701 3346 84 26 d'un
835 3353 136 26 coupon
1004 3347 14 25 ?

271 3392 92 25 Mais
391 3392 85 26 elles
505 3392 228 27 accumulent
762 3392 50 26 les
841 3392 174 32 parfums,

272 3437 117 26 toutes
419 3438 51 25 les
500 3438 128 25 odeurs
659 3437 123 30 fortes,
813 3437 203 30 orientales,

271 3482 148 33 épicées.

309 3528 96 26 Elles
425 3528 99 26 n'ont
542 3528 56 26 été
617 3528 129 33 qu'une
767 3528 68 26 fois
854 3536 45 19 au
919 3535 98 26 spec-

273 3574 101 26 tacle.
410 3573 131 27 C'était
574 3581 68 19 une
675 3580 107 19 revue
814 3574 42 26 de
890 3574 127 26 music-

272 3619 71 26 hall
367 3621 34 25 et
424 3619 51 26 les
497 3619 151 26 femmes
671 3626 87 19 nues
781 3620 50 25 les
853 3621 61 25 ont
937 3620 80 26 cho-

271 3664 119 33 quées.
424 3664 92 27 Sans
548 3665 106 26 doute
685 3665 42 25 de
758 3665 77 25 voir
865 3665 62 26 des
959 3665 58 26 sil-

272 3709 165 27 houettes
462 3710 29 26 si
518 3710 214 27 différentes
758 3710 62 26 des
847 3711 130 25 leurs...

309 3761 52 26 La
388 3761 135 26 cuisine
552 3761 180 32 française
759 3762 50 25 les
836 3768 23 19 a
885 3761 131 33 surpri-

273 3813 67 19 ses.
378 3807 27 25 Il
442 3814 42 19 ne
519 3806 80 28 faut
632 3813 65 26 pas
733 3807 110 26 croire
878 3813 66 26 que
980 3813 37 19 ce

271 3852 115 27 soient
409 3852 42 26 de
473 3858 144 27 grosses
640 3858 224 26 mangeuses.
891 3851 125 33 Quand

272 3898 85 26 elles
393 3899 143 28 entrent
572 3904 66 26 par
674 3897 133 26 hasard
843 3897 90 26 dans
971 3904 45 19 un

275 3944 217 30 restaurant,
520 3944 31 27 le
575 3943 129 27 maître
727 3943 142 28 d'hôtel,
895 3943 123 30 affolé,

271 3989 70 27 fait
364 3989 147 26 doubler
534 3989 50 26 les
608 3989 168 33 portions.
803 3989 53 26 En
880 3989 136 30 réalité,

273 4034 85 26 elles
397 4034 192 33 chipotent,
631 4034 206 33 grignotent
874 4034 145 33 jusqu'à

272 4086 39 19 ce
334 4080 147 33 qu'elles
505 4081 167 25 trouvent
696 4088 45 19 un
763 4080 76 33 plat
861 4080 59 33 qui
943 4080 76 26 leur

270 4125 99 32 pLaît.
429 4125 193 31 Sucreries,
678 4126 131 32 glaces,
865 4125 148 26 crèmes.

273 4170 105 27 Alors
410 4171 85 27 elles
529 4177 37 20 se
598 4171 129 32 jettent
761 4178 61 19 sur
854 4171 75 26 leur
961 4177 56 20 as-

273 4216 116 26 siette.

312 4261 163 31 Pendant
508 4269 67 26 que
609 4262 50 26 les
690 4261 121 27 aînées
843 4262 176 33 prennent

275 4314 42 20 en
352 4308 140 33 Europe
526 4308 93 26 leurs
653 4314 187 24 vacances,
876 4307 22 25 il
933 4314 21 26 y
985 4314 33 24 a,

272 4352 22 27 à
311 4351 43 28 'la
379 4353 139 26 maison
544 4353 268 30 californienne,
839 4353 92 26 deux
957 4360 61 19 au-

273 4400 74 25 tres
373 4406 114 19 soeurs
511 4406 6 18 :
545 4399 108 26 treize
678 4405 66 20 ans
769 4400 34 25 et
829 4399 86 25 neuf
939 4405 78 23 ans,

272 4445 58 32 qui
351 4444 161 27 étudient
531 4444 36 26 la
586 4443 171 34 musique.
784 4451 15 17 «
819 4444 88 32 Quel
928 4444 90 26 beau

269 4490 179 32 quintette
477 4490 77 26 cela
583 4489 78 27 fera
689 4490 79 32 plus
797 4489 80 27 tard
904 4497 30 22 »,
965 4489 51 26 dit

272 4535 77 26 leur
371 4535 106 26 mère.

496 4579 277 27 HENRIETTE
804 4579 214 26 PIERROT.

1173 907 175 33 THEISEN.
1388 910 173 31 Comment
1600 915 145 36 nettoyer
1784 926 37 18 un

1085 956 148 28 manteau
1256 966 38 19 en
1319 958 106 35 pattes
1448 955 41 31 de
1512 956 47 31 kid
1585 957 15 31 ?

1119 1006 232 28 Commencez
1381 1015 64 26 par
1475 1012 163 31 nettoyer
1666 1019 86 21 avec
1782 1014 40 26 de

1083 1045 35 25 la
1148 1046 156 31 benzine,
1335 1048 78 32 puis
1446 1049 106 26 faites
1583 1051 166 27 chauffer
1778 1053 43 26 du

1084 1091 62 19 son
1184 1087 34 25 et
1255 1088 283 31 saupoudrez-en
1575 1090 30 25 le
1642 1093 180 27 manteau,

1084 1124 153 31 brossez,
1265 1128 101 30 tapez
1391 1128 35 25 et
1452 1134 260 22 recommencez
1737 1132 87 25 trois

1086 1162 68 27 fois
1184 1164 219 33 l'opération.

1087 1238 37 39 *
1152 1239 208 33 CURIEUSE.

1121 1293 89 30 Non,
1244 1295 21 25 il
1299 1301 42 20 ne
1374 1295 107 34 s'agit
1512 1304 65 26 pas
1608 1299 41 26 de
1682 1301 34 25 la
1746 1307 75 26 per-

1086 1339 109 20 sonne
1222 1340 66 26 que
1316 1341 87 20 vous
1430 1335 171 35 indiquez.

1089 1408 36 38 *
1158 1409 173 33 J'ADORE
1363 1411 40 31 LE
1433 1412 125 32 SPORT
1588 1418 48 27 est
1667 1417 87 38 priée
1784 1416 40 32 de

1087 1454 122 31 donner
1242 1467 54 20 son
1331 1457 130 31 adresse
1495 1471 38 18 en
1568 1460 170 40 rappelant
1771 1474 53 19 son

1088 1500 217 40 pseudonyme
1334 1515 78 28 pour
1439 1516 62 27 que
1530 1517 76 19 nous
1633 1508 192 38 répondions

1089 1558 56 27 par
1169 1545 92 33 lettre
1286 1550 17 29 à
1327 1551 107 29 toutes
1458 1549 44 31 les
1524 1553 163 37 questions
1711 1553 114 38 qu'elle

1088 1603 76 19 nous
1191 1604 88 28 pose.

1081 1662 43 39 ,*
1153 1665 126 32 MARIE
1300 1667 207 32 JULIENNE.
1528 1670 39 30 Je
1590 1670 67 31 dési
1662 1674 95 29 rerais
1778 1685 47 19 sa-

1087 1712 65 29 voir
1184 1713 15 28 à
1232 1711 121 39 quelles
1385 1726 88 19 races
1504 1718 250 37 appartiennent
1785 1718 42 31 les

1089 1754 107 33 chiens
1216 1768 17 20 «
1258 1757 116 32 Médor
1394 1770 27 25 »,
1442 1770 18 21 «
1485 1761 62 30 Rac
1568 1772 17 20 »
1606 1765 34 28 et
1658 1773 18 21 «
1700 1763 87 38 Djinn
1811 1775 17 20 »

1089 1800 40 32 du
1162 1804 127 30 numéro
1319 1805 39 29 89
1388 1804 41 31 de
1458 1816 17 21 «
1507 1806 225 33 Marie-Claire
1762 1820 18 21 »
1812 1810 15 31 ?

1131 1892 15 18 «
1173 1885 122 27 Médor
1314 1894 16 18 »
1352 1889 54 25 est
1428 1895 46 19 un
1495 1890 156 31 caniche,
1679 1899 16 17 «
1721 1892 74 26 Rac
1815 1901 15 16 »

1090 1931 45 19 un
1163 1932 70 24 rac,
1263 1928 33 25 et
1327 1935 16 18 «
1375 1927 108 34 Djinn
1510 1937 16 18 »
1552 1937 47 19 un
1627 1932 61 25 fox
1713 1932 21 26 à
1761 1933 68 33 poil

1088 1965 75 27 dur.

1153 2048 40 32 C.
1213 2049 30 31 T.
1272 2051 27 29 1°
1320 2051 89 31 Avec
1431 2064 60 19 une
1514 2052 78 33 robe
1616 2053 71 32 bleu
1711 2057 117 30 marine

1087 2106 99 27 genre
1219 2099 98 36 sport,
1353 2101 132 35 peut-on
1521 2103 114 27 mettre
1669 2100 57 31 des
1759 2113 68 20 sou-

1088 2138 69 32 liers
1180 2151 38 20 en
1242 2153 79 19 veau
1345 2145 33 27 et
1400 2142 90 39 quels
1514 2143 56 32 bas
1595 2149 108 36 porter
1728 2146 16 31 ?

1129 2197 34 29 2°
1194 2197 193 32 Faites-vous
1418 2199 43 31 les
1491 2204 130 36 patrons
1651 2215 78 27 pour
1759 2215 70 29 per-

1087 2253 114 20 sonnes
1226 2243 110 36 fortes,
1363 2244 87 31 taille
1478 2248 48 29 54.

1127 2307 34 26 1"
1194 2308 98 26 Vous
1325 2315 134 26 pouvez
1492 2311 73 26 très
1599 2312 79 27 bien
1712 2314 120 32 porter

1089 2346 63 26 des
1171 2347 149 27 souliers
1340 2350 109 31 sport,
1471 2356 42 20 en
1532 2358 103 23 veau,
1656 2359 88 20 avec
1764 2360 69 20 une

1088 2385 82 27 robe
1193 2386 79 27 bleu
1295 2388 145 28 marine.
1461 2390 135 26 Mettez
1618 2391 61 26 des
1702 2392 63 27 bas
1788 2400 42 19 en

1090 2425 38 25 fil
1154 2432 43 20 ou
1221 2433 43 20 en
1289 2427 72 27 soie
1385 2427 22 27 à
1430 2429 97 26 côtes
1551 2437 44 19 ou
1620 2438 126 20 encore
1769 2432 62 27 des

1088 2464 64 26 bas
1175 2465 42 26 de
1241 2467 71 26 soie
1336 2467 90 31 unis,
1451 2475 48 20 un
1521 2476 66 26 peu
1610 2470 109 33 épais,
1744 2478 85 26 qua-

1090 2503 60 27 lité
1183 2514 15 16 «
1230 2512 87 26 pour
1344 2507 34 28 la
1405 2508 145 26 marche
1573 2517 30 18 ob.

1125 2544 34 26 2°
1187 2545 98 26 Nous
1309 2552 160 26 pouvons
1492 2554 88 20 vous
1605 2548 139 32 établir,
1770 2557 59 19 sur

1089 2590 170 24 mesures,
1283 2585 50 26 les
1355 2587 146 31 patrons
1523 2587 41 26 de
1586 2591 80 24 tous
1688 2589 49 26 les
1759 2597 71 19 mo-

1088 2623 96 26 dèles
1226 2631 108 26 parus
1377 2626 90 26 dans
1507 2627 261 34 Marie-Claire,
1810 2629 22 26 à

1090 2663 209 33 l'exception
1331 2665 62 26 des
1425 2666 179 27 créations
1636 2668 41 26 de
1710 2670 120 25 coutu-

1090 2703 97 26 riers.

1135 3082 76 27 Elle
1236 3089 22 19 a
1283 3082 78 26 créé
1388 3083 33 25 la
1445 3081 118 34 poésie
1588 3081 44 26 du
1658 3080 178 34 quotidien

1099 3123 57 33 qui
1183 3124 55 25 est
1264 3123 99 26 toute
1389 3122 35 26 la
1449 3121 56 26 vie
1530 3121 42 25 de
1598 3121 79 26 tant
1703 3119 134 27 d'entre

1098 3169 99 19 nous.
1232 3162 114 26 Grâce
1377 3160 23 27 à
1431 3161 76 30 elle,
1540 3159 297 27 d'innombrables

1098 3201 151 27 femmes
1279 3202 61 25 ont
1368 3207 154 20 reconnu
1551 3200 30 26 le
1610 3199 153 30 charme,
1792 3205 45 20 au

1101 3241 76 28 coin
1209 3241 45 27 du
1286 3241 70 30 feu,
1389 3240 46 27 du
1466 3239 89 34 petit
1584 3240 62 32 pot
1674 3238 42 26 de
1746 3239 92 25 terre

1099 3281 111 26 brune
1240 3280 44 26 où
1315 3280 61 26 des
1406 3286 163 19 marrons
1598 3278 174 33 mijotent,
1804 3278 36 25 et

1100 3321 45 26 du
1176 3320 84 28 chat
1290 3320 59 33 qui
1379 3325 184 20 ronronne.
1595 3318 76 26 Elle
1701 3324 87 19 nous
1817 3323 22 19 a

1100 3359 115 27 révélé
1242 3360 62 25 des
1330 3359 120 32 gestes
1489 3358 59 33 qui
1575 3364 42 19 ne
1657 3358 80 25 soint
1774 3362 65 27 pas

1100 3400 61 26 des
1197 3399 183 26 attitudes.
1419 3398 76 25 Elle
1531 3404 88 19 nous
1654 3403 22 19 a
1689 3409 4 4 •
1709 3394 130 35 permis

1100 3440 61 26 des
1189 3439 124 28 sautes
1340 3438 187 26 d'humeur
1553 3436 60 34 qui
1640 3436 99 26 n'ont
1767 3434 72 26 rien

1099 3478 22 27 à
1146 3478 77 27 voir
1245 3485 88 19 avec
1357 3478 31 25 le
1414 3476 150 34 caprice,
1589 3475 91 27 mais
1703 3474 59 34 qui
1786 3474 53 26 ré-

1100 3518 155 34 pondent
1286 3524 46 19 au
1367 3516 237 33 changement
1635 3515 46 26 du
1714 3515 124 31 temps,

1098 3565 46 20 au
1170 3558 238 32 changement
1432 3556 44 27 du
1502 3556 94 30 vent,
1621 3553 98 28 aussi
1744 3553 95 26 sûre-

1099 3599 97 25 ment
1221 3604 68 26 que
1315 3595 236 27 l'inclinaison
1579 3594 61 26 des
1666 3592 174 28 branches

1099 3637 46 26 du
1175 3636 128 33 jardin.
1336 3635 68 26 Les
1435 3635 149 26 femmes
1614 3633 133 26 aiment
1776 3632 64 27 Co-

1099 3677 85 27 lette
1218 3682 106 27 parce
1358 3675 146 33 qu'elles
1552 3680 37 20 se
1636 3671 204 28 retrouvent

1100 3722 43 20 en
1168 3716 75 25 elle.

1135 3767 98 26 Vous
1256 3769 282 24 souvenez-vous
1562 3763 42 26 de
1627 3762 92 27 cette
1742 3768 97 20 cour-

1100 3807 35 25 te
1170 3806 162 26 nouvelle
1366 3804 43 27 où
1446 3810 67 20 une
1548 3803 130 26 femme
1712 3801 128 26 médite

1100 3852 61 19 sur
1205 3845 32 26 le
1281 3844 107 34 poing
1434 3842 111 27 fermé
1589 3842 43 26 de
1676 3841 164 26 l'homme

1099 3885 126 33 qu'elle
1251 3884 93 27 aime
1373 3885 12 22 ?
1423 3883 99 27 Vous
1561 3887 279 21 souvenez-vous

1100 3925 42 26 de
1177 3924 86 26 celle
1298 3923 109 34 qu'un
1455 3922 104 27 nœud
1606 3921 41 26 de
1695 3920 145 27 cravate

1100 3970 112 26 agace
1245 3964 15 27 ?
1292 3963 51 26 De
1373 3962 85 27 celle
1489 3961 129 34 qu'une
1647 3959 122 27 mèche
1800 3959 41 26 de

1101 4004 160 27 cheveux
1290 4002 173 27 attendrit
1497 4001 15 26 ?

1138 4055 93 26 Tant
1260 4054 107 33 qu'on
1397 4052 204 33 imprimera
1630 4050 62 27 des
1723 4049 116 29 livres,

1099 4094 23 26 il
1150 4100 21 26 y
1198 4100 91 19 aura
1316 4093 61 26 des
1406 4092 149 26 femmes
1582 4096 87 27 pour
1695 4096 37 20 se
1758 4095 82 26 pen-

1101 4133 83 27 cher
1205 4140 62 19 sur
1288 4133 51 25 les
1359 4138 144 20 romans
1523 4131 42 26 de
1583 4130 149 28 Colette,
1753 4134 88 27 pour

1101 4173 50 26 les
1183 4178 117 21 serrer
1331 4173 121 25 contre
1482 4171 76 25 ieur
1589 4175 104 24 cœur,
1725 4168 35 26 et
1791 4168 50 25 les

1099 4212 130 32 rejeter
1254 4211 256 33 brusquement
1536 4208 176 34 lorsqu'ils
1737 4206 103 27 éclai-

1100 4252 120 25 reront
1250 4251 105 26 d'une
1397 4249 146 27 lumière
1585 4250 76 30 trop
1690 4247 80 26 vive
1810 4246 31 25 le

1100 4291 115 26 secret
1258 4290 147 33 qu'elles
1447 4288 182 27 voulaient
1672 4286 170 34 pourtant

1100 4330 78 27 bien
1205 4336 38 20 se
1268 4329 129 27 cacher
1421 4328 22 26 à
1468 4327 271 27 elles-mêmes...

1135 4381 98 27 C'est
1263 4381 93 26 cette
1385 4378 257 28 connaissance
1671 4375 170 34 profonde

1100 4421 41 26 de
1168 4421 101 26 notre
1296 4418 208 31 sensibilité,
1532 4418 41 25 de
1600 4423 63 21 nos
1689 4415 150 30 besoins,

1100 4460 43 26 de
1178 4467 65 20 nos
1280 4459 113 30 rêves,
1429 4464 68 28 que
1533 4457 136 27 Colette
1705 4463 22 18 a
1762 4455 79 26 bien

1100 4500 107 26 voulu
1235 4499 120 33 prêter
1381 4497 229 34 aujourd'hui
1651 4495 22 27 à
1714 4494 126 27 Marie-

1097 4539 129 27 Claire.
1255 4538 98 26 Nous
1381 4537 67 26 l'en
1474 4536 214 26 remercions
1714 4541 44 20 en
1782 4541 59 19 vo-

1101 4581 53 24 tre
1180 4585 81 19 nom
1287 4577 22 26 à
1334 4578 128 25 toutes.

2847 281 71 55 V

1954 408 113 732 ^
3208 1041 192 84 rapide

2972 1169 32 42 e

2146 1269 11 35 ^

1984 1297 11 53 I
2025 1329 12 21 #
2070 1306 24 44 7
2411 1308 146 35 T)our
2598 1297 112 34 dou-
2750 1302 151 41 chaque
2919 1301 72 32 cils
3009 1301 116 34 d'une
3144 1301 78 34 fine
3244 1313 111 33 gaine
3373 1315 92 22 non-

2104 1385 13 9 j
2164 1387 15 7 •.
2244 1370 37 11 11
2470 1348 85 33 bler
2616 1360 94 32 pou-
2749 1356 217 38 graisseuse
3004 1361 37 29 et
3074 1358 393 36 non-charbonneuse

2029 1398 25 2 m
2406 1399 85 25 voir
2525 1398 166 26 d'attrac
2809 1412 5 5 •

2029 1388 57 24 Plus
2102 1388 30 25 de
2148 1389 33 39 eih
2181 1389 67 39 deukhés
2248 1389 86 39 cauants,
2566 1414 143 14 -
2750 1423 66 5 qui
2850 1416 133 12 satine,
3013 1415 176 13 recolore
3215 1418 37 10 et
3278 1417 189 11 recourbe

2008 1472 10 31 f
2028 1425 82 29 raides
2131 1432 26 23 et
2328 1429 6 27 !
2403 1450 99 33 tion
2538 1450 55 33 de
2632 1462 80 22 vos
2752 1469 54 34 les
2828 1469 70 33 cils.
2929 1469 73 34 Les
3020 1481 101 23 yeux
3144 1471 218 33 paraissent
3381 1473 87 31 plus

2513 1503 37 32 et
2562 1503 151 32 donner
2862 1526 8 10 ,
2970 1527 8 9 ,
3096 1526 26 10 .,
3190 1528 7 8 ,
3384 1530 7 6 ,

2008 1526 68 9 rV
2181 1526 46 4 ^
2405 1526 99 16 yeux
2942 1527 87 33 Plu*
3067 1526 85 34 vifs,
3189 1528 83 32 leur
3308 1530 151 30 couleui

2004 1558 95 29 Mb
2147 1592 12 13 l
2189 1566 75 39 iÉÉfe
2264 1566 75 39 >521
2407 1573 86 22 plus
2521 1574 49 12 de
2601 1574 111 13 char-
2752 1582 88 23 plus
2866 1583 202 22 éclatante.
3093 1582 22 23 9
3136 1586 138 19 teintes
3297 1586 168 19 naturel-

2406 1614 65 20 llie
2516 1604 22 30 à

2019 1632 20 57 j
2039 1632 30 57 F&
2069 1632 30 57 j
2204 1633 115 33 Tmffr
2406 1655 148 34 visage,
2598 1655 115 32 faites
2731 1683 3 17 '
2751 1639 66 33 les.
2846 1638 156 45 Emploi
3028 1639 115 34 facile
3169 1642 35 31 et
3232 1641 147 43 rapide.
3408 1641 57 33 En

2006 1708 58 28 Plus
2076 1709 31 28 de
2115 1710 46 28 cils
2170 1711 185 29 charbonneux.
2405 1707 209 42 paraître
2634 1717 79 23 vos
2754 1698 111 30 vente
2890 1698 165 40 partout.
3075 1713 23 19 •

2046 1750 76 28 collés
2139 1756 26 23 et
2184 1752 112 34 empâtés
2312 1753 6 27 i
2405 1758 70 32 cils
2490 1758 87 39 plus
2593 1758 118 39 longs,
2758 1761 112 29 Sourcils
2897 1765 57 32 plus
2982 1767 53 23 neti
3084 1768 24 29 \
3189 1790 18 7 '"
3229 1765 24 23 V
3405 1762 50 43 JjL

1983 1810 86 42 plus
2105 1811 184 37 sombres,
2324 1814 87 42 plus
2450 1814 181 34 brillants
2665 1826 48 23 en
2760 1817 31 3 -
2809 1803 23 27 le
2962 1803 77 28 RicIl,

2760 1855 15 16 n
2787 1849 99 30 empâte
2918 1855 54 24 pas,

1983 1866 75 35 les
2058 1866 188 35 brossant
2280 1869 107 44 chaque
2387 1869 46 44 ,
2466 1873 121 31 matin
2617 1883 95 25 avec
2808 1884 109 29 s'effrite
2934 1896 45 17 pas.
3440 1881 21 41 ^

1980 1920 52 34 du
2066 1921 130 40 Ricils,
2228 1924 35 34 le
2300 1927 80 32 seul
2415 1928 241 44 cosmétique
2690 1929 21 33 à
2732 1962 3 10 ,

1980 1976 130 35 l'huile
2135 1980 49 33 de
2213 1980 123 40 Ricin,
2361 1984 66 36 qui
2450 1982 70 35 fait
2549 1996 165 24 pousser
2731 1976 3 44 j
2759 1977 101 28 satinez
2866 1988 44 18 vos
2920 1979 103 34 p.npie-
3132 1997 43 23 ^
3302 2006 110 14 ^
3446 1999 15 18 *

1980 2032 56 34 les
2046 2034 74 34 cils
2132 2046 50 22 au
2196 2036 76 34 lieu
2286 2038 50 34 de
2354 2038 56 34 les
2428 2038 112 36 faner
2556 2052 6 22 :
2586 2040 128 43 Après
2760 2028 40 18 res
2812 2028 80 63 ^
2912 2018 42 67 Ricils
2954 2018 18 67 le
2972 2018 30 67 fard
3002 2018 20 67 à
3440 2036 18 51 I

1981 2089 21 33 3
2031 2091 109 44 jours
2171 2105 68 22 vos
2271 2095 69 33 cils
2374 2098 219 42 paraissent
2626 2100 87 44 plus
2761 2100 87 28 l'huile
2860 2101 30 27 de
2905 2103 63 26 ricin
2979 2103 102 40 Qoi^/
3434 2101 20 33 Jt

1979 2147 105 46 longs
2103 2148 90 34 d'un
2214 2151 102 33 tiers.
2346 2152 51 34 Le
2422 2153 119 35 Ricils
3109 2158 29 61 4

2939 2338 44 70 r
3034 2248 90 64 PO
3127 2247 94 57 liq

3311 2446 26 19 1*1
3354 2446 122 19 BUCITi:

1992 2662 436 164 S)UAU
2458 2736 332 134 -et
2832 2658 104 162 Û
2950 2672 442 162 DESSIN

1992 2906 260 80 LISEZ
2274 2914 180 68 celte
2478 2878 382 114 LETTRE!
2906 2890 214 98 'ÎCL

2016 3001 78 25 Nous
2105 3001 134 29 publions
2251 3003 35 24 ici
2299 3017 11 5 -
2322 3011 69 16 gans
2402 3006 220 23 commentaires
2636 3018 11 5 -
2658 3013 56 16 une
2727 3006 86 24 lettre

2015 3035 37 25 de
2066 3041 83 20 notre
2164 3037 141 24 ancienne
2318 3036 85 26 élève
2417 3037 118 26 Andrée
2548 3038 121 25 Creuzot
2682 3040 50 25 qui
2744 3038 68 27 s'est
2877 3036 76 26 JV
3323 3065 16 5 ^
3352 3069 10 1 ^

2014 3069 72 29 déjà
2105 3069 73 26 faite
2196 3079 57 16 une
2270 3071 86 25 place
2369 3071 137 26 enviable
2519 3074 93 24 parmi
2630 3072 41 25 les
2691 3073 120 25 décora-

2015 3109 77 20 teurs
2119 3108 28 22 et
2175 3104 197 26 illustrateurs
2398 3106 38 24 de
2463 3106 28 24 la
2517 3107 88 27 jeune
2629 3106 180 29 génération.
2858 3100 57 32 *5
2931 3111 5 5 '
2955 3127 13 4 -
3012 3110 80 25 Tm*\
3135 3113 19 11 **
3176 3100 15 34 i

2053 3156 101 28 "...Le
2182 3157 105 27 dessin
2309 3158 17 26 a
2348 3157 107 28 l'école
2483 3159 147 34 primaire
2646 3159 11 27 ?
2681 3159 129 27 Cornue
2959 3153 31 31 **
3097 3149 27 37 \
3172 3156 21 28 1

2016 3199 71 24 tout
2114 3196 26 28 le
2167 3198 126 29 monde,
2320 3197 30 31 je
2371 3197 40 27 lui
2434 3198 29 26 ai
2492 3199 81 30 paye
2599 3207 73 18 mon
2698 3188 226 39 tribut..H
2954 3205 36 20 o
3112 3188 41 38 \.
3257 3216 13 10 *

2052 3236 130 27 Comme
2199 3240 71 24 tout
2286 3236 26 28 le
2328 3238 126 32 illoil(le'
2465 3237 55 35 j'ai
2539 3239 97 33 perdu
2651 3239 52 26 dix
2720 3247 89 19 ans...
2887 3228 120 41 Hta\
3192 3261 16 8 v

2013 3276 26 27 A
2060 3284 78 19 ceux
2161 3276 52 34 qui
2235 3281 125 23 sortent
2380 3277 39 28 de
2431 3286 35 18 ce
2480 3277 147 27 laminoir
2642 3278 53 34 qui
2710 3279 96 27 éteint
2850 3266 56 54 '(il|

2012 3320 33 23 et
2071 3315 111 28 mutile
2211 3320 71 23 tant
2307 3316 120 28 d'êtres
2452 3317 122 35 jeunes,
2606 3317 27 27 la
2661 3318 148 27 méthode

2013 3356 113 27 A.H.C.
2148 3356 93 27 refait
2263 3365 62 18 une
2346 3357 101 27 vision
2468 3356 207 35 personnelle.

2053 3396 63 27 Son
2152 3396 181 32 originalité
2356 3396 11 28 ?
2408 3397 152 33 D'abord,
2597 3397 57 27 elle
2691 3397 118 28 délivre

2014 3435 108 28 l'élève
2141 3436 40 27 de
2195 3435 29 28 la
2241 3439 121 25 terreur
2375 3437 39 27 de
2429 3435 191 29 l'exécution
2637 3437 172 28 matérielle

2013 3476 53 34 qui
2097 3475 145 35 paralyse
2276 3479 71 25 tous
2378 3475 43 28 les
2449 3477 186 27 débutants.
2670 3477 64 26 Elit.
2767 3477 40 27 lui

2014 3523 119 27 prouve
2153 3524 73 27 que,
2242 3516 72 35 quel
2335 3515 76 36 qu'il
2431 3516 73 34 soit,
2523 3516 19 27 il
2562 3519 48 24 est
2632 3517 70 26 bien
2723 3525 85 20 assez
2891 3539 19 12 r

2013 3555 105 28 habile
2144 3564 81 26 pour
2249 3564 33 19 se
2307 3556 100 28 servir
2431 3556 78 27 d'un
2529 3564 118 20 crayo.t
2668 3565 40 18 ou
2730 3557 76 27 d'un
2893 3553 36 38 J.
2951 3553 97 29 cr°qu,n
3215 3550 85 20 vivant
3322 3556 14 14 "

2144 3577 7 13 1
2586 3586 7 4 '
2891 3580 37 20 été
2941 3577 83 24 enlève
3037 3585 46 16 !.>or
3091 3577 33 25 M
3137 3577 18 13 16
3163 3577 31 25 G.
3205 3577 132 27 Fontaine,

2013 3606 144 23 pinceau.
2889 3609 69 26 élève
2976 3610 30 25 de
3026 3608 85 28 récole
3128 3610 32 26 A.
3170 3610 79 30 B.C.,
3264 3612 73 31 après

2053 3636 28 26 D
2095 3638 92 25 autre
2223 3639 82 31 part,
2339 3636 59 27 elle
2433 3639 64 24 met
2531 3636 275 27 immédiatement
2990 3644 17 25 6
3028 3648 60 22 mois
3106 3643 132 28 d'Eludes.

2012 3674 110 28 l'élève
2152 3676 123 27 devant
2296 3676 27 26 la
2351 3676 132 27 Nature,
2505 3675 67 27 Elle
2611 3675 41 26 lui

2012 3716 143 34 apprend
2176 3724 34 18 ce
2239 3723 61 27 que
2325 3723 156 26 personne
2506 3724 39 18 ne
2568 3714 41 28 lui
2634 3723 19 18 a
2868 3732 28 20 x
2992 3731 18 23 J
3017 3731 18 23 J
3193 3734 32 20 ^
3297 3747 24 7 —
3330 3733 23 21 J
3365 3728 49 26 ^

2010 3754 117 34 jamais
2151 3755 108 33 appris
2280 3764 6 18 :
2316 3755 57 27 elle
2399 3755 42 26 lui
2466 3755 144 33 apprend
2636 3755 15 26 il
2699 3754 198 34 lyA/wB
2910 3762 28 26 /
3044 3753 338 35 7f

2011 3794 126 29 "voir".
2163 3796 27 26 A
2216 3794 68 28 voir
2308 3795 76 27 vite.
2411 3796 26 26 A
2460 3803 78 20 oser.
2566 3795 26 26 A
2621 3803 32 19 se
2804 3787 17 8 "
2833 3790 24 13 *
2868 3790 28 18 "*
3151 3818 21 5 m
3194 3818 38 5 lb

2009 3834 156 35 rappeler.
2192 3835 26 27 A
2241 3834 174 35 dépouiller
2438 3843 40 18 un
2504 3834 85 35 sujet
2613 3835 39 27 de
2734 3832 79 32 un
2849 3827 258 38 IUXU6UX
3139 3822 43 41 A
3194 3822 12 41 I
3218 3832 33 33 b
3262 3832 49 33 u
3311 3832 49 33 m

2012 3877 72 25 tout
2104 3882 34 20 ce
2161 3875 77 34 qu'il
2262 3878 164 31 comporte
2448 3874 147 28 d'inutile
2619 3877 31 24 et
2795 3888 156 25 vous
2985 3877 95 37 est
3112 3874 113 41 offe
3225 3874 69 41 ri

2010 3914 211 28 d'accidentel
2250 3923 80 19 pour
2357 3914 28 28 le
2411 3914 124 28 réduire
2561 3914 16 27 à
2604 3922 48 19 ses
2762 3933 6 3 -
3160 3914 7 39 .
3232 3940 5 2 ,
3284 3941 24 1 ...

2010 3953 100 19 lignes
2135 3957 32 16 et
2188 3954 17 19 à
2222 3963 48 7 ses
2295 3954 126 16 valeurs
2448 3953 57 20 ess(@
2505 3953 28 20 Il
2533 3953 19 20 t
2552 3953 97 20 i(,Iles.
2726 3952 221 14 RÉCLAMEZ
2982 3952 82 15 album
3077 3952 92 15 illustre
3179 3952 43 18 par
3232 3952 35 14 les
3276 3952 82 15 élèves

2010 3985 42 20 tVI
2114 3993 30 12 'il
2177 3994 6 10 ,
2231 3994 5 4 .
2305 3994 27 11 '
2568 3993 18 12 ,,
2723 3985 31 15 en
2769 3981 108 22 joignant
2891 3985 13 14 a
2919 3981 66 19 votre
3005 3979 71 22 lettre
3094 3979 4 22 I
3116 3979 30 22 Ir.
3158 3979 31 21 80
3201 3986 30 15 en
3245 3979 113 22 timbres-

2010 4004 43 17 Et
2068 4004 42 25 qu
2124 4004 21 17 il
2159 4004 14 17 s
2188 4004 101 23 agisse
2302 4004 20 17 d
2338 4004 41 16 un
2392 4004 148 25 paysage,
2555 4004 19 16 d
2591 4004 60 16 une
2724 4015 70 19 poste
2811 4019 62 15 pour
2888 4008 58 22 frais
2963 4008 97 23 d'envoi
3088 4009 50 22 Cet
3156 4020 105 14 c|lyrage
3280 4009 78 22 forme

2010 4033 99 35 figure
2133 4042 41 18 ou
2203 4034 19 27 d
2240 4042 59 19 une
2324 4036 223 32 composition,
2574 4033 76 33 cela,
2723 4045 13 23 à
2753 4043 34 25 lui
2809 4042 50 26 seul
2886 4053 47 15 une
2948 4043 120 26 véritable
3087 4042 68 32 leçon
3177 4043 32 25 de
3227 4043 89 27 dessin.
3340 4043 16 26 Il

2009 4076 85 25 cette
2122 4073 168 28 réduction
2319 4082 17 18 à
2367 4073 180 33 l'essentiel,
2573 4073 77 27 c'est
2724 4087 59 15 vous
2806 4078 156 28 renseignera
2978 4088 39 14 sur
3039 4076 21 26 la
3084 4077 117 25 méthode
3219 4084 25 19 et
3264 4077 22 26 le
3301 4088 56 19 pro-

2010 4115 72 26 tout
2096 4113 27 27 le
2137 4113 116 27 dessin.
2722 4121 111 18 gramme
2848 4111 33 26 de
2895 4110 96 27 l'Ecole
3008 4111 101 27 A.B.C.
3131 4110 156 31 Remplissez
3305 4118 52 19 tout

2048 4153 40 34 Je
2119 4153 69 27 dois
2213 4152 18 28 à
2255 4152 59 28 l'A.
2326 4152 36 28 B.
2362 4152 49 28 C.
2434 4153 39 27 de
2496 4152 77 28 faire
2595 4152 56 27 des
2722 4144 34 26 de
2771 4146 63 25 suite
2851 4145 22 25 le
2889 4156 97 19 coupon
2999 4145 143 26 ci-dessous.

2009 4192 122 28 dessins
2150 4192 174 28 vendables
2342 4196 33 24 et
2393 4192 39 28 de
2454 4191 45 28 les
2522 4192 127 33 vendre,
2687 4192 197 30 ;■■■■■■■■■•■

2008 4232 125 27 d'avoir
2151 4233 54 27 osé
2221 4240 51 20 me
2288 4232 115 28 lancer.
2422 4233 39 27 Je
2477 4231 44 28 lui
2537 4231 69 28 dois
2623 4231 28 28 le
2687 4245 11 17 ;
2883 4230 59 30 AI
2968 4232 19 24 à
3008 4231 122 28 remplir
3146 4236 29 19 et
3191 4231 19 24 à
3227 4240 128 20 envoyer
3370 4231 18 25 à

2009 4272 145 27 bonheur
2174 4271 40 29 de
2242 4273 94 27 créer.
2362 4272 41 32 Je
2431 4271 42 28 lui
2501 4271 70 28 dois
2598 4279 52 19 ma
2687 4278 12 11 •
2805 4260 61 38 Il
2883 4260 58 52 tit
2970 4277 109 27 l'Ecole
3094 4277 114 27 A.B.C.
3223 4278 38 25 de
3274 4278 113 26 Dessin

2008 4311 213 29 situation..."
2687 4312 11 28 :
2969 4319 44 30 12,
3035 4325 52 19 rue
3106 4318 131 31 Lincoln,
3259 4318 129 26 Paris-Be

2210 4356 103 25 Andrée
2328 4356 184 28 CREL,'ZOT,
2686 4363 11 11 ■
3171 4366 12 14 i

2059 4396 40 23 27,
2116 4399 20 16 r.
2155 4391 242 28 Aristide-Briand,
2414 4390 233 24 Lcvallois-Perret.
2686 4397 11 11 ■
2725 4412 21 7 ..

2685 4413 12 29 J
2720 4413 68 22 hum

2005 4451 110 27 VOUS
2125 4451 114 27 AUSSI
2250 4463 46 15 vous
2322 4462 96 19 pouvez
2433 4453 127 24 connaître
2570 4451 78 25 main-
2685 4464 11 12 ■
2947 4457 8 12 *
3422 4448 20 29 I

2008 4493 85 20 tenant
2110 4486 35 26 les
2157 4485 98 31 plaisirs
2268 4492 26 20 et
2310 4485 35 27 les
2358 4485 85 30 profits
2456 4485 34 26 du
2504 4485 89 26 dessin.
2607 4484 40 26 Ce
2684 4498 11 11 ■
2720 4486 146 29 Profession
2946 4505 168 5 .................
3155 4485 58 29 Age.

2008 4522 156 28 témoignage
2184 4519 56 27 n'en
2261 4519 65 27 ei;t-il
2350 4530 44 20 pas
2415 4520 22 25 la
2462 4530 93 19 preuve
2570 4521 11 24 ?
2606 4518 41 27 Ne
2683 4533 11 10 ■

2008 4554 86 27 tardez
2116 4554 62 30 plus,
2200 4553 103 27 l'avenir
2323 4561 37 19 est
2379 4557 14 23 à
2414 4564 63 15 ceux
2497 4554 42 29 qui
2561 4560 85 19 savent
2683 4566 11 11 ■
2719 4560 19 24 A
2744 4560 83 24 dusse

2008 4588 108 31 prendre
2141 4599 49 15 une
2212 4588 118 26 décision.
2353 4587 120 27 Saisissez
2494 4587 65 26 donc
2577 4594 69 19 votre
2682 4600 11 11 ■

2007 4623 105 29 ,chance,
2144 4623 96 25 écrivez
2251 4638 9 4 -
2274 4633 61 15 nous
2362 4621 157 30 aujourd'hui
2555 4625 90 23 même.
3299 4636 26 16 N.
3332 4635 26 18 D.
3374 4636 12 17 2
