<?xml version="1.0" encoding="UTF-8"?>
<alto xmlns="http://www.loc.gov/standards/alto/ns-v3#" xmlns:xsi="http://www.w3.org/2001/XMLSchema-instance" SCHEMAVERSION="alto_bnf-v2_0" xsi:schemaLocation="http://www.loc.gov/standards/alto/ns-v3# http://bibnum.bnf.fr/schema/alto_bnf-v2_0.xsd" xmlns:xlink="http://www.w3.org/TR/xlink">
  <Description>
    <MeasurementUnit>pixel</MeasurementUnit>
    <sourceImageInformation>
      <fileName>00000023.jp2</fileName>
      <fileIdentifier>ark:/12148/bpt6k47010817/f23</fileIdentifier>
      <documentIdentifier documentIdentifierLocation="NUM">4701081</documentIdentifier>
    </sourceImageInformation>
    <OCRProcessing ID="OCR_1">
      <ocrProcessingStep>
        <processingDateTime>2019-01-29</processingDateTime>
        <processingStepDescription>[001_OCR_BRUT]OCR BRUT 97.81 %</processingStepDescription>
        <processingStepDescription>[002_CHARS]{6643}</processingStepDescription>
        <processingStepDescription>[003_CHARS_USED]{38}</processingStepDescription>
        <processingStepDescription>[004_CHARS_SUSPECTS_USED]{0}</processingStepDescription>
        <processingStepDescription>[005_CHARS_UNUSED]{6605}</processingStepDescription>
        <processingStepDescription>[006_CHARS_SUSPECTS_UNUSED]{0}</processingStepDescription>
        <processingStepDescription>[007_STRINGS]{1417}</processingStepDescription>
        <processingStepDescription>[008_STRINGS_USED]{6}</processingStepDescription>
        <processingStepDescription>[009_STRINGS_SUSPECTS_UNUSED]{0}</processingStepDescription>
        <processingStepDescription>[010_CHARS_LETTERS]{6252}</processingStepDescription>
        <processingStepDescription>[011_CHARS_PUNCTUATION]{368}</processingStepDescription>
        <processingStepDescription>[012_CHARS_DIGITS]{1}</processingStepDescription>
        <processingStepDescription>[013_CHARS_SUSPECT]{0}</processingStepDescription>
        <processingStepDescription>[022_CHARS_UNUSED_BY_BLOCK]{0}</processingStepDescription>
        <processingStepDescription>[023_BLOCKS_SUSPECTS]{0}</processingStepDescription>
        <processingStepDescription>[111_LIGS_DETECTED_CURV]{0}</processingStepDescription>
      </ocrProcessingStep>
    </OCRProcessing>
  </Description>
  <Styles>
    <TextStyle FONTSIZE="8" ID="TXT_2" FONTFAMILY="Times"/>
    <TextStyle FONTSIZE="7" ID="TXT_18" FONTFAMILY="Times"/>
    <TextStyle FONTSIZE="10" ID="TXT_27" FONTFAMILY="Times"/>
    <TextStyle FONTSIZE="39" ID="TXT_47" FONTFAMILY="Times"/>
  </Styles>
  <Tags>
    <StructureTag DESCRIPTION="J'AIME ÊTRE GOURMANDE" TYPE="Structural" ID="TAG_ST001" LABEL="title"/>
    <StructureTag DESCRIPTION="CONFIDENCES DE COLETTE" TYPE="Structural" ID="TAG_ST002" LABEL="subtitle"/>
  </Tags>
  <Layout>
    <Page ID="PAG_23" HEIGHT="5004" WIDTH="7618" PHYSICAL_IMG_NR="23" QUALITY="OK" ACCURACY="99.74">
      <PrintSpace HPOS="1368" VPOS="352" HEIGHT="3735" WIDTH="4983" ID="PAG_23_PrintSpace">
        <TextBlock HPOS="2208" VPOS="352" HEIGHT="276" WIDTH="3228" ID="PAG_23_TB000001" TAGREFS="TAG_ST001" LANG="fr" STYLEREFS="TXT_47">
          <TextLine HPOS="2208" VPOS="352" HEIGHT="276" WIDTH="3228" ID="PAG_23_TL000001" STYLEREFS="TXT_47">
            <String HPOS="2208" VPOS="352" HEIGHT="256" WIDTH="832" ID="PAG_23_ST000001" WC="1" CONTENT="J'AIME" STYLEREFS="TXT_47"/>
            <SP ID="PAG_23_SP000001" HPOS="3040" VPOS="436" WIDTH="124"/>
            <String HPOS="3164" VPOS="436" HEIGHT="180" WIDTH="560" ID="PAG_23_ST000002" WC="1" CONTENT="ÊTRE" STYLEREFS="TXT_47"/>
            <SP ID="PAG_23_SP000002" HPOS="3724" VPOS="436" WIDTH="260"/>
            <String HPOS="3984" VPOS="436" HEIGHT="192" WIDTH="1452" ID="PAG_23_ST000003" WC="1" CONTENT="GOURMANDE" STYLEREFS="TXT_47"/>
          </TextLine>
        </TextBlock>
        <TextBlock HPOS="4416" VPOS="760" HEIGHT="47" WIDTH="1032" ID="PAG_23_TB000002" TAGREFS="TAG_ST002" LANG="fr" STYLEREFS="TXT_27">
          <TextLine HPOS="4416" VPOS="760" HEIGHT="47" WIDTH="1032" ID="PAG_23_TL000002" STYLEREFS="TXT_27">
            <String HPOS="4416" VPOS="760" HEIGHT="42" WIDTH="506" ID="PAG_23_ST000004" WC="1" CONTENT="CONFIDENCES" STYLEREFS="TXT_27"/>
            <SP ID="PAG_23_SP000003" HPOS="4922" VPOS="764" WIDTH="53"/>
            <String HPOS="4975" VPOS="764" HEIGHT="40" WIDTH="97" ID="PAG_23_ST000005" WC="1" CONTENT="DE" STYLEREFS="TXT_27"/>
            <SP ID="PAG_23_SP000004" HPOS="5072" VPOS="766" WIDTH="46"/>
            <String HPOS="5118" VPOS="766" HEIGHT="41" WIDTH="330" ID="PAG_23_ST000006" WC="1" CONTENT="COLETTE" STYLEREFS="TXT_27"/>
          </TextLine>
        </TextBlock>
        <TextBlock HPOS="1911" VPOS="1033" HEIGHT="252" WIDTH="1760" ID="PAG_23_TB000003" LANG="fr" STYLEREFS="TXT_27">
          <TextLine HPOS="1911" VPOS="1033" HEIGHT="55" WIDTH="1755" ID="PAG_23_TL000003" STYLEREFS="TXT_27">
            <String HPOS="1911" VPOS="1034" HEIGHT="38" WIDTH="139" ID="PAG_23_ST000007" WC="1" CONTENT="Dîner" STYLEREFS="TXT_27"/>
            <SP ID="PAG_23_SP000005" HPOS="2050" VPOS="1048" WIDTH="31"/>
            <String HPOS="2081" VPOS="1048" HEIGHT="24" WIDTH="104" ID="PAG_23_ST000008" WC="0.96" CONTENT="avec" STYLEREFS="TXT_27"/>
            <SP ID="PAG_23_SP000006" HPOS="2185" VPOS="1034" WIDTH="31"/>
            <String HPOS="2216" VPOS="1034" HEIGHT="44" WIDTH="185" ID="PAG_23_ST000009" WC="0.99" CONTENT="Colette," STYLEREFS="TXT_27"/>
            <SP ID="PAG_23_SP000007" HPOS="2401" VPOS="1033" WIDTH="31"/>
            <String HPOS="2432" VPOS="1033" HEIGHT="39" WIDTH="105" ID="PAG_23_ST000010" WC="0.99" CONTENT="c'est" STYLEREFS="TXT_27"/>
            <SP ID="PAG_23_SP000008" HPOS="2537" VPOS="1049" WIDTH="33"/>
            <String HPOS="2570" VPOS="1049" HEIGHT="23" WIDTH="58" ID="PAG_23_ST000011" WC="1" CONTENT="un" STYLEREFS="TXT_27"/>
            <SP ID="PAG_23_SP000009" HPOS="2628" VPOS="1035" WIDTH="37"/>
            <String HPOS="2665" VPOS="1035" HEIGHT="39" WIDTH="220" ID="PAG_23_ST000012" WC="0.99" CONTENT="bonheur." STYLEREFS="TXT_27"/>
            <SP ID="PAG_23_SP000010" HPOS="2885" VPOS="1037" WIDTH="30"/>
            <String HPOS="2915" VPOS="1037" HEIGHT="46" WIDTH="215" ID="PAG_23_ST000013" WC="0.99" CONTENT="D'abord," STYLEREFS="TXT_27"/>
            <SP ID="PAG_23_SP000011" HPOS="3130" VPOS="1053" WIDTH="29"/>
            <String HPOS="3159" VPOS="1053" HEIGHT="35" WIDTH="134" ID="PAG_23_ST000014" WC="1" CONTENT="parce" STYLEREFS="TXT_27"/>
            <SP ID="PAG_23_SP000012" HPOS="3293" VPOS="1053" WIDTH="28"/>
            <String HPOS="3321" VPOS="1053" HEIGHT="35" WIDTH="87" ID="PAG_23_ST000015" WC="0.99" CONTENT="que" STYLEREFS="TXT_27"/>
            <SP ID="PAG_23_SP000013" HPOS="3408" VPOS="1038" WIDTH="26"/>
            <String HPOS="3434" VPOS="1038" HEIGHT="39" WIDTH="110" ID="PAG_23_ST000016" WC="0.91" CONTENT="d'un" STYLEREFS="TXT_27"/>
            <SP ID="PAG_23_SP000014" HPOS="3544" VPOS="1040" WIDTH="26"/>
            <String HPOS="3570" VPOS="1040" HEIGHT="37" WIDTH="96" ID="PAG_23_ST000017" WC="0.89" CONTENT="seul" STYLEREFS="TXT_27"/>
          </TextLine>
          <TextLine HPOS="1913" VPOS="1100" HEIGHT="56" WIDTH="1754" ID="PAG_23_TL000004" STYLEREFS="TXT_27">
            <String HPOS="1913" VPOS="1115" HEIGHT="35" WIDTH="117" ID="PAG_23_ST000018" WC="0.81" CONTENT="coup" STYLEREFS="TXT_27"/>
            <SP ID="PAG_23_SP000015" HPOS="2030" VPOS="1100" WIDTH="30"/>
            <String HPOS="2060" VPOS="1100" HEIGHT="39" WIDTH="124" ID="PAG_23_ST000019" WC="1" CONTENT="d'œil" STYLEREFS="TXT_27"/>
            <SP ID="PAG_23_SP000016" HPOS="2184" VPOS="1116" WIDTH="29"/>
            <String HPOS="2213" VPOS="1116" HEIGHT="24" WIDTH="55" ID="PAG_23_ST000020" WC="1" CONTENT="en" STYLEREFS="TXT_27"/>
            <SP ID="PAG_23_SP000017" HPOS="2268" VPOS="1102" WIDTH="34"/>
            <String HPOS="2302" VPOS="1102" HEIGHT="37" WIDTH="108" ID="PAG_23_ST000021" WC="0.80" CONTENT="biais" STYLEREFS="TXT_27"/>
            <SP ID="PAG_23_SP000018" HPOS="2410" VPOS="1116" WIDTH="32"/>
            <String HPOS="2442" VPOS="1116" HEIGHT="23" WIDTH="76" ID="PAG_23_ST000022" WC="0.79" CONTENT="sur" STYLEREFS="TXT_27"/>
            <SP ID="PAG_23_SP000019" HPOS="2518" VPOS="1112" WIDTH="31"/>
            <String HPOS="2549" VPOS="1112" HEIGHT="29" WIDTH="124" ID="PAG_23_ST000023" WC="0.98" CONTENT="voire" STYLEREFS="TXT_27"/>
            <SP ID="PAG_23_SP000020" HPOS="2673" VPOS="1105" WIDTH="28"/>
            <String HPOS="2701" VPOS="1105" HEIGHT="45" WIDTH="191" ID="PAG_23_ST000024" WC="0.97" CONTENT="assiette," STYLEREFS="TXT_27"/>
            <SP ID="PAG_23_SP000021" HPOS="2892" VPOS="1104" WIDTH="32"/>
            <String HPOS="2924" VPOS="1104" HEIGHT="39" WIDTH="84" ID="PAG_23_ST000025" WC="1" CONTENT="elle" STYLEREFS="TXT_27"/>
            <SP ID="PAG_23_SP000022" HPOS="3008" VPOS="1120" WIDTH="49"/>
            <String HPOS="3057" VPOS="1120" HEIGHT="24" WIDTH="107" ID="PAG_23_ST000026" WC="1" CONTENT="vous" STYLEREFS="TXT_27"/>
            <SP ID="PAG_23_SP000023" HPOS="3164" VPOS="1106" WIDTH="47"/>
            <String HPOS="3211" VPOS="1106" HEIGHT="38" WIDTH="141" ID="PAG_23_ST000027" WC="1" CONTENT="libère" STYLEREFS="TXT_27"/>
            <SP ID="PAG_23_SP000024" HPOS="3352" VPOS="1105" WIDTH="29"/>
            <String HPOS="3381" VPOS="1105" HEIGHT="39" WIDTH="56" ID="PAG_23_ST000028" WC="1" CONTENT="de" STYLEREFS="TXT_27"/>
            <SP ID="PAG_23_SP000025" HPOS="3437" VPOS="1107" WIDTH="30"/>
            <String HPOS="3467" VPOS="1107" HEIGHT="37" WIDTH="41" ID="PAG_23_ST000029" WC="1" CONTENT="la" STYLEREFS="TXT_27"/>
            <SP ID="PAG_23_SP000026" HPOS="3508" VPOS="1121" WIDTH="46"/>
            <String HPOS="3554" VPOS="1121" HEIGHT="35" WIDTH="113" ID="PAG_23_ST000030" WC="1" CONTENT="peur" STYLEREFS="TXT_27"/>
          </TextLine>
          <TextLine HPOS="1917" VPOS="1168" HEIGHT="56" WIDTH="1753" ID="PAG_23_TL000005" STYLEREFS="TXT_27">
            <String HPOS="1917" VPOS="1168" HEIGHT="50" WIDTH="310" ID="PAG_23_ST000031" WC="0.93" CONTENT="(l'engraisser." STYLEREFS="TXT_27"/>
            <SP ID="PAG_23_SP000027" HPOS="2227" VPOS="1169" WIDTH="41"/>
            <String HPOS="2268" VPOS="1169" HEIGHT="47" WIDTH="198" ID="PAG_23_ST000032" WC="1" CONTENT="Ensuite," STYLEREFS="TXT_27"/>
            <SP ID="PAG_23_SP000028" HPOS="2466" VPOS="1184" WIDTH="35"/>
            <String HPOS="2501" VPOS="1184" HEIGHT="35" WIDTH="135" ID="PAG_23_ST000033" WC="1" CONTENT="parce" STYLEREFS="TXT_27"/>
            <SP ID="PAG_23_SP000029" HPOS="2636" VPOS="1170" WIDTH="52"/>
            <String HPOS="2688" VPOS="1170" HEIGHT="49" WIDTH="184" ID="PAG_23_ST000034" WC="1" CONTENT="qu'avec" STYLEREFS="TXT_27"/>
            <SP ID="PAG_23_SP000030" HPOS="2872" VPOS="1172" WIDTH="24"/>
            <String HPOS="2896" VPOS="1172" HEIGHT="38" WIDTH="84" ID="PAG_23_ST000035" WC="1" CONTENT="elle" STYLEREFS="TXT_27"/>
            <SP ID="PAG_23_SP000031" HPOS="2980" VPOS="1186" WIDTH="40"/>
            <String HPOS="3020" VPOS="1186" HEIGHT="24" WIDTH="92" ID="PAG_23_ST000036" WC="1" CONTENT="non" STYLEREFS="TXT_27"/>
            <SP ID="PAG_23_SP000032" HPOS="3112" VPOS="1173" WIDTH="24"/>
            <String HPOS="3136" VPOS="1173" HEIGHT="38" WIDTH="247" ID="PAG_23_ST000037" WC="1" CONTENT="seulement" STYLEREFS="TXT_27"/>
            <SP ID="PAG_23_SP000033" HPOS="3383" VPOS="1188" WIDTH="26"/>
            <String HPOS="3409" VPOS="1188" HEIGHT="23" WIDTH="59" ID="PAG_23_ST000038" WC="1" CONTENT="on" STYLEREFS="TXT_27"/>
            <SP ID="PAG_23_SP000034" HPOS="3468" VPOS="1187" WIDTH="27"/>
            <String HPOS="3495" VPOS="1187" HEIGHT="37" WIDTH="175" ID="PAG_23_ST000039" WC="1" CONTENT="mange," STYLEREFS="TXT_27"/>
          </TextLine>
          <TextLine HPOS="1919" VPOS="1236" HEIGHT="49" WIDTH="1752" ID="PAG_23_TL000006" STYLEREFS="TXT_27">
            <String HPOS="1919" VPOS="1238" HEIGHT="36" WIDTH="110" ID="PAG_23_ST000040" WC="0.99" CONTENT="mais" STYLEREFS="TXT_27"/>
            <SP ID="PAG_23_SP000035" HPOS="2029" VPOS="1236" WIDTH="32"/>
            <String HPOS="2061" VPOS="1236" HEIGHT="38" WIDTH="84" ID="PAG_23_ST000041" WC="1" CONTENT="elle" STYLEREFS="TXT_27"/>
            <SP ID="PAG_23_SP000036" HPOS="2145" VPOS="1238" WIDTH="30"/>
            <String HPOS="2175" VPOS="1238" HEIGHT="36" WIDTH="81" ID="PAG_23_ST000042" WC="0.99" CONTENT="sait" STYLEREFS="TXT_27"/>
            <SP ID="PAG_23_SP000037" HPOS="2256" VPOS="1237" WIDTH="32"/>
            <String HPOS="2288" VPOS="1237" HEIGHT="48" WIDTH="152" ID="PAG_23_ST000043" WC="0.98" CONTENT="parlet" STYLEREFS="TXT_27"/>
            <SP ID="PAG_23_SP000038" HPOS="2440" VPOS="1239" WIDTH="27"/>
            <String HPOS="2467" VPOS="1239" HEIGHT="36" WIDTH="171" ID="PAG_23_ST000044" WC="0.94" CONTENT="cuisine" STYLEREFS="TXT_27"/>
            <SP ID="PAG_23_SP000039" HPOS="2638" VPOS="1247" WIDTH="29"/>
            <String HPOS="2667" VPOS="1247" HEIGHT="30" WIDTH="42" ID="PAG_23_ST000045" WC="1" CONTENT="et" STYLEREFS="TXT_27"/>
            <SP ID="PAG_23_SP000040" HPOS="2709" VPOS="1253" WIDTH="30"/>
            <String HPOS="2739" VPOS="1253" HEIGHT="23" WIDTH="111" ID="PAG_23_ST000046" WC="1" CONTENT="vous" STYLEREFS="TXT_27"/>
            <SP ID="PAG_23_SP000041" HPOS="2850" VPOS="1238" WIDTH="33"/>
            <String HPOS="2883" VPOS="1238" HEIGHT="39" WIDTH="175" ID="PAG_23_ST000047" WC="1" CONTENT="donner" STYLEREFS="TXT_27"/>
            <SP ID="PAG_23_SP000042" HPOS="3058" VPOS="1240" WIDTH="33"/>
            <String HPOS="3091" VPOS="1240" HEIGHT="37" WIDTH="62" ID="PAG_23_ST000048" WC="1" CONTENT="les" STYLEREFS="TXT_27"/>
            <SP ID="PAG_23_SP000043" HPOS="3153" VPOS="1241" WIDTH="33"/>
            <String HPOS="3186" VPOS="1241" HEIGHT="38" WIDTH="255" ID="PAG_23_ST000049" WC="0.99" CONTENT="meilleures" STYLEREFS="TXT_27"/>
            <SP ID="PAG_23_SP000044" HPOS="3441" VPOS="1250" WIDTH="34"/>
            <String HPOS="3475" VPOS="1250" HEIGHT="30" WIDTH="196" ID="PAG_23_ST000050" WC="0.99" CONTENT="recettes." STYLEREFS="TXT_27"/>
          </TextLine>
        </TextBlock>
        <TextBlock HPOS="1376" VPOS="1375" HEIGHT="291" WIDTH="1925" ID="PAG_23_TB000004" LANG="fr" STYLEREFS="TXT_2">
          <TextLine HPOS="1392" VPOS="1375" HEIGHT="53" WIDTH="1909" ID="PAG_23_TL000007" STYLEREFS="TXT_2">
            <String HPOS="1392" VPOS="1384" HEIGHT="44" WIDTH="208" ID="PAG_23_ST000051" WC="0.83" CONTENT="5ur" STYLEREFS="TXT_27"/>
            <SP ID="PAG_23_SP000045" HPOS="1600" VPOS="1375" WIDTH="21"/>
            <String HPOS="1621" VPOS="1375" HEIGHT="36" WIDTH="37" ID="PAG_23_ST000052" WC="1" CONTENT="la" STYLEREFS="TXT_2"/>
            <SP ID="PAG_23_SP000046" HPOS="1658" VPOS="1375" WIDTH="24"/>
            <String HPOS="1682" VPOS="1375" HEIGHT="35" WIDTH="54" ID="PAG_23_ST000053" WC="1" CONTENT="foi" STYLEREFS="TXT_2"/>
            <SP ID="PAG_23_SP000047" HPOS="1736" VPOS="1377" WIDTH="22"/>
            <String HPOS="1758" VPOS="1377" HEIGHT="34" WIDTH="111" ID="PAG_23_ST000054" WC="1" CONTENT="d'une" STYLEREFS="TXT_2"/>
            <SP ID="PAG_23_SP000048" HPOS="1869" VPOS="1377" WIDTH="22"/>
            <String HPOS="1891" VPOS="1377" HEIGHT="36" WIDTH="120" ID="PAG_23_ST000055" WC="1" CONTENT="solide" STYLEREFS="TXT_2"/>
            <SP ID="PAG_23_SP000049" HPOS="2011" VPOS="1377" WIDTH="24"/>
            <String HPOS="2035" VPOS="1377" HEIGHT="45" WIDTH="216" ID="PAG_23_ST000056" WC="1" CONTENT="réputation" STYLEREFS="TXT_2"/>
            <SP ID="PAG_23_SP000050" HPOS="2251" VPOS="1379" WIDTH="22"/>
            <String HPOS="2273" VPOS="1379" HEIGHT="36" WIDTH="46" ID="PAG_23_ST000057" WC="1" CONTENT="de" STYLEREFS="TXT_2"/>
            <SP ID="PAG_23_SP000051" HPOS="2319" VPOS="1381" WIDTH="21"/>
            <String HPOS="2340" VPOS="1381" HEIGHT="43" WIDTH="249" ID="PAG_23_ST000058" WC="1" CONTENT="gourmande," STYLEREFS="TXT_2"/>
            <SP ID="PAG_23_SP000052" HPOS="2589" VPOS="1382" WIDTH="22"/>
            <String HPOS="2611" VPOS="1382" HEIGHT="35" WIDTH="159" ID="PAG_23_ST000059" WC="1" CONTENT="nombre" STYLEREFS="TXT_2"/>
            <SP ID="PAG_23_SP000053" HPOS="2770" VPOS="1382" WIDTH="21"/>
            <String HPOS="2791" VPOS="1382" HEIGHT="35" WIDTH="47" ID="PAG_23_ST000060" WC="1" CONTENT="de" STYLEREFS="TXT_2"/>
            <SP ID="PAG_23_SP000054" HPOS="2838" VPOS="1382" WIDTH="22"/>
            <String HPOS="2860" VPOS="1382" HEIGHT="36" WIDTH="175" ID="PAG_23_ST000061" WC="1" CONTENT="lectrices" STYLEREFS="TXT_2"/>
            <SP ID="PAG_23_SP000055" HPOS="3035" VPOS="1395" WIDTH="21"/>
            <String HPOS="3056" VPOS="1395" HEIGHT="23" WIDTH="48" ID="PAG_23_ST000062" WC="1" CONTENT="ne" STYLEREFS="TXT_2"/>
            <SP ID="PAG_23_SP000056" HPOS="3104" VPOS="1384" WIDTH="22"/>
            <String HPOS="3126" VPOS="1384" HEIGHT="35" WIDTH="145" ID="PAG_23_ST000063" WC="1" CONTENT="m'ima-" SUBS_TYPE="HypPart1" SUBS_CONTENT="m'imaginent" STYLEREFS="TXT_2"/>
            <HYP HPOS="3271" VPOS="1419" WIDTH="30" CONTENT="-"/>
          </TextLine>
          <TextLine HPOS="1547" VPOS="1427" HEIGHT="48" WIDTH="1720" ID="PAG_23_TL000008" STYLEREFS="TXT_2">
            <String HPOS="1547" VPOS="1427" HEIGHT="44" WIDTH="133" ID="PAG_23_ST000064" WC="1" CONTENT="ginent" SUBS_TYPE="HypPart2" SUBS_CONTENT="m'imaginent" STYLEREFS="TXT_2"/>
            <SP ID="PAG_23_SP000057" HPOS="1680" VPOS="1427" WIDTH="24"/>
            <String HPOS="1704" VPOS="1427" HEIGHT="44" WIDTH="240" ID="PAG_23_ST000065" WC="1" CONTENT="qu'attablée," STYLEREFS="TXT_2"/>
            <SP ID="PAG_23_SP000058" HPOS="1944" VPOS="1429" WIDTH="25"/>
            <String HPOS="1969" VPOS="1429" HEIGHT="36" WIDTH="187" ID="PAG_23_ST000066" WC="1" CONTENT="encadrée" STYLEREFS="TXT_2"/>
            <SP ID="PAG_23_SP000059" HPOS="2156" VPOS="1431" WIDTH="25"/>
            <String HPOS="2181" VPOS="1431" HEIGHT="34" WIDTH="46" ID="PAG_23_ST000067" WC="1" CONTENT="de" STYLEREFS="TXT_2"/>
            <SP ID="PAG_23_SP000060" HPOS="2227" VPOS="1430" WIDTH="26"/>
            <String HPOS="2253" VPOS="1430" HEIGHT="44" WIDTH="107" ID="PAG_23_ST000068" WC="1" CONTENT="pâtés" STYLEREFS="TXT_2"/>
            <SP ID="PAG_23_SP000061" HPOS="2360" VPOS="1439" WIDTH="27"/>
            <String HPOS="2387" VPOS="1439" HEIGHT="27" WIDTH="37" ID="PAG_23_ST000069" WC="1" CONTENT="et" STYLEREFS="TXT_2"/>
            <SP ID="PAG_23_SP000062" HPOS="2424" VPOS="1432" WIDTH="25"/>
            <String HPOS="2449" VPOS="1432" HEIGHT="35" WIDTH="45" ID="PAG_23_ST000070" WC="1" CONTENT="de" STYLEREFS="TXT_2"/>
            <SP ID="PAG_23_SP000063" HPOS="2494" VPOS="1432" WIDTH="28"/>
            <String HPOS="2522" VPOS="1432" HEIGHT="43" WIDTH="161" ID="PAG_23_ST000071" WC="1" CONTENT="flacons," STYLEREFS="TXT_2"/>
            <SP ID="PAG_23_SP000064" HPOS="2683" VPOS="1444" WIDTH="27"/>
            <String HPOS="2710" VPOS="1444" HEIGHT="24" WIDTH="145" ID="PAG_23_ST000072" WC="1" CONTENT="comme" STYLEREFS="TXT_2"/>
            <SP ID="PAG_23_SP000065" HPOS="2855" VPOS="1434" WIDTH="24"/>
            <String HPOS="2879" VPOS="1434" HEIGHT="41" WIDTH="36" ID="PAG_23_ST000073" WC="0.93" CONTENT="Je" STYLEREFS="TXT_2"/>
            <SP ID="PAG_23_SP000066" HPOS="2915" VPOS="1447" WIDTH="34"/>
            <String HPOS="2949" VPOS="1447" HEIGHT="21" WIDTH="19" ID="PAG_23_ST000074" WC="1" CONTENT="«" STYLEREFS="TXT_2"/>
            <SP ID="PAG_23_SP000067" HPOS="2968" VPOS="1434" WIDTH="29"/>
            <String HPOS="2997" VPOS="1434" HEIGHT="36" WIDTH="224" ID="PAG_23_ST000075" WC="1" CONTENT="Gourmand" STYLEREFS="TXT_2"/>
            <SP ID="PAG_23_SP000068" HPOS="3221" VPOS="1448" WIDTH="28"/>
            <String HPOS="3249" VPOS="1448" HEIGHT="21" WIDTH="18" ID="PAG_23_ST000076" WC="0.95" CONTENT="»" STYLEREFS="TXT_2"/>
          </TextLine>
          <TextLine HPOS="1547" VPOS="1478" HEIGHT="47" WIDTH="1723" ID="PAG_23_TL000009" STYLEREFS="TXT_2">
            <String HPOS="1547" VPOS="1478" HEIGHT="35" WIDTH="113" ID="PAG_23_ST000077" WC="1" CONTENT="d'une" STYLEREFS="TXT_2"/>
            <SP ID="PAG_23_SP000069" HPOS="1660" VPOS="1479" WIDTH="29"/>
            <String HPOS="1689" VPOS="1479" HEIGHT="44" WIDTH="180" ID="PAG_23_ST000078" WC="1" CONTENT="enseigne" STYLEREFS="TXT_2"/>
            <SP ID="PAG_23_SP000070" HPOS="1869" VPOS="1480" WIDTH="28"/>
            <String HPOS="1897" VPOS="1480" HEIGHT="35" WIDTH="159" ID="PAG_23_ST000079" WC="1" CONTENT="célèbre." STYLEREFS="TXT_2"/>
            <SP ID="PAG_23_SP000071" HPOS="2056" VPOS="1480" WIDTH="30"/>
            <String HPOS="2086" VPOS="1480" HEIGHT="36" WIDTH="103" ID="PAG_23_ST000080" WC="1" CONTENT="C'est" STYLEREFS="TXT_2"/>
            <SP ID="PAG_23_SP000072" HPOS="2189" VPOS="1489" WIDTH="28"/>
            <String HPOS="2217" VPOS="1489" HEIGHT="36" WIDTH="86" ID="PAG_23_ST000081" WC="1" CONTENT="trop" STYLEREFS="TXT_2"/>
            <SP ID="PAG_23_SP000073" HPOS="2303" VPOS="1494" WIDTH="29"/>
            <String HPOS="2332" VPOS="1494" HEIGHT="23" WIDTH="60" ID="PAG_23_ST000082" WC="1" CONTENT="me" STYLEREFS="TXT_2"/>
            <SP ID="PAG_23_SP000074" HPOS="2392" VPOS="1482" WIDTH="30"/>
            <String HPOS="2422" VPOS="1482" HEIGHT="36" WIDTH="142" ID="PAG_23_ST000083" WC="1" CONTENT="flatter." STYLEREFS="TXT_2"/>
            <SP ID="PAG_23_SP000075" HPOS="2564" VPOS="1483" WIDTH="33"/>
            <String HPOS="2597" VPOS="1483" HEIGHT="35" WIDTH="102" ID="PAG_23_ST000084" WC="1" CONTENT="C'est" STYLEREFS="TXT_2"/>
            <SP ID="PAG_23_SP000076" HPOS="2699" VPOS="1484" WIDTH="29"/>
            <String HPOS="2728" VPOS="1484" HEIGHT="36" WIDTH="121" ID="PAG_23_ST000085" WC="1" CONTENT="même" STYLEREFS="TXT_2"/>
            <SP ID="PAG_23_SP000077" HPOS="2849" VPOS="1481" WIDTH="31"/>
            <String HPOS="2880" VPOS="1481" HEIGHT="43" WIDTH="170" ID="PAG_23_ST000086" WC="0.86" CONTENT="embellir" STYLEREFS="TXT_2"/>
            <SP ID="PAG_23_SP000078" HPOS="3050" VPOS="1486" WIDTH="31"/>
            <String HPOS="3081" VPOS="1486" HEIGHT="34" WIDTH="36" ID="PAG_23_ST000087" WC="1" CONTENT="la" STYLEREFS="TXT_2"/>
            <SP ID="PAG_23_SP000079" HPOS="3117" VPOS="1486" WIDTH="28"/>
            <String HPOS="3145" VPOS="1486" HEIGHT="35" WIDTH="125" ID="PAG_23_ST000088" WC="1" CONTENT="vérité" STYLEREFS="TXT_2"/>
          </TextLine>
          <TextLine HPOS="1553" VPOS="1530" HEIGHT="51" WIDTH="1714" ID="PAG_23_TL000010" STYLEREFS="TXT_2">
            <String HPOS="1553" VPOS="1541" HEIGHT="32" WIDTH="71" ID="PAG_23_ST000089" WC="1" CONTENT="que" STYLEREFS="TXT_2"/>
            <SP ID="PAG_23_SP000080" HPOS="1624" VPOS="1530" WIDTH="25"/>
            <String HPOS="1649" VPOS="1530" HEIGHT="35" WIDTH="46" ID="PAG_23_ST000090" WC="1" CONTENT="de" STYLEREFS="TXT_2"/>
            <SP ID="PAG_23_SP000081" HPOS="1695" VPOS="1542" WIDTH="26"/>
            <String HPOS="1721" VPOS="1542" HEIGHT="23" WIDTH="58" ID="PAG_23_ST000091" WC="1" CONTENT="me" STYLEREFS="TXT_2"/>
            <SP ID="PAG_23_SP000082" HPOS="1779" VPOS="1532" WIDTH="25"/>
            <String HPOS="1804" VPOS="1532" HEIGHT="42" WIDTH="165" ID="PAG_23_ST000092" WC="1" CONTENT="prendre" STYLEREFS="TXT_2"/>
            <SP ID="PAG_23_SP000083" HPOS="1969" VPOS="1543" WIDTH="25"/>
            <String HPOS="1994" VPOS="1543" HEIGHT="33" WIDTH="96" ID="PAG_23_ST000093" WC="1" CONTENT="pour" STYLEREFS="TXT_2"/>
            <SP ID="PAG_23_SP000084" HPOS="2090" VPOS="1545" WIDTH="25"/>
            <String HPOS="2115" VPOS="1545" HEIGHT="23" WIDTH="51" ID="PAG_23_ST000094" WC="1" CONTENT="un" STYLEREFS="TXT_2"/>
            <SP ID="PAG_23_SP000085" HPOS="2166" VPOS="1533" WIDTH="25"/>
            <String HPOS="2191" VPOS="1533" HEIGHT="36" WIDTH="144" ID="PAG_23_ST000095" WC="1" CONTENT="cordon" STYLEREFS="TXT_2"/>
            <SP ID="PAG_23_SP000086" HPOS="2335" VPOS="1534" WIDTH="25"/>
            <String HPOS="2360" VPOS="1534" HEIGHT="42" WIDTH="96" ID="PAG_23_ST000096" WC="1" CONTENT="bleu," STYLEREFS="TXT_2"/>
            <SP ID="PAG_23_SP000087" HPOS="2456" VPOS="1535" WIDTH="26"/>
            <String HPOS="2482" VPOS="1535" HEIGHT="35" WIDTH="102" ID="PAG_23_ST000097" WC="1" CONTENT="alors" STYLEREFS="TXT_2"/>
            <SP ID="PAG_23_SP000088" HPOS="2584" VPOS="1547" WIDTH="25"/>
            <String HPOS="2609" VPOS="1547" HEIGHT="32" WIDTH="72" ID="PAG_23_ST000098" WC="1" CONTENT="que" STYLEREFS="TXT_2"/>
            <SP ID="PAG_23_SP000089" HPOS="2681" VPOS="1535" WIDTH="25"/>
            <String HPOS="2706" VPOS="1535" HEIGHT="44" WIDTH="40" ID="PAG_23_ST000099" WC="1" CONTENT="je" STYLEREFS="TXT_2"/>
            <SP ID="PAG_23_SP000090" HPOS="2746" VPOS="1536" WIDTH="26"/>
            <String HPOS="2772" VPOS="1536" HEIGHT="35" WIDTH="78" ID="PAG_23_ST000100" WC="1" CONTENT="suis" STYLEREFS="TXT_2"/>
            <SP ID="PAG_23_SP000091" HPOS="2850" VPOS="1537" WIDTH="26"/>
            <String HPOS="2876" VPOS="1537" HEIGHT="37" WIDTH="209" ID="PAG_23_ST000101" WC="1" CONTENT="seulement" STYLEREFS="TXT_2"/>
            <SP ID="PAG_23_SP000092" HPOS="3085" VPOS="1538" WIDTH="26"/>
            <String HPOS="3111" VPOS="1538" HEIGHT="43" WIDTH="156" ID="PAG_23_ST000102" WC="1" CONTENT="capable" STYLEREFS="TXT_2"/>
          </TextLine>
          <TextLine HPOS="1376" VPOS="1580" HEIGHT="50" WIDTH="1892" ID="PAG_23_TL000011" STYLEREFS="TXT_2">
            <String HPOS="1376" VPOS="1583" HEIGHT="30" WIDTH="46" ID="PAG_23_ST000103" WC="1" CONTENT="de" STYLEREFS="TXT_2"/>
            <SP ID="PAG_23_SP000093" HPOS="1422" VPOS="1590" WIDTH="21"/>
            <String HPOS="1443" VPOS="1590" HEIGHT="40" WIDTH="219" ID="PAG_23_ST000104" WC="1" CONTENT="gouverner" STYLEREFS="TXT_2"/>
            <SP ID="PAG_23_SP000094" HPOS="1662" VPOS="1580" WIDTH="22"/>
            <String HPOS="1684" VPOS="1580" HEIGHT="36" WIDTH="229" ID="PAG_23_ST000105" WC="1" CONTENT="l'exécution" STYLEREFS="TXT_2"/>
            <SP ID="PAG_23_SP000095" HPOS="1913" VPOS="1582" WIDTH="22"/>
            <String HPOS="1935" VPOS="1582" HEIGHT="35" WIDTH="89" ID="PAG_23_ST000106" WC="1" CONTENT="d'un" STYLEREFS="TXT_2"/>
            <SP ID="PAG_23_SP000096" HPOS="2024" VPOS="1583" WIDTH="25"/>
            <String HPOS="2049" VPOS="1583" HEIGHT="40" WIDTH="88" ID="PAG_23_ST000107" WC="1" CONTENT="plat," STYLEREFS="TXT_2"/>
            <SP ID="PAG_23_SP000097" HPOS="2137" VPOS="1589" WIDTH="24"/>
            <String HPOS="2161" VPOS="1589" HEIGHT="29" WIDTH="38" ID="PAG_23_ST000108" WC="1" CONTENT="et" STYLEREFS="TXT_2"/>
            <SP ID="PAG_23_SP000098" HPOS="2199" VPOS="1585" WIDTH="23"/>
            <String HPOS="2222" VPOS="1585" HEIGHT="34" WIDTH="147" ID="PAG_23_ST000109" WC="1" CONTENT="donner" STYLEREFS="TXT_2"/>
            <SP ID="PAG_23_SP000099" HPOS="2369" VPOS="1586" WIDTH="21"/>
            <String HPOS="2390" VPOS="1586" HEIGHT="33" WIDTH="67" ID="PAG_23_ST000110" WC="1" CONTENT="des" STYLEREFS="TXT_2"/>
            <SP ID="PAG_23_SP000100" HPOS="2457" VPOS="1586" WIDTH="25"/>
            <String HPOS="2482" VPOS="1586" HEIGHT="34" WIDTH="163" ID="PAG_23_ST000111" WC="1" CONTENT="conseils" STYLEREFS="TXT_2"/>
            <SP ID="PAG_23_SP000101" HPOS="2645" VPOS="1592" WIDTH="24"/>
            <String HPOS="2669" VPOS="1592" HEIGHT="29" WIDTH="82" ID="PAG_23_ST000112" WC="1" CONTENT="tout" STYLEREFS="TXT_2"/>
            <SP ID="PAG_23_SP000102" HPOS="2751" VPOS="1586" WIDTH="24"/>
            <String HPOS="2775" VPOS="1586" HEIGHT="40" WIDTH="140" ID="PAG_23_ST000113" WC="1" CONTENT="égayés" STYLEREFS="TXT_2"/>
            <SP ID="PAG_23_SP000103" HPOS="2915" VPOS="1587" WIDTH="23"/>
            <String HPOS="2938" VPOS="1587" HEIGHT="36" WIDTH="46" ID="PAG_23_ST000114" WC="1" CONTENT="de" STYLEREFS="TXT_2"/>
            <SP ID="PAG_23_SP000104" HPOS="2984" VPOS="1588" WIDTH="23"/>
            <String HPOS="3007" VPOS="1588" HEIGHT="38" WIDTH="261" ID="PAG_23_ST000115" WC="1" CONTENT="gastronomie" STYLEREFS="TXT_2"/>
          </TextLine>
          <TextLine HPOS="1378" VPOS="1629" HEIGHT="37" WIDTH="172" ID="PAG_23_TL000012" STYLEREFS="TXT_2">
            <String HPOS="1378" VPOS="1629" HEIGHT="37" WIDTH="172" ID="PAG_23_ST000116" WC="1" CONTENT="éclairée." STYLEREFS="TXT_2"/>
          </TextLine>
        </TextBlock>
        <TextBlock HPOS="1370" VPOS="1681" HEIGHT="303" WIDTH="1925" ID="PAG_23_TB000005" LANG="fr" STYLEREFS="TXT_2">
          <TextLine HPOS="1428" VPOS="1681" HEIGHT="52" WIDTH="1839" ID="PAG_23_TL000013" STYLEREFS="TXT_2">
            <String HPOS="1428" VPOS="1681" HEIGHT="34" WIDTH="58" ID="PAG_23_ST000117" WC="1" CONTENT="En" STYLEREFS="TXT_2"/>
            <SP ID="PAG_23_SP000105" HPOS="1486" VPOS="1682" WIDTH="25"/>
            <String HPOS="1511" VPOS="1682" HEIGHT="35" WIDTH="157" ID="PAG_23_ST000118" WC="1" CONTENT="matière" STYLEREFS="TXT_2"/>
            <SP ID="PAG_23_SP000106" HPOS="1668" VPOS="1683" WIDTH="24"/>
            <String HPOS="1692" VPOS="1683" HEIGHT="35" WIDTH="46" ID="PAG_23_ST000119" WC="1" CONTENT="de" STYLEREFS="TXT_2"/>
            <SP ID="PAG_23_SP000107" HPOS="1738" VPOS="1684" WIDTH="23"/>
            <String HPOS="1761" VPOS="1684" HEIGHT="42" WIDTH="155" ID="PAG_23_ST000120" WC="1" CONTENT="cuisine," STYLEREFS="TXT_2"/>
            <SP ID="PAG_23_SP000108" HPOS="1916" VPOS="1684" WIDTH="26"/>
            <String HPOS="1942" VPOS="1684" HEIGHT="44" WIDTH="253" ID="PAG_23_ST000121" WC="1" CONTENT="l'inspiration" STYLEREFS="TXT_2"/>
            <SP ID="PAG_23_SP000109" HPOS="2195" VPOS="1686" WIDTH="25"/>
            <String HPOS="2220" VPOS="1686" HEIGHT="35" WIDTH="62" ID="PAG_23_ST000122" WC="1" CONTENT="n'a" STYLEREFS="TXT_2"/>
            <SP ID="PAG_23_SP000110" HPOS="2282" VPOS="1686" WIDTH="21"/>
            <String HPOS="2303" VPOS="1686" HEIGHT="43" WIDTH="141" ID="PAG_23_ST000123" WC="1" CONTENT="jamais" STYLEREFS="TXT_2"/>
            <SP ID="PAG_23_SP000111" HPOS="2444" VPOS="1687" WIDTH="23"/>
            <String HPOS="2467" VPOS="1687" HEIGHT="35" WIDTH="90" ID="PAG_23_ST000124" WC="1" CONTENT="valu" STYLEREFS="TXT_2"/>
            <SP ID="PAG_23_SP000112" HPOS="2557" VPOS="1688" WIDTH="23"/>
            <String HPOS="2580" VPOS="1688" HEIGHT="43" WIDTH="264" ID="PAG_23_ST000125" WC="1" CONTENT="grand'chose," STYLEREFS="TXT_2"/>
            <SP ID="PAG_23_SP000113" HPOS="2844" VPOS="1695" WIDTH="26"/>
            <String HPOS="2870" VPOS="1695" HEIGHT="29" WIDTH="37" ID="PAG_23_ST000126" WC="1" CONTENT="et" STYLEREFS="TXT_2"/>
            <SP ID="PAG_23_SP000114" HPOS="2907" VPOS="1689" WIDTH="21"/>
            <String HPOS="2928" VPOS="1689" HEIGHT="44" WIDTH="40" ID="PAG_23_ST000127" WC="1" CONTENT="je" STYLEREFS="TXT_2"/>
            <SP ID="PAG_23_SP000115" HPOS="2968" VPOS="1701" WIDTH="24"/>
            <String HPOS="2992" VPOS="1701" HEIGHT="24" WIDTH="47" ID="PAG_23_ST000128" WC="1" CONTENT="ne" STYLEREFS="TXT_2"/>
            <SP ID="PAG_23_SP000116" HPOS="3039" VPOS="1689" WIDTH="24"/>
            <String HPOS="3063" VPOS="1689" HEIGHT="36" WIDTH="204" ID="PAG_23_ST000129" WC="1" CONTENT="m'attache" STYLEREFS="TXT_2"/>
          </TextLine>
          <TextLine HPOS="1374" VPOS="1732" HEIGHT="49" WIDTH="1892" ID="PAG_23_TL000014" STYLEREFS="TXT_2">
            <String HPOS="1374" VPOS="1732" HEIGHT="43" WIDTH="118" ID="PAG_23_ST000130" WC="1" CONTENT="guère" STYLEREFS="TXT_2"/>
            <SP ID="PAG_23_SP000117" HPOS="1492" VPOS="1733" WIDTH="28"/>
            <String HPOS="1520" VPOS="1733" HEIGHT="44" WIDTH="87" ID="PAG_23_ST000131" WC="1" CONTENT="qu'à" STYLEREFS="TXT_2"/>
            <SP ID="PAG_23_SP000118" HPOS="1607" VPOS="1734" WIDTH="28"/>
            <String HPOS="1635" VPOS="1734" HEIGHT="34" WIDTH="36" ID="PAG_23_ST000132" WC="1" CONTENT="la" STYLEREFS="TXT_2"/>
            <SP ID="PAG_23_SP000119" HPOS="1671" VPOS="1735" WIDTH="30"/>
            <String HPOS="1701" VPOS="1735" HEIGHT="35" WIDTH="193" ID="PAG_23_ST000133" WC="1" CONTENT="tradition." STYLEREFS="TXT_2"/>
            <SP ID="PAG_23_SP000120" HPOS="1894" VPOS="1736" WIDTH="34"/>
            <String HPOS="1928" VPOS="1736" HEIGHT="34" WIDTH="62" ID="PAG_23_ST000134" WC="1" CONTENT="Un" STYLEREFS="TXT_2"/>
            <SP ID="PAG_23_SP000121" HPOS="1990" VPOS="1736" WIDTH="31"/>
            <String HPOS="2021" VPOS="1736" HEIGHT="34" WIDTH="73" ID="PAG_23_ST000135" WC="1" CONTENT="bon" STYLEREFS="TXT_2"/>
            <SP ID="PAG_23_SP000122" HPOS="2094" VPOS="1737" WIDTH="31"/>
            <String HPOS="2125" VPOS="1737" HEIGHT="43" WIDTH="78" ID="PAG_23_ST000136" WC="1" CONTENT="plat" STYLEREFS="TXT_2"/>
            <SP ID="PAG_23_SP000123" HPOS="2203" VPOS="1744" WIDTH="29"/>
            <String HPOS="2232" VPOS="1744" HEIGHT="28" WIDTH="56" ID="PAG_23_ST000137" WC="1" CONTENT="est" STYLEREFS="TXT_2"/>
            <SP ID="PAG_23_SP000124" HPOS="2288" VPOS="1737" WIDTH="30"/>
            <String HPOS="2318" VPOS="1737" HEIGHT="43" WIDTH="185" ID="PAG_23_ST000138" WC="1" CONTENT="l'affaire," STYLEREFS="TXT_2"/>
            <SP ID="PAG_23_SP000125" HPOS="2503" VPOS="1746" WIDTH="31"/>
            <String HPOS="2534" VPOS="1746" HEIGHT="28" WIDTH="117" ID="PAG_23_ST000139" WC="1" CONTENT="avant" STYLEREFS="TXT_2"/>
            <SP ID="PAG_23_SP000126" HPOS="2651" VPOS="1746" WIDTH="32"/>
            <String HPOS="2683" VPOS="1746" HEIGHT="35" WIDTH="92" ID="PAG_23_ST000140" WC="1" CONTENT="tout," STYLEREFS="TXT_2"/>
            <SP ID="PAG_23_SP000127" HPOS="2775" VPOS="1740" WIDTH="31"/>
            <String HPOS="2806" VPOS="1740" HEIGHT="35" WIDTH="45" ID="PAG_23_ST000141" WC="1" CONTENT="de" STYLEREFS="TXT_2"/>
            <SP ID="PAG_23_SP000128" HPOS="2851" VPOS="1740" WIDTH="32"/>
            <String HPOS="2883" VPOS="1740" HEIGHT="36" WIDTH="238" ID="PAG_23_ST000142" WC="1" CONTENT="modération" STYLEREFS="TXT_2"/>
            <SP ID="PAG_23_SP000129" HPOS="3121" VPOS="1748" WIDTH="33"/>
            <String HPOS="3154" VPOS="1748" HEIGHT="28" WIDTH="35" ID="PAG_23_ST000143" WC="1" CONTENT="et" STYLEREFS="TXT_2"/>
            <SP ID="PAG_23_SP000130" HPOS="3189" VPOS="1741" WIDTH="31"/>
            <String HPOS="3220" VPOS="1741" HEIGHT="34" WIDTH="46" ID="PAG_23_ST000144" WC="1" CONTENT="de" STYLEREFS="TXT_2"/>
          </TextLine>
          <TextLine HPOS="1373" VPOS="1783" HEIGHT="53" WIDTH="1890" ID="PAG_23_TL000015" STYLEREFS="TXT_2">
            <String HPOS="1373" VPOS="1783" HEIGHT="36" WIDTH="242" ID="PAG_23_ST000145" WC="1" CONTENT="classicisme." STYLEREFS="TXT_2"/>
            <SP ID="PAG_23_SP000131" HPOS="1615" VPOS="1785" WIDTH="24"/>
            <String HPOS="1639" VPOS="1785" HEIGHT="35" WIDTH="159" ID="PAG_23_ST000146" WC="1" CONTENT="Arrière" STYLEREFS="TXT_2"/>
            <SP ID="PAG_23_SP000132" HPOS="1798" VPOS="1786" WIDTH="24"/>
            <String HPOS="1822" VPOS="1786" HEIGHT="35" WIDTH="57" ID="PAG_23_ST000147" WC="0.80" CONTENT="les." STYLEREFS="TXT_2"/>
            <SP ID="PAG_23_SP000133" HPOS="1879" VPOS="1786" WIDTH="20"/>
            <String HPOS="1899" VPOS="1786" HEIGHT="44" WIDTH="124" ID="PAG_23_ST000148" WC="1" CONTENT="épices" STYLEREFS="TXT_2"/>
            <SP ID="PAG_23_SP000134" HPOS="2023" VPOS="1788" WIDTH="24"/>
            <String HPOS="2047" VPOS="1788" HEIGHT="44" WIDTH="385" ID="PAG_23_ST000149" WC="1" CONTENT="coup-de-cymbales," STYLEREFS="TXT_2"/>
            <SP ID="PAG_23_SP000135" HPOS="2432" VPOS="1789" WIDTH="25"/>
            <String HPOS="2457" VPOS="1789" HEIGHT="36" WIDTH="147" ID="PAG_23_ST000150" WC="1" CONTENT="l'alcool" STYLEREFS="TXT_2"/>
            <SP ID="PAG_23_SP000136" HPOS="2604" VPOS="1791" WIDTH="23"/>
            <String HPOS="2627" VPOS="1791" HEIGHT="43" WIDTH="288" ID="PAG_23_ST000151" WC="1" CONTENT="grosse-caisse," STYLEREFS="TXT_2"/>
            <SP ID="PAG_23_SP000137" HPOS="2915" VPOS="1791" WIDTH="26"/>
            <String HPOS="2941" VPOS="1791" HEIGHT="35" WIDTH="36" ID="PAG_23_ST000152" WC="1" CONTENT="la" STYLEREFS="TXT_2"/>
            <SP ID="PAG_23_SP000138" HPOS="2977" VPOS="1791" WIDTH="23"/>
            <String HPOS="3000" VPOS="1791" HEIGHT="45" WIDTH="221" ID="PAG_23_ST000153" WC="1" CONTENT="sauce-jazz" STYLEREFS="TXT_2"/>
            <SP ID="PAG_23_SP000139" HPOS="3221" VPOS="1791" WIDTH="35"/>
            <String HPOS="3256" VPOS="1791" HEIGHT="34" WIDTH="7" ID="PAG_23_ST000154" WC="1" CONTENT="!" STYLEREFS="TXT_2"/>
          </TextLine>
          <TextLine HPOS="1374" VPOS="1834" HEIGHT="51" WIDTH="1891" ID="PAG_23_TL000016" STYLEREFS="TXT_2">
            <String HPOS="1374" VPOS="1834" HEIGHT="36" WIDTH="158" ID="PAG_23_ST000155" WC="1" CONTENT="Arrière" STYLEREFS="TXT_2"/>
            <SP ID="PAG_23_SP000140" HPOS="1532" VPOS="1835" WIDTH="28"/>
            <String HPOS="1560" VPOS="1835" HEIGHT="35" WIDTH="36" ID="PAG_23_ST000156" WC="1" CONTENT="la" STYLEREFS="TXT_2"/>
            <SP ID="PAG_23_SP000141" HPOS="1596" VPOS="1836" WIDTH="27"/>
            <String HPOS="1623" VPOS="1836" HEIGHT="44" WIDTH="226" ID="PAG_23_ST000157" WC="1" CONTENT="goinfrerie," STYLEREFS="TXT_2"/>
            <SP ID="PAG_23_SP000142" HPOS="1849" VPOS="1838" WIDTH="29"/>
            <String HPOS="1878" VPOS="1838" HEIGHT="34" WIDTH="36" ID="PAG_23_ST000158" WC="1" CONTENT="la" STYLEREFS="TXT_2"/>
            <SP ID="PAG_23_SP000143" HPOS="1914" VPOS="1838" WIDTH="27"/>
            <String HPOS="1941" VPOS="1838" HEIGHT="44" WIDTH="267" ID="PAG_23_ST000159" WC="1" CONTENT="gloutonnerie" STYLEREFS="TXT_2"/>
            <SP ID="PAG_23_SP000144" HPOS="2208" VPOS="1845" WIDTH="29"/>
            <String HPOS="2237" VPOS="1845" HEIGHT="29" WIDTH="37" ID="PAG_23_ST000160" WC="1" CONTENT="et" STYLEREFS="TXT_2"/>
            <SP ID="PAG_23_SP000145" HPOS="2274" VPOS="1846" WIDTH="29"/>
            <String HPOS="2303" VPOS="1846" HEIGHT="29" WIDTH="123" ID="PAG_23_ST000161" WC="1" CONTENT="toutes" STYLEREFS="TXT_2"/>
            <SP ID="PAG_23_SP000146" HPOS="2426" VPOS="1847" WIDTH="29"/>
            <String HPOS="2455" VPOS="1847" HEIGHT="29" WIDTH="130" ID="PAG_23_ST000162" WC="1" CONTENT="autres" STYLEREFS="TXT_2"/>
            <SP ID="PAG_23_SP000147" HPOS="2585" VPOS="1841" WIDTH="29"/>
            <String HPOS="2614" VPOS="1841" HEIGHT="44" WIDTH="305" ID="PAG_23_ST000163" WC="1" CONTENT="intempérances" STYLEREFS="TXT_2"/>
            <SP ID="PAG_23_SP000148" HPOS="2919" VPOS="1842" WIDTH="41"/>
            <String HPOS="2960" VPOS="1842" HEIGHT="34" WIDTH="7" ID="PAG_23_ST000164" WC="1" CONTENT="!" STYLEREFS="TXT_2"/>
            <SP ID="PAG_23_SP000149" HPOS="2967" VPOS="1842" WIDTH="33"/>
            <String HPOS="3000" VPOS="1842" HEIGHT="36" WIDTH="265" ID="PAG_23_ST000165" WC="1" CONTENT="Cachez-vous" STYLEREFS="TXT_2"/>
          </TextLine>
          <TextLine HPOS="1372" VPOS="1885" HEIGHT="50" WIDTH="1923" ID="PAG_23_TL000017" STYLEREFS="TXT_2">
            <String HPOS="1372" VPOS="1885" HEIGHT="35" WIDTH="46" ID="PAG_23_ST000166" WC="1" CONTENT="de" STYLEREFS="TXT_2"/>
            <SP ID="PAG_23_SP000150" HPOS="1418" VPOS="1886" WIDTH="28"/>
            <String HPOS="1446" VPOS="1886" HEIGHT="42" WIDTH="131" ID="PAG_23_ST000167" WC="1" CONTENT="même," STYLEREFS="TXT_2"/>
            <SP ID="PAG_23_SP000151" HPOS="1577" VPOS="1886" WIDTH="30"/>
            <String HPOS="1607" VPOS="1886" HEIGHT="45" WIDTH="163" ID="PAG_23_ST000168" WC="1" CONTENT="régimes" STYLEREFS="TXT_2"/>
            <SP ID="PAG_23_SP000152" HPOS="1770" VPOS="1888" WIDTH="39"/>
            <String HPOS="1809" VPOS="1888" HEIGHT="34" WIDTH="7" ID="PAG_23_ST000169" WC="1" CONTENT="!" STYLEREFS="TXT_2"/>
            <SP ID="PAG_23_SP000153" HPOS="1816" VPOS="1889" WIDTH="31"/>
            <String HPOS="1847" VPOS="1889" HEIGHT="34" WIDTH="94" ID="PAG_23_ST000170" WC="1" CONTENT="Mon" STYLEREFS="TXT_2"/>
            <SP ID="PAG_23_SP000154" HPOS="1941" VPOS="1895" WIDTH="28"/>
            <String HPOS="1969" VPOS="1895" HEIGHT="36" WIDTH="178" ID="PAG_23_ST000171" WC="1" CONTENT="estomac," STYLEREFS="TXT_2"/>
            <SP ID="PAG_23_SP000155" HPOS="2147" VPOS="1891" WIDTH="31"/>
            <String HPOS="2178" VPOS="1891" HEIGHT="44" WIDTH="368" ID="PAG_23_ST000172" WC="1" CONTENT="remarquablement" STYLEREFS="TXT_2"/>
            <SP ID="PAG_23_SP000156" HPOS="2546" VPOS="1892" WIDTH="28"/>
            <String HPOS="2574" VPOS="1892" HEIGHT="43" WIDTH="196" ID="PAG_23_ST000173" WC="1" CONTENT="conservé," STYLEREFS="TXT_2"/>
            <SP ID="PAG_23_SP000157" HPOS="2770" VPOS="1900" WIDTH="28"/>
            <String HPOS="2798" VPOS="1900" HEIGHT="27" WIDTH="59" ID="PAG_23_ST000174" WC="1" CONTENT="est" STYLEREFS="TXT_2"/>
            <SP ID="PAG_23_SP000158" HPOS="2857" VPOS="1894" WIDTH="29"/>
            <String HPOS="2886" VPOS="1894" HEIGHT="34" WIDTH="96" ID="PAG_23_ST000175" WC="1" CONTENT="celui" STYLEREFS="TXT_2"/>
            <SP ID="PAG_23_SP000159" HPOS="2982" VPOS="1894" WIDTH="30"/>
            <String HPOS="3012" VPOS="1894" HEIGHT="35" WIDTH="110" ID="PAG_23_ST000176" WC="1" CONTENT="d'une" STYLEREFS="TXT_2"/>
            <SP ID="PAG_23_SP000160" HPOS="3122" VPOS="1894" WIDTH="30"/>
            <String HPOS="3152" VPOS="1894" HEIGHT="35" WIDTH="113" ID="PAG_23_ST000177" WC="1" CONTENT="bour-" SUBS_TYPE="HypPart1" SUBS_CONTENT="bourgeoise" STYLEREFS="TXT_2"/>
            <HYP HPOS="3265" VPOS="1929" WIDTH="30" CONTENT="-"/>
          </TextLine>
          <TextLine HPOS="1370" VPOS="1936" HEIGHT="48" WIDTH="698" ID="PAG_23_TL000018" STYLEREFS="TXT_2">
            <String HPOS="1370" VPOS="1936" HEIGHT="44" WIDTH="130" ID="PAG_23_ST000178" WC="1" CONTENT="geoise" SUBS_TYPE="HypPart2" SUBS_CONTENT="bourgeoise" STYLEREFS="TXT_2"/>
            <SP ID="PAG_23_SP000161" HPOS="1500" VPOS="1945" WIDTH="23"/>
            <String HPOS="1523" VPOS="1945" HEIGHT="33" WIDTH="215" ID="PAG_23_ST000179" WC="0.96" CONTENT="gourmette" STYLEREFS="TXT_2"/>
            <SP ID="PAG_23_SP000162" HPOS="1738" VPOS="1946" WIDTH="24"/>
            <String HPOS="1762" VPOS="1946" HEIGHT="28" WIDTH="37" ID="PAG_23_ST000180" WC="1" CONTENT="et" STYLEREFS="TXT_2"/>
            <SP ID="PAG_23_SP000163" HPOS="1799" VPOS="1941" WIDTH="22"/>
            <String HPOS="1821" VPOS="1941" HEIGHT="43" WIDTH="247" ID="PAG_23_ST000181" WC="1" CONTENT="gourmande." STYLEREFS="TXT_2"/>
          </TextLine>
        </TextBlock>
        <TextBlock HPOS="1768" VPOS="2059" HEIGHT="705" WIDTH="1931" ID="PAG_23_TB000006" LANG="fr" STYLEREFS="TXT_2">
          <TextLine HPOS="1947" VPOS="2059" HEIGHT="49" WIDTH="1724" ID="PAG_23_TL000019" STYLEREFS="TXT_2">
            <String HPOS="1947" VPOS="2070" HEIGHT="24" WIDTH="25" ID="PAG_23_ST000182" WC="1" CONTENT="N" STYLEREFS="TXT_2"/>
            <SP ID="PAG_23_SP000164" HPOS="1972" VPOS="2059" WIDTH="20"/>
            <String HPOS="1992" VPOS="2059" HEIGHT="36" WIDTH="80" ID="PAG_23_ST000183" WC="1" CONTENT="naît" STYLEREFS="TXT_2"/>
            <SP ID="PAG_23_SP000165" HPOS="2072" VPOS="2067" WIDTH="18"/>
            <String HPOS="2090" VPOS="2067" HEIGHT="37" WIDTH="188" ID="PAG_23_ST000184" WC="1" CONTENT="gourmet." STYLEREFS="TXT_2"/>
            <SP ID="PAG_23_SP000166" HPOS="2278" VPOS="2061" WIDTH="22"/>
            <String HPOS="2300" VPOS="2061" HEIGHT="35" WIDTH="53" ID="PAG_23_ST000185" WC="1" CONTENT="Le" STYLEREFS="TXT_2"/>
            <SP ID="PAG_23_SP000167" HPOS="2353" VPOS="2062" WIDTH="19"/>
            <String HPOS="2372" VPOS="2062" HEIGHT="35" WIDTH="84" ID="PAG_23_ST000186" WC="1" CONTENT="vrai" STYLEREFS="TXT_2"/>
            <SP ID="PAG_23_SP000168" HPOS="2456" VPOS="2072" WIDTH="19"/>
            <String HPOS="2475" VPOS="2072" HEIGHT="35" WIDTH="178" ID="PAG_23_ST000187" WC="1" CONTENT="gourmet" STYLEREFS="TXT_2"/>
            <SP ID="PAG_23_SP000169" HPOS="2653" VPOS="2070" WIDTH="19"/>
            <String HPOS="2672" VPOS="2070" HEIGHT="29" WIDTH="57" ID="PAG_23_ST000188" WC="1" CONTENT="est" STYLEREFS="TXT_2"/>
            <SP ID="PAG_23_SP000170" HPOS="2729" VPOS="2064" WIDTH="19"/>
            <String HPOS="2748" VPOS="2064" HEIGHT="35" WIDTH="98" ID="PAG_23_ST000189" WC="1" CONTENT="celui" STYLEREFS="TXT_2"/>
            <SP ID="PAG_23_SP000171" HPOS="2846" VPOS="2065" WIDTH="20"/>
            <String HPOS="2866" VPOS="2065" HEIGHT="43" WIDTH="64" ID="PAG_23_ST000190" WC="1" CONTENT="qui" STYLEREFS="TXT_2"/>
            <SP ID="PAG_23_SP000172" HPOS="2930" VPOS="2077" WIDTH="20"/>
            <String HPOS="2950" VPOS="2077" HEIGHT="23" WIDTH="39" ID="PAG_23_ST000191" WC="1" CONTENT="se" STYLEREFS="TXT_2"/>
            <SP ID="PAG_23_SP000173" HPOS="2989" VPOS="2066" WIDTH="20"/>
            <String HPOS="3009" VPOS="2066" HEIGHT="37" WIDTH="145" ID="PAG_23_ST000192" WC="1" CONTENT="délecte" STYLEREFS="TXT_2"/>
            <SP ID="PAG_23_SP000174" HPOS="3154" VPOS="2070" WIDTH="20"/>
            <String HPOS="3174" VPOS="2070" HEIGHT="31" WIDTH="112" ID="PAG_23_ST000193" WC="1" CONTENT="d'une" STYLEREFS="TXT_2"/>
            <SP ID="PAG_23_SP000175" HPOS="3286" VPOS="2072" WIDTH="21"/>
            <String HPOS="3307" VPOS="2072" HEIGHT="29" WIDTH="140" ID="PAG_23_ST000194" WC="1" CONTENT="tartine" STYLEREFS="TXT_2"/>
            <SP ID="PAG_23_SP000176" HPOS="3447" VPOS="2069" WIDTH="19"/>
            <String HPOS="3466" VPOS="2069" HEIGHT="33" WIDTH="46" ID="PAG_23_ST000195" WC="1" CONTENT="de" STYLEREFS="TXT_2"/>
            <SP ID="PAG_23_SP000177" HPOS="3512" VPOS="2069" WIDTH="21"/>
            <String HPOS="3533" VPOS="2069" HEIGHT="33" WIDTH="138" ID="PAG_23_ST000196" WC="1" CONTENT="beurre" STYLEREFS="TXT_2"/>
          </TextLine>
          <TextLine HPOS="1782" VPOS="2107" HEIGHT="55" WIDTH="1887" ID="PAG_23_TL000020" STYLEREFS="TXT_2">
            <String HPOS="1782" VPOS="2119" HEIGHT="31" WIDTH="58" ID="PAG_23_ST000197" WC="0.00" CONTENT="M" STYLEREFS="TXT_2"/>
            <SP ID="PAG_23_SP000178" HPOS="1840" VPOS="2107" WIDTH="49"/>
            <String HPOS="1889" VPOS="2107" HEIGHT="43" WIDTH="45" ID="PAG_23_ST000198" WC="0.51" CONTENT="y" STYLEREFS="TXT_2"/>
            <SP ID="PAG_23_SP000179" HPOS="1934" VPOS="2121" WIDTH="11"/>
            <String HPOS="1945" VPOS="2121" HEIGHT="25" WIDTH="144" ID="PAG_23_ST000199" WC="1" CONTENT="comme" STYLEREFS="TXT_2"/>
            <SP ID="PAG_23_SP000180" HPOS="2089" VPOS="2111" WIDTH="28"/>
            <String HPOS="2117" VPOS="2111" HEIGHT="35" WIDTH="88" ID="PAG_23_ST000200" WC="1" CONTENT="d'un" STYLEREFS="TXT_2"/>
            <SP ID="PAG_23_SP000181" HPOS="2205" VPOS="2111" WIDTH="29"/>
            <String HPOS="2234" VPOS="2111" HEIGHT="36" WIDTH="161" ID="PAG_23_ST000201" WC="1" CONTENT="homard" STYLEREFS="TXT_2"/>
            <SP ID="PAG_23_SP000182" HPOS="2395" VPOS="2113" WIDTH="27"/>
            <String HPOS="2422" VPOS="2113" HEIGHT="41" WIDTH="123" ID="PAG_23_ST000202" WC="1" CONTENT="grillé," STYLEREFS="TXT_2"/>
            <SP ID="PAG_23_SP000183" HPOS="2545" VPOS="2114" WIDTH="28"/>
            <String HPOS="2573" VPOS="2114" HEIGHT="35" WIDTH="31" ID="PAG_23_ST000203" WC="1" CONTENT="si" STYLEREFS="TXT_2"/>
            <SP ID="PAG_23_SP000184" HPOS="2604" VPOS="2115" WIDTH="30"/>
            <String HPOS="2634" VPOS="2115" HEIGHT="36" WIDTH="33" ID="PAG_23_ST000204" WC="1" CONTENT="le" STYLEREFS="TXT_2"/>
            <SP ID="PAG_23_SP000185" HPOS="2667" VPOS="2115" WIDTH="30"/>
            <String HPOS="2697" VPOS="2115" HEIGHT="47" WIDTH="225" ID="PAG_23_ST000205" WC="0.89" CONTENT="beurre^'est" STYLEREFS="TXT_2"/>
            <SP ID="PAG_23_SP000186" HPOS="2922" VPOS="2115" WIDTH="28"/>
            <String HPOS="2950" VPOS="2115" HEIGHT="35" WIDTH="49" ID="PAG_23_ST000206" WC="1" CONTENT="fin" STYLEREFS="TXT_2"/>
            <SP ID="PAG_23_SP000187" HPOS="2999" VPOS="2122" WIDTH="31"/>
            <String HPOS="3030" VPOS="2122" HEIGHT="29" WIDTH="37" ID="PAG_23_ST000207" WC="1" CONTENT="et" STYLEREFS="TXT_2"/>
            <SP ID="PAG_23_SP000188" HPOS="3067" VPOS="2116" WIDTH="28"/>
            <String HPOS="3095" VPOS="2116" HEIGHT="35" WIDTH="34" ID="PAG_23_ST000208" WC="1" CONTENT="le" STYLEREFS="TXT_2"/>
            <SP ID="PAG_23_SP000189" HPOS="3129" VPOS="2116" WIDTH="29"/>
            <String HPOS="3158" VPOS="2116" HEIGHT="38" WIDTH="89" ID="PAG_23_ST000209" WC="1" CONTENT="pain" STYLEREFS="TXT_2"/>
            <SP ID="PAG_23_SP000190" HPOS="3247" VPOS="2116" WIDTH="28"/>
            <String HPOS="3275" VPOS="2116" HEIGHT="36" WIDTH="87" ID="PAG_23_ST000210" WC="1" CONTENT="bien" STYLEREFS="TXT_2"/>
            <SP ID="PAG_23_SP000191" HPOS="3362" VPOS="2117" WIDTH="30"/>
            <String HPOS="3392" VPOS="2117" HEIGHT="37" WIDTH="110" ID="PAG_23_ST000211" WC="1" CONTENT="pétri." STYLEREFS="TXT_2"/>
            <SP ID="PAG_23_SP000192" HPOS="3502" VPOS="2118" WIDTH="31"/>
            <String HPOS="3533" VPOS="2118" HEIGHT="36" WIDTH="32" ID="PAG_23_ST000212" WC="1" CONTENT="Il" STYLEREFS="TXT_2"/>
            <SP ID="PAG_23_SP000193" HPOS="3565" VPOS="2130" WIDTH="28"/>
            <String HPOS="3593" VPOS="2130" HEIGHT="24" WIDTH="25" ID="PAG_23_ST000213" WC="1" CONTENT="y" STYLEREFS="TXT_2"/>
            <SP ID="PAG_23_SP000194" HPOS="3618" VPOS="2130" WIDTH="27"/>
            <String HPOS="3645" VPOS="2130" HEIGHT="23" WIDTH="24" ID="PAG_23_ST000214" WC="1" CONTENT="a" STYLEREFS="TXT_2"/>
          </TextLine>
          <TextLine HPOS="1937" VPOS="2160" HEIGHT="52" WIDTH="1731" ID="PAG_23_TL000021" STYLEREFS="TXT_2">
            <String HPOS="1937" VPOS="2160" HEIGHT="35" WIDTH="95" ID="PAG_23_ST000215" WC="1" CONTENT="beau" STYLEREFS="TXT_2"/>
            <SP ID="PAG_23_SP000195" HPOS="2032" VPOS="2167" WIDTH="19"/>
            <String HPOS="2051" VPOS="2167" HEIGHT="38" WIDTH="120" ID="PAG_23_ST000216" WC="1" CONTENT="temps" STYLEREFS="TXT_2"/>
            <SP ID="PAG_23_SP000196" HPOS="2171" VPOS="2174" WIDTH="17"/>
            <String HPOS="2188" VPOS="2174" HEIGHT="32" WIDTH="72" ID="PAG_23_ST000217" WC="1" CONTENT="que" STYLEREFS="TXT_2"/>
            <SP ID="PAG_23_SP000197" HPOS="2260" VPOS="2163" WIDTH="16"/>
            <String HPOS="2276" VPOS="2163" HEIGHT="44" WIDTH="41" ID="PAG_23_ST000218" WC="1" CONTENT="je" STYLEREFS="TXT_2"/>
            <SP ID="PAG_23_SP000198" HPOS="2317" VPOS="2162" WIDTH="18"/>
            <String HPOS="2335" VPOS="2162" HEIGHT="36" WIDTH="75" ID="PAG_23_ST000219" WC="1" CONTENT="n'ai" STYLEREFS="TXT_2"/>
            <SP ID="PAG_23_SP000199" HPOS="2410" VPOS="2165" WIDTH="19"/>
            <String HPOS="2429" VPOS="2165" HEIGHT="43" WIDTH="83" ID="PAG_23_ST000220" WC="1" CONTENT="plus" STYLEREFS="TXT_2"/>
            <SP ID="PAG_23_SP000200" HPOS="2512" VPOS="2164" WIDTH="19"/>
            <String HPOS="2531" VPOS="2164" HEIGHT="35" WIDTH="91" ID="PAG_23_ST000221" WC="1" CONTENT="chez" STYLEREFS="TXT_2"/>
            <SP ID="PAG_23_SP000201" HPOS="2622" VPOS="2165" WIDTH="19"/>
            <String HPOS="2641" VPOS="2165" HEIGHT="35" WIDTH="75" ID="PAG_23_ST000222" WC="1" CONTENT="moi" STYLEREFS="TXT_2"/>
            <SP ID="PAG_23_SP000202" HPOS="2716" VPOS="2166" WIDTH="17"/>
            <String HPOS="2733" VPOS="2166" HEIGHT="35" WIDTH="47" ID="PAG_23_ST000223" WC="1" CONTENT="de" STYLEREFS="TXT_2"/>
            <SP ID="PAG_23_SP000203" HPOS="2780" VPOS="2166" WIDTH="19"/>
            <String HPOS="2799" VPOS="2166" HEIGHT="36" WIDTH="204" ID="PAG_23_ST000224" WC="1" CONTENT="cuisinière" STYLEREFS="TXT_2"/>
            <SP ID="PAG_23_SP000204" HPOS="3003" VPOS="2174" WIDTH="20"/>
            <String HPOS="3023" VPOS="2174" HEIGHT="37" WIDTH="191" ID="PAG_23_ST000225" WC="1" CONTENT="experte..." STYLEREFS="TXT_2"/>
            <SP ID="PAG_23_SP000205" HPOS="3214" VPOS="2167" WIDTH="17"/>
            <String HPOS="3231" VPOS="2167" HEIGHT="36" WIDTH="102" ID="PAG_23_ST000226" WC="1" CONTENT="Mais" STYLEREFS="TXT_2"/>
            <SP ID="PAG_23_SP000206" HPOS="3333" VPOS="2168" WIDTH="18"/>
            <String HPOS="3351" VPOS="2168" HEIGHT="44" WIDTH="40" ID="PAG_23_ST000227" WC="1" CONTENT="je" STYLEREFS="TXT_2"/>
            <SP ID="PAG_23_SP000207" HPOS="3391" VPOS="2168" WIDTH="18"/>
            <String HPOS="3409" VPOS="2168" HEIGHT="35" WIDTH="75" ID="PAG_23_ST000228" WC="1" CONTENT="n'ai" STYLEREFS="TXT_2"/>
            <SP ID="PAG_23_SP000208" HPOS="3484" VPOS="2168" WIDTH="19"/>
            <String HPOS="3503" VPOS="2168" HEIGHT="36" WIDTH="165" ID="PAG_23_ST000229" WC="1" CONTENT="renoncé" STYLEREFS="TXT_2"/>
          </TextLine>
          <TextLine HPOS="1942" VPOS="2211" HEIGHT="51" WIDTH="1757" ID="PAG_23_TL000022" STYLEREFS="TXT_2">
            <String HPOS="1942" VPOS="2211" HEIGHT="34" WIDTH="23" ID="PAG_23_ST000230" WC="1" CONTENT="à" STYLEREFS="TXT_2"/>
            <SP ID="PAG_23_SP000209" HPOS="1965" VPOS="2211" WIDTH="23"/>
            <String HPOS="1988" VPOS="2211" HEIGHT="35" WIDTH="81" ID="PAG_23_ST000231" WC="1" CONTENT="rien" STYLEREFS="TXT_2"/>
            <SP ID="PAG_23_SP000210" HPOS="2069" VPOS="2213" WIDTH="22"/>
            <String HPOS="2091" VPOS="2213" HEIGHT="34" WIDTH="45" ID="PAG_23_ST000232" WC="1" CONTENT="de" STYLEREFS="TXT_2"/>
            <SP ID="PAG_23_SP000211" HPOS="2136" VPOS="2224" WIDTH="23"/>
            <String HPOS="2159" VPOS="2224" HEIGHT="23" WIDTH="41" ID="PAG_23_ST000233" WC="1" CONTENT="ce" STYLEREFS="TXT_2"/>
            <SP ID="PAG_23_SP000212" HPOS="2200" VPOS="2213" WIDTH="22"/>
            <String HPOS="2222" VPOS="2213" HEIGHT="43" WIDTH="64" ID="PAG_23_ST000234" WC="1" CONTENT="qui" STYLEREFS="TXT_2"/>
            <SP ID="PAG_23_SP000213" HPOS="2286" VPOS="2220" WIDTH="23"/>
            <String HPOS="2309" VPOS="2220" HEIGHT="29" WIDTH="176" ID="PAG_23_ST000235" WC="1" CONTENT="contente" STYLEREFS="TXT_2"/>
            <SP ID="PAG_23_SP000214" HPOS="2485" VPOS="2215" WIDTH="23"/>
            <String HPOS="2508" VPOS="2215" HEIGHT="35" WIDTH="32" ID="PAG_23_ST000236" WC="1" CONTENT="le" STYLEREFS="TXT_2"/>
            <SP ID="PAG_23_SP000215" HPOS="2540" VPOS="2216" WIDTH="23"/>
            <String HPOS="2563" VPOS="2216" HEIGHT="42" WIDTH="133" ID="PAG_23_ST000237" WC="1" CONTENT="palais," STYLEREFS="TXT_2"/>
            <SP ID="PAG_23_SP000216" HPOS="2696" VPOS="2223" WIDTH="23"/>
            <String HPOS="2719" VPOS="2223" HEIGHT="36" WIDTH="166" ID="PAG_23_ST000238" WC="1" CONTENT="partant," STYLEREFS="TXT_2"/>
            <SP ID="PAG_23_SP000217" HPOS="2885" VPOS="2218" WIDTH="23"/>
            <String HPOS="2908" VPOS="2218" HEIGHT="34" WIDTH="34" ID="PAG_23_ST000239" WC="1" CONTENT="le" STYLEREFS="TXT_2"/>
            <SP ID="PAG_23_SP000218" HPOS="2942" VPOS="2228" WIDTH="22"/>
            <String HPOS="2964" VPOS="2228" HEIGHT="24" WIDTH="175" ID="PAG_23_ST000240" WC="1" CONTENT="cerveau." STYLEREFS="TXT_2"/>
            <SP ID="PAG_23_SP000219" HPOS="3139" VPOS="2218" WIDTH="25"/>
            <String HPOS="3164" VPOS="2218" HEIGHT="34" WIDTH="59" ID="PAG_23_ST000241" WC="1" CONTENT="En" STYLEREFS="TXT_2"/>
            <SP ID="PAG_23_SP000220" HPOS="3223" VPOS="2218" WIDTH="25"/>
            <String HPOS="3248" VPOS="2218" HEIGHT="35" WIDTH="73" ID="PAG_23_ST000242" WC="1" CONTENT="fait" STYLEREFS="TXT_2"/>
            <SP ID="PAG_23_SP000221" HPOS="3321" VPOS="2219" WIDTH="23"/>
            <String HPOS="3344" VPOS="2219" HEIGHT="34" WIDTH="45" ID="PAG_23_ST000243" WC="1" CONTENT="de" STYLEREFS="TXT_2"/>
            <SP ID="PAG_23_SP000222" HPOS="3389" VPOS="2231" WIDTH="30"/>
            <String HPOS="3419" VPOS="2231" HEIGHT="21" WIDTH="19" ID="PAG_23_ST000244" WC="1" CONTENT="«" STYLEREFS="TXT_2"/>
            <SP ID="PAG_23_SP000223" HPOS="3438" VPOS="2218" WIDTH="25"/>
            <String HPOS="3463" VPOS="2218" HEIGHT="44" WIDTH="101" ID="PAG_23_ST000245" WC="1" CONTENT="plats" STYLEREFS="TXT_2"/>
            <SP ID="PAG_23_SP000224" HPOS="3564" VPOS="2219" WIDTH="20"/>
            <String HPOS="3584" VPOS="2219" HEIGHT="42" WIDTH="85" ID="PAG_23_ST000246" WC="1" CONTENT="pré-" SUBS_TYPE="HypPart1" SUBS_CONTENT="préférés" STYLEREFS="TXT_2"/>
            <HYP HPOS="3669" VPOS="2261" WIDTH="30" CONTENT="-"/>
          </TextLine>
          <TextLine HPOS="1775" VPOS="2260" HEIGHT="54" WIDTH="1894" ID="PAG_23_TL000023" STYLEREFS="TXT_2">
            <String HPOS="1775" VPOS="2260" HEIGHT="36" WIDTH="103" ID="PAG_23_ST000247" WC="1" CONTENT="férés" SUBS_TYPE="HypPart2" SUBS_CONTENT="préférés" STYLEREFS="TXT_2"/>
            <SP ID="PAG_23_SP000225" HPOS="1878" VPOS="2275" WIDTH="21"/>
            <String HPOS="1899" VPOS="2275" HEIGHT="28" WIDTH="33" ID="PAG_23_ST000248" WC="0.50" CONTENT="»," STYLEREFS="TXT_2"/>
            <SP ID="PAG_23_SP000226" HPOS="1932" VPOS="2262" WIDTH="20"/>
            <String HPOS="1952" VPOS="2262" HEIGHT="43" WIDTH="38" ID="PAG_23_ST000249" WC="1" CONTENT="je" STYLEREFS="TXT_2"/>
            <SP ID="PAG_23_SP000227" HPOS="1990" VPOS="2262" WIDTH="20"/>
            <String HPOS="2010" VPOS="2262" HEIGHT="44" WIDTH="188" ID="PAG_23_ST000250" WC="1" CONTENT="préfère..." STYLEREFS="TXT_2"/>
            <SP ID="PAG_23_SP000228" HPOS="2198" VPOS="2270" WIDTH="22"/>
            <String HPOS="2220" VPOS="2270" HEIGHT="29" WIDTH="82" ID="PAG_23_ST000251" WC="1" CONTENT="tout" STYLEREFS="TXT_2"/>
            <SP ID="PAG_23_SP000229" HPOS="2302" VPOS="2276" WIDTH="19"/>
            <String HPOS="2321" VPOS="2276" HEIGHT="24" WIDTH="41" ID="PAG_23_ST000252" WC="1" CONTENT="ce" STYLEREFS="TXT_2"/>
            <SP ID="PAG_23_SP000230" HPOS="2362" VPOS="2265" WIDTH="18"/>
            <String HPOS="2380" VPOS="2265" HEIGHT="44" WIDTH="63" ID="PAG_23_ST000253" WC="1" CONTENT="qui" STYLEREFS="TXT_2"/>
            <SP ID="PAG_23_SP000231" HPOS="2443" VPOS="2273" WIDTH="21"/>
            <String HPOS="2464" VPOS="2273" HEIGHT="28" WIDTH="57" ID="PAG_23_ST000254" WC="1" CONTENT="est" STYLEREFS="TXT_2"/>
            <SP ID="PAG_23_SP000232" HPOS="2521" VPOS="2266" WIDTH="19"/>
            <String HPOS="2540" VPOS="2266" HEIGHT="42" WIDTH="86" ID="PAG_23_ST000255" WC="1" CONTENT="bon," STYLEREFS="TXT_2"/>
            <SP ID="PAG_23_SP000233" HPOS="2626" VPOS="2273" WIDTH="20"/>
            <String HPOS="2646" VPOS="2273" HEIGHT="28" WIDTH="83" ID="PAG_23_ST000256" WC="1" CONTENT="tout" STYLEREFS="TXT_2"/>
            <SP ID="PAG_23_SP000234" HPOS="2729" VPOS="2279" WIDTH="20"/>
            <String HPOS="2749" VPOS="2279" HEIGHT="24" WIDTH="42" ID="PAG_23_ST000257" WC="1" CONTENT="ce" STYLEREFS="TXT_2"/>
            <SP ID="PAG_23_SP000235" HPOS="2791" VPOS="2268" WIDTH="18"/>
            <String HPOS="2809" VPOS="2268" HEIGHT="44" WIDTH="65" ID="PAG_23_ST000258" WC="1" CONTENT="qui" STYLEREFS="TXT_2"/>
            <SP ID="PAG_23_SP000236" HPOS="2874" VPOS="2268" WIDTH="22"/>
            <String HPOS="2896" VPOS="2268" HEIGHT="43" WIDTH="84" ID="PAG_23_ST000259" WC="1" CONTENT="fait," STYLEREFS="TXT_2"/>
            <SP ID="PAG_23_SP000237" HPOS="2980" VPOS="2269" WIDTH="19"/>
            <String HPOS="2999" VPOS="2269" HEIGHT="34" WIDTH="47" ID="PAG_23_ST000260" WC="1" CONTENT="de" STYLEREFS="TXT_2"/>
            <SP ID="PAG_23_SP000238" HPOS="3046" VPOS="2268" WIDTH="20"/>
            <String HPOS="3066" VPOS="2268" HEIGHT="36" WIDTH="143" ID="PAG_23_ST000261" WC="1" CONTENT="l'heure" STYLEREFS="TXT_2"/>
            <SP ID="PAG_23_SP000239" HPOS="3209" VPOS="2269" WIDTH="19"/>
            <String HPOS="3228" VPOS="2269" HEIGHT="35" WIDTH="66" ID="PAG_23_ST000262" WC="1" CONTENT="des" STYLEREFS="TXT_2"/>
            <SP ID="PAG_23_SP000240" HPOS="3294" VPOS="2280" WIDTH="22"/>
            <String HPOS="3316" VPOS="2280" HEIGHT="33" WIDTH="122" ID="PAG_23_ST000263" WC="1" CONTENT="repas," STYLEREFS="TXT_2"/>
            <SP ID="PAG_23_SP000241" HPOS="3438" VPOS="2281" WIDTH="22"/>
            <String HPOS="3460" VPOS="2281" HEIGHT="23" WIDTH="72" ID="PAG_23_ST000264" WC="1" CONTENT="une" STYLEREFS="TXT_2"/>
            <SP ID="PAG_23_SP000242" HPOS="3532" VPOS="2270" WIDTH="20"/>
            <String HPOS="3552" VPOS="2270" HEIGHT="44" WIDTH="117" ID="PAG_23_ST000265" WC="1" CONTENT="petite" STYLEREFS="TXT_2"/>
          </TextLine>
          <TextLine HPOS="1776" VPOS="2312" HEIGHT="53" WIDTH="1893" ID="PAG_23_TL000024" STYLEREFS="TXT_2">
            <String HPOS="1776" VPOS="2312" HEIGHT="35" WIDTH="78" ID="PAG_23_ST000266" WC="1" CONTENT="fête" STYLEREFS="TXT_2"/>
            <SP ID="PAG_23_SP000243" HPOS="1854" VPOS="2314" WIDTH="24"/>
            <String HPOS="1878" VPOS="2314" HEIGHT="33" WIDTH="65" ID="PAG_23_ST000267" WC="1" CONTENT="des" STYLEREFS="TXT_2"/>
            <SP ID="PAG_23_SP000244" HPOS="1943" VPOS="2313" WIDTH="26"/>
            <String HPOS="1969" VPOS="2313" HEIGHT="44" WIDTH="157" ID="PAG_23_ST000268" WC="1" CONTENT="papilles" STYLEREFS="TXT_2"/>
            <SP ID="PAG_23_SP000245" HPOS="2126" VPOS="2321" WIDTH="25"/>
            <String HPOS="2151" VPOS="2321" HEIGHT="28" WIDTH="37" ID="PAG_23_ST000269" WC="1" CONTENT="et" STYLEREFS="TXT_2"/>
            <SP ID="PAG_23_SP000246" HPOS="2188" VPOS="2315" WIDTH="25"/>
            <String HPOS="2213" VPOS="2315" HEIGHT="35" WIDTH="46" ID="PAG_23_ST000270" WC="1" CONTENT="de" STYLEREFS="TXT_2"/>
            <SP ID="PAG_23_SP000247" HPOS="2259" VPOS="2315" WIDTH="25"/>
            <String HPOS="2284" VPOS="2315" HEIGHT="45" WIDTH="154" ID="PAG_23_ST000271" WC="1" CONTENT="l'esprit." STYLEREFS="TXT_2"/>
            <SP ID="PAG_23_SP000248" HPOS="2438" VPOS="2317" WIDTH="27"/>
            <String HPOS="2465" VPOS="2317" HEIGHT="35" WIDTH="63" ID="PAG_23_ST000272" WC="1" CONTENT="Un" STYLEREFS="TXT_2"/>
            <SP ID="PAG_23_SP000249" HPOS="2528" VPOS="2317" WIDTH="24"/>
            <String HPOS="2552" VPOS="2317" HEIGHT="44" WIDTH="102" ID="PAG_23_ST000273" WC="1" CONTENT="jour," STYLEREFS="TXT_2"/>
            <SP ID="PAG_23_SP000250" HPOS="2654" VPOS="2318" WIDTH="25"/>
            <String HPOS="2679" VPOS="2318" HEIGHT="44" WIDTH="69" ID="PAG_23_ST000274" WC="1" CONTENT="j'ai" STYLEREFS="TXT_2"/>
            <SP ID="PAG_23_SP000251" HPOS="2748" VPOS="2318" WIDTH="27"/>
            <String HPOS="2775" VPOS="2318" HEIGHT="36" WIDTH="187" ID="PAG_23_ST000275" WC="1" CONTENT="l'humeur" STYLEREFS="TXT_2"/>
            <SP ID="PAG_23_SP000252" HPOS="2962" VPOS="2332" WIDTH="25"/>
            <String HPOS="2987" VPOS="2332" HEIGHT="22" WIDTH="77" ID="PAG_23_ST000276" WC="1" CONTENT="aux" STYLEREFS="TXT_2"/>
            <SP ID="PAG_23_SP000253" HPOS="3064" VPOS="2320" WIDTH="26"/>
            <String HPOS="3090" VPOS="2320" HEIGHT="42" WIDTH="161" ID="PAG_23_ST000277" WC="1" CONTENT="salades," STYLEREFS="TXT_2"/>
            <SP ID="PAG_23_SP000254" HPOS="3251" VPOS="2320" WIDTH="27"/>
            <String HPOS="3278" VPOS="2320" HEIGHT="44" WIDTH="124" ID="PAG_23_ST000278" WC="1" CONTENT="éprise" STYLEREFS="TXT_2"/>
            <SP ID="PAG_23_SP000255" HPOS="3402" VPOS="2332" WIDTH="24"/>
            <String HPOS="3426" VPOS="2332" HEIGHT="33" WIDTH="72" ID="PAG_23_ST000279" WC="1" CONTENT="que" STYLEREFS="TXT_2"/>
            <SP ID="PAG_23_SP000256" HPOS="3498" VPOS="2321" WIDTH="24"/>
            <String HPOS="3522" VPOS="2321" HEIGHT="44" WIDTH="41" ID="PAG_23_ST000280" WC="1" CONTENT="je" STYLEREFS="TXT_2"/>
            <SP ID="PAG_23_SP000257" HPOS="3563" VPOS="2320" WIDTH="27"/>
            <String HPOS="3590" VPOS="2320" HEIGHT="36" WIDTH="79" ID="PAG_23_ST000281" WC="1" CONTENT="suis" STYLEREFS="TXT_2"/>
          </TextLine>
          <TextLine HPOS="1772" VPOS="2363" HEIGHT="53" WIDTH="1897" ID="PAG_23_TL000025" STYLEREFS="TXT_2">
            <String HPOS="1772" VPOS="2363" HEIGHT="36" WIDTH="139" ID="PAG_23_ST000282" WC="1" CONTENT="d'huile" STYLEREFS="TXT_2"/>
            <SP ID="PAG_23_SP000258" HPOS="1911" VPOS="2376" WIDTH="24"/>
            <String HPOS="1935" VPOS="2376" HEIGHT="32" WIDTH="105" ID="PAG_23_ST000283" WC="1" CONTENT="pure," STYLEREFS="TXT_2"/>
            <SP ID="PAG_23_SP000259" HPOS="2040" VPOS="2365" WIDTH="28"/>
            <String HPOS="2068" VPOS="2365" HEIGHT="43" WIDTH="151" ID="PAG_23_ST000284" WC="1" CONTENT="fruitée," STYLEREFS="TXT_2"/>
            <SP ID="PAG_23_SP000260" HPOS="2219" VPOS="2373" WIDTH="25"/>
            <String HPOS="2244" VPOS="2373" HEIGHT="28" WIDTH="36" ID="PAG_23_ST000285" WC="1" CONTENT="et" STYLEREFS="TXT_2"/>
            <SP ID="PAG_23_SP000261" HPOS="2280" VPOS="2367" WIDTH="24"/>
            <String HPOS="2304" VPOS="2367" HEIGHT="34" WIDTH="45" ID="PAG_23_ST000286" WC="1" CONTENT="de" STYLEREFS="TXT_2"/>
            <SP ID="PAG_23_SP000262" HPOS="2349" VPOS="2367" WIDTH="25"/>
            <String HPOS="2374" VPOS="2367" HEIGHT="45" WIDTH="174" ID="PAG_23_ST000287" WC="1" CONTENT="vinaigre" STYLEREFS="TXT_2"/>
            <SP ID="PAG_23_SP000263" HPOS="2548" VPOS="2380" WIDTH="26"/>
            <String HPOS="2574" VPOS="2380" HEIGHT="24" WIDTH="85" ID="PAG_23_ST000288" WC="1" CONTENT="rose" STYLEREFS="TXT_2"/>
            <SP ID="PAG_23_SP000264" HPOS="2659" VPOS="2381" WIDTH="24"/>
            <String HPOS="2683" VPOS="2381" HEIGHT="32" WIDTH="72" ID="PAG_23_ST000289" WC="1" CONTENT="que" STYLEREFS="TXT_2"/>
            <SP ID="PAG_23_SP000265" HPOS="2755" VPOS="2370" WIDTH="23"/>
            <String HPOS="2778" VPOS="2370" HEIGHT="44" WIDTH="40" ID="PAG_23_ST000290" WC="1" CONTENT="je" STYLEREFS="TXT_2"/>
            <SP ID="PAG_23_SP000266" HPOS="2818" VPOS="2370" WIDTH="27"/>
            <String HPOS="2845" VPOS="2370" HEIGHT="35" WIDTH="78" ID="PAG_23_ST000291" WC="0.98" CONTENT="fais" STYLEREFS="TXT_2"/>
            <SP ID="PAG_23_SP000267" HPOS="2923" VPOS="2370" WIDTH="23"/>
            <String HPOS="2946" VPOS="2370" HEIGHT="35" WIDTH="91" ID="PAG_23_ST000292" WC="1" CONTENT="chez" STYLEREFS="TXT_2"/>
            <SP ID="PAG_23_SP000268" HPOS="3037" VPOS="2370" WIDTH="24"/>
            <String HPOS="3061" VPOS="2370" HEIGHT="35" WIDTH="88" ID="PAG_23_ST000293" WC="1" CONTENT="moi." STYLEREFS="TXT_2"/>
            <SP ID="PAG_23_SP000269" HPOS="3149" VPOS="2372" WIDTH="27"/>
            <String HPOS="3176" VPOS="2372" HEIGHT="35" WIDTH="62" ID="PAG_23_ST000294" WC="1" CONTENT="Un" STYLEREFS="TXT_2"/>
            <SP ID="PAG_23_SP000270" HPOS="3238" VPOS="2372" WIDTH="23"/>
            <String HPOS="3261" VPOS="2372" HEIGHT="44" WIDTH="101" ID="PAG_23_ST000295" WC="1" CONTENT="jour," STYLEREFS="TXT_2"/>
            <SP ID="PAG_23_SP000271" HPOS="3362" VPOS="2372" WIDTH="26"/>
            <String HPOS="3388" VPOS="2372" HEIGHT="35" WIDTH="36" ID="PAG_23_ST000296" WC="1" CONTENT="la" STYLEREFS="TXT_2"/>
            <SP ID="PAG_23_SP000272" HPOS="3424" VPOS="2372" WIDTH="24"/>
            <String HPOS="3448" VPOS="2372" HEIGHT="35" WIDTH="138" ID="PAG_23_ST000297" WC="1" CONTENT="viande" STYLEREFS="TXT_2"/>
            <SP ID="PAG_23_SP000273" HPOS="3586" VPOS="2378" WIDTH="25"/>
            <String HPOS="3611" VPOS="2378" HEIGHT="29" WIDTH="58" ID="PAG_23_ST000298" WC="1" CONTENT="est" STYLEREFS="TXT_2"/>
          </TextLine>
          <TextLine HPOS="1772" VPOS="2414" HEIGHT="53" WIDTH="1896" ID="PAG_23_TL000026" STYLEREFS="TXT_2">
            <String HPOS="1772" VPOS="2414" HEIGHT="35" WIDTH="23" ID="PAG_23_ST000299" WC="1" CONTENT="à" STYLEREFS="TXT_2"/>
            <SP ID="PAG_23_SP000274" HPOS="1795" VPOS="2415" WIDTH="23"/>
            <String HPOS="1818" VPOS="2415" HEIGHT="42" WIDTH="210" ID="PAG_23_ST000300" WC="1" CONTENT="l'honneur," STYLEREFS="TXT_2"/>
            <SP ID="PAG_23_SP000275" HPOS="2028" VPOS="2428" WIDTH="24"/>
            <String HPOS="2052" VPOS="2428" HEIGHT="23" WIDTH="89" ID="PAG_23_ST000301" WC="1" CONTENT="sous" STYLEREFS="TXT_2"/>
            <SP ID="PAG_23_SP000276" HPOS="2141" VPOS="2428" WIDTH="24"/>
            <String HPOS="2165" VPOS="2428" HEIGHT="24" WIDTH="59" ID="PAG_23_ST000302" WC="1" CONTENT="ses" STYLEREFS="TXT_2"/>
            <SP ID="PAG_23_SP000277" HPOS="2224" VPOS="2418" WIDTH="27"/>
            <String HPOS="2251" VPOS="2418" HEIGHT="35" WIDTH="144" ID="PAG_23_ST000303" WC="1" CONTENT="formes" STYLEREFS="TXT_2"/>
            <SP ID="PAG_23_SP000278" HPOS="2395" VPOS="2419" WIDTH="25"/>
            <String HPOS="2420" VPOS="2419" HEIGHT="35" WIDTH="53" ID="PAG_23_ST000304" WC="1" CONTENT="les" STYLEREFS="TXT_2"/>
            <SP ID="PAG_23_SP000279" HPOS="2473" VPOS="2419" WIDTH="24"/>
            <String HPOS="2497" VPOS="2419" HEIGHT="35" WIDTH="123" ID="PAG_23_ST000305" WC="1" CONTENT="moins" STYLEREFS="TXT_2"/>
            <SP ID="PAG_23_SP000280" HPOS="2620" VPOS="2421" WIDTH="24"/>
            <String HPOS="2644" VPOS="2421" HEIGHT="41" WIDTH="167" ID="PAG_23_ST000306" WC="1" CONTENT="nocives," STYLEREFS="TXT_2"/>
            <SP ID="PAG_23_SP000281" HPOS="2811" VPOS="2421" WIDTH="25"/>
            <String HPOS="2836" VPOS="2421" HEIGHT="35" WIDTH="114" ID="PAG_23_ST000307" WC="1" CONTENT="saisie" STYLEREFS="TXT_2"/>
            <SP ID="PAG_23_SP000282" HPOS="2950" VPOS="2433" WIDTH="25"/>
            <String HPOS="2975" VPOS="2433" HEIGHT="23" WIDTH="66" ID="PAG_23_ST000308" WC="1" CONTENT="sur" STYLEREFS="TXT_2"/>
            <SP ID="PAG_23_SP000283" HPOS="3041" VPOS="2422" WIDTH="24"/>
            <String HPOS="3065" VPOS="2422" HEIGHT="35" WIDTH="36" ID="PAG_23_ST000309" WC="1" CONTENT="la" STYLEREFS="TXT_2"/>
            <SP ID="PAG_23_SP000284" HPOS="3101" VPOS="2422" WIDTH="23"/>
            <String HPOS="3124" VPOS="2422" HEIGHT="43" WIDTH="138" ID="PAG_23_ST000310" WC="1" CONTENT="braise," STYLEREFS="TXT_2"/>
            <SP ID="PAG_23_SP000285" HPOS="3262" VPOS="2422" WIDTH="24"/>
            <String HPOS="3286" VPOS="2422" HEIGHT="45" WIDTH="156" ID="PAG_23_ST000311" WC="1" CONTENT="poivrée" STYLEREFS="TXT_2"/>
            <SP ID="PAG_23_SP000286" HPOS="3442" VPOS="2423" WIDTH="23"/>
            <String HPOS="3465" VPOS="2423" HEIGHT="35" WIDTH="46" ID="PAG_23_ST000312" WC="1" CONTENT="de" STYLEREFS="TXT_2"/>
            <SP ID="PAG_23_SP000287" HPOS="3511" VPOS="2423" WIDTH="24"/>
            <String HPOS="3535" VPOS="2423" HEIGHT="44" WIDTH="133" ID="PAG_23_ST000313" WC="1" CONTENT="poivre" STYLEREFS="TXT_2"/>
          </TextLine>
          <TextLine HPOS="1774" VPOS="2465" HEIGHT="53" WIDTH="1893" ID="PAG_23_TL000027" STYLEREFS="TXT_2">
            <String HPOS="1774" VPOS="2465" HEIGHT="35" WIDTH="97" ID="PAG_23_ST000314" WC="1" CONTENT="frais" STYLEREFS="TXT_2"/>
            <SP ID="PAG_23_SP000288" HPOS="1871" VPOS="2487" WIDTH="24"/>
            <String HPOS="1895" VPOS="2487" HEIGHT="5" WIDTH="49" ID="PAG_23_ST000315" WC="0.88" CONTENT="—" STYLEREFS="TXT_2"/>
            <SP ID="PAG_23_SP000289" HPOS="1944" VPOS="2467" WIDTH="23"/>
            <String HPOS="1967" VPOS="2467" HEIGHT="35" WIDTH="33" ID="PAG_23_ST000316" WC="1" CONTENT="le" STYLEREFS="TXT_2"/>
            <SP ID="PAG_23_SP000290" HPOS="2000" VPOS="2467" WIDTH="24"/>
            <String HPOS="2024" VPOS="2467" HEIGHT="42" WIDTH="96" ID="PAG_23_ST000317" WC="1" CONTENT="noir," STYLEREFS="TXT_2"/>
            <SP ID="PAG_23_SP000291" HPOS="2120" VPOS="2468" WIDTH="26"/>
            <String HPOS="2146" VPOS="2468" HEIGHT="35" WIDTH="96" ID="PAG_23_ST000318" WC="1" CONTENT="celui" STYLEREFS="TXT_2"/>
            <SP ID="PAG_23_SP000292" HPOS="2242" VPOS="2469" WIDTH="25"/>
            <String HPOS="2267" VPOS="2469" HEIGHT="35" WIDTH="67" ID="PAG_23_ST000319" WC="1" CONTENT="des" STYLEREFS="TXT_2"/>
            <SP ID="PAG_23_SP000293" HPOS="2334" VPOS="2469" WIDTH="25"/>
            <String HPOS="2359" VPOS="2469" HEIGHT="36" WIDTH="165" ID="PAG_23_ST000320" WC="1" CONTENT="Antilles" STYLEREFS="TXT_2"/>
            <SP ID="PAG_23_SP000294" HPOS="2524" VPOS="2492" WIDTH="22"/>
            <String HPOS="2546" VPOS="2492" HEIGHT="4" WIDTH="50" ID="PAG_23_ST000321" WC="0.88" CONTENT="—" STYLEREFS="TXT_2"/>
            <SP ID="PAG_23_SP000295" HPOS="2596" VPOS="2483" WIDTH="21"/>
            <String HPOS="2617" VPOS="2483" HEIGHT="23" WIDTH="96" ID="PAG_23_ST000322" WC="1" CONTENT="avec" STYLEREFS="TXT_2"/>
            <SP ID="PAG_23_SP000296" HPOS="2713" VPOS="2483" WIDTH="24"/>
            <String HPOS="2737" VPOS="2483" HEIGHT="24" WIDTH="73" ID="PAG_23_ST000323" WC="1" CONTENT="une" STYLEREFS="TXT_2"/>
            <SP ID="PAG_23_SP000297" HPOS="2810" VPOS="2472" WIDTH="25"/>
            <String HPOS="2835" VPOS="2472" HEIGHT="44" WIDTH="134" ID="PAG_23_ST000324" WC="1" CONTENT="pincée" STYLEREFS="TXT_2"/>
            <SP ID="PAG_23_SP000298" HPOS="2969" VPOS="2474" WIDTH="24"/>
            <String HPOS="2993" VPOS="2474" HEIGHT="34" WIDTH="46" ID="PAG_23_ST000325" WC="1" CONTENT="de" STYLEREFS="TXT_2"/>
            <SP ID="PAG_23_SP000299" HPOS="3039" VPOS="2473" WIDTH="25"/>
            <String HPOS="3064" VPOS="2473" HEIGHT="35" WIDTH="54" ID="PAG_23_ST000326" WC="1" CONTENT="sel" STYLEREFS="TXT_2"/>
            <SP ID="PAG_23_SP000300" HPOS="3118" VPOS="2473" WIDTH="25"/>
            <String HPOS="3143" VPOS="2473" HEIGHT="43" WIDTH="143" ID="PAG_23_ST000327" WC="1" CONTENT="écrasé," STYLEREFS="TXT_2"/>
            <SP ID="PAG_23_SP000301" HPOS="3286" VPOS="2474" WIDTH="25"/>
            <String HPOS="3311" VPOS="2474" HEIGHT="44" WIDTH="40" ID="PAG_23_ST000328" WC="1" CONTENT="je" STYLEREFS="TXT_2"/>
            <SP ID="PAG_23_SP000302" HPOS="3351" VPOS="2474" WIDTH="24"/>
            <String HPOS="3375" VPOS="2474" HEIGHT="35" WIDTH="75" ID="PAG_23_ST000329" WC="1" CONTENT="n'ai" STYLEREFS="TXT_2"/>
            <SP ID="PAG_23_SP000303" HPOS="3450" VPOS="2486" WIDTH="27"/>
            <String HPOS="3477" VPOS="2486" HEIGHT="32" WIDTH="67" ID="PAG_23_ST000330" WC="1" CONTENT="pas" STYLEREFS="TXT_2"/>
            <SP ID="PAG_23_SP000304" HPOS="3544" VPOS="2475" WIDTH="25"/>
            <String HPOS="3569" VPOS="2475" HEIGHT="35" WIDTH="56" ID="PAG_23_ST000331" WC="1" CONTENT="dit" STYLEREFS="TXT_2"/>
            <SP ID="PAG_23_SP000305" HPOS="3625" VPOS="2486" WIDTH="34"/>
            <String HPOS="3659" VPOS="2486" HEIGHT="23" WIDTH="8" ID="PAG_23_ST000332" WC="1" CONTENT=":" STYLEREFS="TXT_2"/>
          </TextLine>
          <TextLine HPOS="1770" VPOS="2517" HEIGHT="52" WIDTH="1897" ID="PAG_23_TL000028" STYLEREFS="TXT_2">
            <String HPOS="1770" VPOS="2517" HEIGHT="34" WIDTH="46" ID="PAG_23_ST000333" WC="1" CONTENT="de" STYLEREFS="TXT_2"/>
            <SP ID="PAG_23_SP000306" HPOS="1816" VPOS="2517" WIDTH="23"/>
            <String HPOS="1839" VPOS="2517" HEIGHT="35" WIDTH="53" ID="PAG_23_ST000334" WC="1" CONTENT="sel" STYLEREFS="TXT_2"/>
            <SP ID="PAG_23_SP000307" HPOS="1892" VPOS="2517" WIDTH="27"/>
            <String HPOS="1919" VPOS="2517" HEIGHT="36" WIDTH="67" ID="PAG_23_ST000335" WC="1" CONTENT="fin." STYLEREFS="TXT_2"/>
            <SP ID="PAG_23_SP000308" HPOS="1986" VPOS="2517" WIDTH="26"/>
            <String HPOS="2012" VPOS="2517" HEIGHT="36" WIDTH="40" ID="PAG_23_ST000336" WC="1" CONTENT="Si" STYLEREFS="TXT_2"/>
            <SP ID="PAG_23_SP000309" HPOS="2052" VPOS="2519" WIDTH="25"/>
            <String HPOS="2077" VPOS="2519" HEIGHT="36" WIDTH="220" ID="PAG_23_ST000337" WC="1" CONTENT="l'entrecôte" STYLEREFS="TXT_2"/>
            <SP ID="PAG_23_SP000310" HPOS="2297" VPOS="2527" WIDTH="23"/>
            <String HPOS="2320" VPOS="2527" HEIGHT="29" WIDTH="58" ID="PAG_23_ST000338" WC="1" CONTENT="est" STYLEREFS="TXT_2"/>
            <SP ID="PAG_23_SP000311" HPOS="2378" VPOS="2521" WIDTH="22"/>
            <String HPOS="2400" VPOS="2521" HEIGHT="43" WIDTH="165" ID="PAG_23_ST000339" WC="0.98" CONTENT="persillé," STYLEREFS="TXT_2"/>
            <SP ID="PAG_23_SP000312" HPOS="2565" VPOS="2522" WIDTH="24"/>
            <String HPOS="2589" VPOS="2522" HEIGHT="35" WIDTH="59" ID="PAG_23_ST000340" WC="1" CONTENT="s'il" STYLEREFS="TXT_2"/>
            <SP ID="PAG_23_SP000313" HPOS="2648" VPOS="2534" WIDTH="22"/>
            <String HPOS="2670" VPOS="2534" HEIGHT="24" WIDTH="22" ID="PAG_23_ST000341" WC="1" CONTENT="a" STYLEREFS="TXT_2"/>
            <SP ID="PAG_23_SP000314" HPOS="2692" VPOS="2523" WIDTH="24"/>
            <String HPOS="2716" VPOS="2523" HEIGHT="43" WIDTH="120" ID="PAG_23_ST000342" WC="1" CONTENT="gardé" STYLEREFS="TXT_2"/>
            <SP ID="PAG_23_SP000315" HPOS="2836" VPOS="2535" WIDTH="22"/>
            <String HPOS="2858" VPOS="2535" HEIGHT="24" WIDTH="74" ID="PAG_23_ST000343" WC="1" CONTENT="une" STYLEREFS="TXT_2"/>
            <SP ID="PAG_23_SP000316" HPOS="2932" VPOS="2523" WIDTH="23"/>
            <String HPOS="2955" VPOS="2523" HEIGHT="36" WIDTH="166" ID="PAG_23_ST000344" WC="1" CONTENT="bordure" STYLEREFS="TXT_2"/>
            <SP ID="PAG_23_SP000317" HPOS="3121" VPOS="2525" WIDTH="24"/>
            <String HPOS="3145" VPOS="2525" HEIGHT="35" WIDTH="219" ID="PAG_23_ST000345" WC="1" CONTENT="succulente" STYLEREFS="TXT_2"/>
            <SP ID="PAG_23_SP000318" HPOS="3364" VPOS="2526" WIDTH="23"/>
            <String HPOS="3387" VPOS="2526" HEIGHT="34" WIDTH="46" ID="PAG_23_ST000346" WC="1" CONTENT="de" STYLEREFS="TXT_2"/>
            <SP ID="PAG_23_SP000319" HPOS="3433" VPOS="2525" WIDTH="23"/>
            <String HPOS="3456" VPOS="2525" HEIGHT="44" WIDTH="160" ID="PAG_23_ST000347" WC="1" CONTENT="graisse," STYLEREFS="TXT_2"/>
            <SP ID="PAG_23_SP000320" HPOS="3616" VPOS="2525" WIDTH="25"/>
            <String HPOS="3641" VPOS="2525" HEIGHT="35" WIDTH="26" ID="PAG_23_ST000348" WC="1" CONTENT="il" STYLEREFS="TXT_2"/>
          </TextLine>
          <TextLine HPOS="1770" VPOS="2567" HEIGHT="53" WIDTH="1897" ID="PAG_23_TL000029" STYLEREFS="TXT_2">
            <String HPOS="1770" VPOS="2567" HEIGHT="37" WIDTH="97" ID="PAG_23_ST000349" WC="0.99" CONTENT="n'est" STYLEREFS="TXT_2"/>
            <SP ID="PAG_23_SP000321" HPOS="1867" VPOS="2569" WIDTH="27"/>
            <String HPOS="1894" VPOS="2569" HEIGHT="35" WIDTH="122" ID="PAG_23_ST000350" WC="1" CONTENT="même" STYLEREFS="TXT_2"/>
            <SP ID="PAG_23_SP000322" HPOS="2016" VPOS="2581" WIDTH="27"/>
            <String HPOS="2043" VPOS="2581" HEIGHT="32" WIDTH="67" ID="PAG_23_ST000351" WC="1" CONTENT="pas" STYLEREFS="TXT_2"/>
            <SP ID="PAG_23_SP000323" HPOS="2110" VPOS="2570" WIDTH="27"/>
            <String HPOS="2137" VPOS="2570" HEIGHT="36" WIDTH="132" ID="PAG_23_ST000352" WC="1" CONTENT="besoin" STYLEREFS="TXT_2"/>
            <SP ID="PAG_23_SP000324" HPOS="2269" VPOS="2572" WIDTH="29"/>
            <String HPOS="2298" VPOS="2572" HEIGHT="34" WIDTH="46" ID="PAG_23_ST000353" WC="1" CONTENT="de" STYLEREFS="TXT_2"/>
            <SP ID="PAG_23_SP000325" HPOS="2344" VPOS="2572" WIDTH="28"/>
            <String HPOS="2372" VPOS="2572" HEIGHT="36" WIDTH="147" ID="PAG_23_ST000354" WC="1" CONTENT="beurre." STYLEREFS="TXT_2"/>
            <SP ID="PAG_23_SP000326" HPOS="2519" VPOS="2572" WIDTH="30"/>
            <String HPOS="2549" VPOS="2572" HEIGHT="36" WIDTH="70" ID="PAG_23_ST000355" WC="1" CONTENT="Cet" STYLEREFS="TXT_2"/>
            <SP ID="PAG_23_SP000327" HPOS="2619" VPOS="2573" WIDTH="29"/>
            <String HPOS="2648" VPOS="2573" HEIGHT="44" WIDTH="262" ID="PAG_23_ST000356" WC="1" CONTENT="entrecôte-là," STYLEREFS="TXT_2"/>
            <SP ID="PAG_23_SP000328" HPOS="2910" VPOS="2575" WIDTH="28"/>
            <String HPOS="2938" VPOS="2575" HEIGHT="44" WIDTH="40" ID="PAG_23_ST000357" WC="1" CONTENT="je" STYLEREFS="TXT_2"/>
            <SP ID="PAG_23_SP000329" HPOS="2978" VPOS="2575" WIDTH="30"/>
            <String HPOS="3008" VPOS="2575" HEIGHT="35" WIDTH="79" ID="PAG_23_ST000358" WC="1" CONTENT="suis" STYLEREFS="TXT_2"/>
            <SP ID="PAG_23_SP000330" HPOS="3087" VPOS="2575" WIDTH="29"/>
            <String HPOS="3116" VPOS="2575" HEIGHT="45" WIDTH="155" ID="PAG_23_ST000359" WC="1" CONTENT="capable" STYLEREFS="TXT_2"/>
            <SP ID="PAG_23_SP000331" HPOS="3271" VPOS="2577" WIDTH="29"/>
            <String HPOS="3300" VPOS="2577" HEIGHT="34" WIDTH="46" ID="PAG_23_ST000360" WC="1" CONTENT="de" STYLEREFS="TXT_2"/>
            <SP ID="PAG_23_SP000332" HPOS="3346" VPOS="2588" WIDTH="29"/>
            <String HPOS="3375" VPOS="2588" HEIGHT="23" WIDTH="95" ID="PAG_23_ST000361" WC="1" CONTENT="vous" STYLEREFS="TXT_2"/>
            <SP ID="PAG_23_SP000333" HPOS="3470" VPOS="2577" WIDTH="28"/>
            <String HPOS="3498" VPOS="2577" HEIGHT="35" WIDTH="34" ID="PAG_23_ST000362" WC="1" CONTENT="le" STYLEREFS="TXT_2"/>
            <SP ID="PAG_23_SP000334" HPOS="3532" VPOS="2577" WIDTH="30"/>
            <String HPOS="3562" VPOS="2577" HEIGHT="35" WIDTH="105" ID="PAG_23_ST000363" WC="1" CONTENT="cuire" STYLEREFS="TXT_2"/>
          </TextLine>
          <TextLine HPOS="1770" VPOS="2619" HEIGHT="52" WIDTH="1896" ID="PAG_23_TL000030" STYLEREFS="TXT_2">
            <String HPOS="1770" VPOS="2619" HEIGHT="36" WIDTH="95" ID="PAG_23_ST000364" WC="1" CONTENT="dans" STYLEREFS="TXT_2"/>
            <SP ID="PAG_23_SP000335" HPOS="1865" VPOS="2631" WIDTH="24"/>
            <String HPOS="1889" VPOS="2631" HEIGHT="25" WIDTH="61" ID="PAG_23_ST000365" WC="1" CONTENT="ma" STYLEREFS="TXT_2"/>
            <SP ID="PAG_23_SP000336" HPOS="1950" VPOS="2621" WIDTH="25"/>
            <String HPOS="1975" VPOS="2621" HEIGHT="43" WIDTH="207" ID="PAG_23_ST000366" WC="1" CONTENT="cheminée," STYLEREFS="TXT_2"/>
            <SP ID="PAG_23_SP000337" HPOS="2182" VPOS="2634" WIDTH="26"/>
            <String HPOS="2208" VPOS="2634" HEIGHT="24" WIDTH="49" ID="PAG_23_ST000367" WC="1" CONTENT="ou" STYLEREFS="TXT_2"/>
            <SP ID="PAG_23_SP000338" HPOS="2257" VPOS="2635" WIDTH="25"/>
            <String HPOS="2282" VPOS="2635" HEIGHT="23" WIDTH="47" ID="PAG_23_ST000368" WC="1" CONTENT="en" STYLEREFS="TXT_2"/>
            <SP ID="PAG_23_SP000339" HPOS="2329" VPOS="2623" WIDTH="25"/>
            <String HPOS="2354" VPOS="2623" HEIGHT="44" WIDTH="101" ID="PAG_23_ST000369" WC="1" CONTENT="plein" STYLEREFS="TXT_2"/>
            <SP ID="PAG_23_SP000340" HPOS="2455" VPOS="2624" WIDTH="28"/>
            <String HPOS="2483" VPOS="2624" HEIGHT="36" WIDTH="66" ID="PAG_23_ST000370" WC="1" CONTENT="feu" STYLEREFS="TXT_2"/>
            <SP ID="PAG_23_SP000341" HPOS="2549" VPOS="2625" WIDTH="25"/>
            <String HPOS="2574" VPOS="2625" HEIGHT="35" WIDTH="47" ID="PAG_23_ST000371" WC="1" CONTENT="de" STYLEREFS="TXT_2"/>
            <SP ID="PAG_23_SP000342" HPOS="2621" VPOS="2625" WIDTH="24"/>
            <String HPOS="2645" VPOS="2625" HEIGHT="44" WIDTH="258" ID="PAG_23_ST000372" WC="1" CONTENT="pique-nique," STYLEREFS="TXT_2"/>
            <SP ID="PAG_23_SP000343" HPOS="2903" VPOS="2638" WIDTH="26"/>
            <String HPOS="2929" VPOS="2638" HEIGHT="23" WIDTH="66" ID="PAG_23_ST000373" WC="1" CONTENT="sur" STYLEREFS="TXT_2"/>
            <SP ID="PAG_23_SP000344" HPOS="2995" VPOS="2627" WIDTH="25"/>
            <String HPOS="3020" VPOS="2627" HEIGHT="36" WIDTH="66" ID="PAG_23_ST000374" WC="1" CONTENT="des" STYLEREFS="TXT_2"/>
            <SP ID="PAG_23_SP000345" HPOS="3086" VPOS="2627" WIDTH="25"/>
            <String HPOS="3111" VPOS="2627" HEIGHT="44" WIDTH="198" ID="PAG_23_ST000375" WC="1" CONTENT="pincettes," STYLEREFS="TXT_2"/>
            <SP ID="PAG_23_SP000346" HPOS="3309" VPOS="2640" WIDTH="27"/>
            <String HPOS="3336" VPOS="2640" HEIGHT="24" WIDTH="65" ID="PAG_23_ST000376" WC="1" CONTENT="sur" STYLEREFS="TXT_2"/>
            <SP ID="PAG_23_SP000347" HPOS="3401" VPOS="2640" WIDTH="25"/>
            <String HPOS="3426" VPOS="2640" HEIGHT="24" WIDTH="51" ID="PAG_23_ST000377" WC="1" CONTENT="un" STYLEREFS="TXT_2"/>
            <SP ID="PAG_23_SP000348" HPOS="3477" VPOS="2628" WIDTH="26"/>
            <String HPOS="3503" VPOS="2628" HEIGHT="36" WIDTH="92" ID="PAG_23_ST000378" WC="1" CONTENT="bout" STYLEREFS="TXT_2"/>
            <SP ID="PAG_23_SP000349" HPOS="3595" VPOS="2629" WIDTH="25"/>
            <String HPOS="3620" VPOS="2629" HEIGHT="35" WIDTH="46" ID="PAG_23_ST000379" WC="1" CONTENT="de" STYLEREFS="TXT_2"/>
          </TextLine>
          <TextLine HPOS="1770" VPOS="2670" HEIGHT="49" WIDTH="1897" ID="PAG_23_TL000031" STYLEREFS="TXT_2">
            <String HPOS="1770" VPOS="2670" HEIGHT="45" WIDTH="209" ID="PAG_23_ST000380" WC="1" CONTENT="treillage..." STYLEREFS="TXT_2"/>
            <SP ID="PAG_23_SP000350" HPOS="1979" VPOS="2671" WIDTH="29"/>
            <String HPOS="2008" VPOS="2671" HEIGHT="35" WIDTH="30" ID="PAG_23_ST000381" WC="1" CONTENT="Il" STYLEREFS="TXT_2"/>
            <SP ID="PAG_23_SP000351" HPOS="2038" VPOS="2683" WIDTH="25"/>
            <String HPOS="2063" VPOS="2683" HEIGHT="24" WIDTH="47" ID="PAG_23_ST000382" WC="1" CONTENT="ne" STYLEREFS="TXT_2"/>
            <SP ID="PAG_23_SP000352" HPOS="2110" VPOS="2672" WIDTH="28"/>
            <String HPOS="2138" VPOS="2672" HEIGHT="36" WIDTH="85" ID="PAG_23_ST000383" WC="1" CONTENT="faut" STYLEREFS="TXT_2"/>
            <SP ID="PAG_23_SP000353" HPOS="2223" VPOS="2684" WIDTH="25"/>
            <String HPOS="2248" VPOS="2684" HEIGHT="33" WIDTH="97" ID="PAG_23_ST000384" WC="1" CONTENT="pour" STYLEREFS="TXT_2"/>
            <SP ID="PAG_23_SP000354" HPOS="2345" VPOS="2674" WIDTH="25"/>
            <String HPOS="2370" VPOS="2674" HEIGHT="35" WIDTH="33" ID="PAG_23_ST000385" WC="1" CONTENT="le" STYLEREFS="TXT_2"/>
            <SP ID="PAG_23_SP000355" HPOS="2403" VPOS="2674" WIDTH="27"/>
            <String HPOS="2430" VPOS="2674" HEIGHT="36" WIDTH="145" ID="PAG_23_ST000386" WC="1" CONTENT="réussir" STYLEREFS="TXT_2"/>
            <SP ID="PAG_23_SP000356" HPOS="2575" VPOS="2687" WIDTH="24"/>
            <String HPOS="2599" VPOS="2687" HEIGHT="32" WIDTH="72" ID="PAG_23_ST000387" WC="1" CONTENT="que" STYLEREFS="TXT_2"/>
            <SP ID="PAG_23_SP000357" HPOS="2671" VPOS="2676" WIDTH="26"/>
            <String HPOS="2697" VPOS="2676" HEIGHT="35" WIDTH="34" ID="PAG_23_ST000388" WC="1" CONTENT="le" STYLEREFS="TXT_2"/>
            <SP ID="PAG_23_SP000358" HPOS="2731" VPOS="2688" WIDTH="26"/>
            <String HPOS="2757" VPOS="2688" HEIGHT="23" WIDTH="87" ID="PAG_23_ST000389" WC="1" CONTENT="sens" STYLEREFS="TXT_2"/>
            <SP ID="PAG_23_SP000359" HPOS="2844" VPOS="2677" WIDTH="25"/>
            <String HPOS="2869" VPOS="2677" HEIGHT="35" WIDTH="50" ID="PAG_23_ST000390" WC="1" CONTENT="du" STYLEREFS="TXT_2"/>
            <SP ID="PAG_23_SP000360" HPOS="2919" VPOS="2677" WIDTH="29"/>
            <String HPOS="2948" VPOS="2677" HEIGHT="35" WIDTH="65" ID="PAG_23_ST000391" WC="1" CONTENT="feu" STYLEREFS="TXT_2"/>
            <SP ID="PAG_23_SP000361" HPOS="3013" VPOS="2683" WIDTH="26"/>
            <String HPOS="3039" VPOS="2683" HEIGHT="30" WIDTH="37" ID="PAG_23_ST000392" WC="1" CONTENT="et" STYLEREFS="TXT_2"/>
            <SP ID="PAG_23_SP000362" HPOS="3076" VPOS="2689" WIDTH="25"/>
            <String HPOS="3101" VPOS="2689" HEIGHT="25" WIDTH="74" ID="PAG_23_ST000393" WC="1" CONTENT="une" STYLEREFS="TXT_2"/>
            <SP ID="PAG_23_SP000363" HPOS="3175" VPOS="2678" WIDTH="26"/>
            <String HPOS="3201" VPOS="2678" HEIGHT="36" WIDTH="170" ID="PAG_23_ST000394" WC="1" CONTENT="certaine" STYLEREFS="TXT_2"/>
            <SP ID="PAG_23_SP000364" HPOS="3371" VPOS="2679" WIDTH="26"/>
            <String HPOS="3397" VPOS="2679" HEIGHT="36" WIDTH="197" ID="PAG_23_ST000395" WC="1" CONTENT="hardiesse" STYLEREFS="TXT_2"/>
            <SP ID="PAG_23_SP000365" HPOS="3594" VPOS="2680" WIDTH="26"/>
            <String HPOS="3620" VPOS="2680" HEIGHT="34" WIDTH="47" ID="PAG_23_ST000396" WC="1" CONTENT="de" STYLEREFS="TXT_2"/>
          </TextLine>
          <TextLine HPOS="1768" VPOS="2726" HEIGHT="38" WIDTH="118" ID="PAG_23_TL000032" STYLEREFS="TXT_2">
            <String HPOS="1768" VPOS="2726" HEIGHT="38" WIDTH="118" ID="PAG_23_ST000397" WC="1" CONTENT="geste." STYLEREFS="TXT_2"/>
          </TextLine>
        </TextBlock>
        <TextBlock HPOS="1368" VPOS="2837" HEIGHT="405" WIDTH="1928" ID="PAG_23_TB000007" LANG="fr" STYLEREFS="TXT_2">
          <TextLine HPOS="1387" VPOS="2837" HEIGHT="53" WIDTH="1880" ID="PAG_23_TL000033" STYLEREFS="TXT_2">
            <String HPOS="1387" VPOS="2845" HEIGHT="45" WIDTH="136" ID="PAG_23_ST000398" WC="0.51" CONTENT="S" STYLEREFS="TXT_18"/>
            <SP ID="PAG_23_SP000366" HPOS="1523" VPOS="2847" WIDTH="28"/>
            <String HPOS="1551" VPOS="2847" HEIGHT="23" WIDTH="42" ID="PAG_23_ST000399" WC="0.93" CONTENT="IL" STYLEREFS="TXT_18"/>
            <SP ID="PAG_23_SP000367" HPOS="1593" VPOS="2837" WIDTH="27"/>
            <String HPOS="1620" VPOS="2837" HEIGHT="45" WIDTH="113" ID="PAG_23_ST000400" WC="1" CONTENT="s'agit" STYLEREFS="TXT_2"/>
            <SP ID="PAG_23_SP000368" HPOS="1733" VPOS="2838" WIDTH="27"/>
            <String HPOS="1760" VPOS="2838" HEIGHT="35" WIDTH="46" ID="PAG_23_ST000401" WC="1" CONTENT="de" STYLEREFS="TXT_2"/>
            <SP ID="PAG_23_SP000369" HPOS="1806" VPOS="2838" WIDTH="27"/>
            <String HPOS="1833" VPOS="2838" HEIGHT="44" WIDTH="98" ID="PAG_23_ST000402" WC="1" CONTENT="plats" STYLEREFS="TXT_2"/>
            <SP ID="PAG_23_SP000370" HPOS="1931" VPOS="2839" WIDTH="27"/>
            <String HPOS="1958" VPOS="2839" HEIGHT="35" WIDTH="22" ID="PAG_23_ST000403" WC="1" CONTENT="à" STYLEREFS="TXT_2"/>
            <SP ID="PAG_23_SP000371" HPOS="1980" VPOS="2840" WIDTH="28"/>
            <String HPOS="2008" VPOS="2840" HEIGHT="45" WIDTH="138" ID="PAG_23_ST000404" WC="1" CONTENT="longue" STYLEREFS="TXT_2"/>
            <SP ID="PAG_23_SP000372" HPOS="2146" VPOS="2841" WIDTH="30"/>
            <String HPOS="2176" VPOS="2841" HEIGHT="43" WIDTH="165" ID="PAG_23_ST000405" WC="1" CONTENT="cuisson," STYLEREFS="TXT_2"/>
            <SP ID="PAG_23_SP000373" HPOS="2341" VPOS="2843" WIDTH="26"/>
            <String HPOS="2367" VPOS="2843" HEIGHT="45" WIDTH="40" ID="PAG_23_ST000406" WC="1" CONTENT="je" STYLEREFS="TXT_2"/>
            <SP ID="PAG_23_SP000374" HPOS="2407" VPOS="2855" WIDTH="28"/>
            <String HPOS="2435" VPOS="2855" HEIGHT="32" WIDTH="111" ID="PAG_23_ST000407" WC="1" CONTENT="passe" STYLEREFS="TXT_2"/>
            <SP ID="PAG_23_SP000375" HPOS="2546" VPOS="2845" WIDTH="28"/>
            <String HPOS="2574" VPOS="2845" HEIGHT="35" WIDTH="36" ID="PAG_23_ST000408" WC="1" CONTENT="la" STYLEREFS="TXT_2"/>
            <SP ID="PAG_23_SP000376" HPOS="2610" VPOS="2845" WIDTH="26"/>
            <String HPOS="2636" VPOS="2845" HEIGHT="35" WIDTH="104" ID="PAG_23_ST000409" WC="1" CONTENT="main" STYLEREFS="TXT_2"/>
            <SP ID="PAG_23_SP000377" HPOS="2740" VPOS="2845" WIDTH="29"/>
            <String HPOS="2769" VPOS="2845" HEIGHT="35" WIDTH="22" ID="PAG_23_ST000410" WC="1" CONTENT="à" STYLEREFS="TXT_2"/>
            <SP ID="PAG_23_SP000378" HPOS="2791" VPOS="2846" WIDTH="26"/>
            <String HPOS="2817" VPOS="2846" HEIGHT="43" WIDTH="63" ID="PAG_23_ST000411" WC="1" CONTENT="qui" STYLEREFS="TXT_2"/>
            <SP ID="PAG_23_SP000379" HPOS="2880" VPOS="2846" WIDTH="30"/>
            <String HPOS="2910" VPOS="2846" HEIGHT="35" WIDTH="157" ID="PAG_23_ST000412" WC="1" CONTENT="voudra." STYLEREFS="TXT_2"/>
            <SP ID="PAG_23_SP000380" HPOS="3067" VPOS="2846" WIDTH="30"/>
            <String HPOS="3097" VPOS="2846" HEIGHT="35" WIDTH="102" ID="PAG_23_ST000413" WC="1" CONTENT="Mais" STYLEREFS="TXT_2"/>
            <SP ID="PAG_23_SP000381" HPOS="3199" VPOS="2846" WIDTH="29"/>
            <String HPOS="3228" VPOS="2846" HEIGHT="43" WIDTH="39" ID="PAG_23_ST000414" WC="1" CONTENT="je" STYLEREFS="TXT_2"/>
          </TextLine>
          <TextLine HPOS="1540" VPOS="2888" HEIGHT="51" WIDTH="1728" ID="PAG_23_TL000034" STYLEREFS="TXT_2">
            <String HPOS="1540" VPOS="2888" HEIGHT="44" WIDTH="200" ID="PAG_23_ST000415" WC="1" CONTENT="n'abdique" STYLEREFS="TXT_2"/>
            <SP ID="PAG_23_SP000382" HPOS="1740" VPOS="2900" WIDTH="21"/>
            <String HPOS="1761" VPOS="2900" HEIGHT="33" WIDTH="67" ID="PAG_23_ST000416" WC="1" CONTENT="pas" STYLEREFS="TXT_2"/>
            <SP ID="PAG_23_SP000383" HPOS="1828" VPOS="2901" WIDTH="22"/>
            <String HPOS="1850" VPOS="2901" HEIGHT="24" WIDTH="88" ID="PAG_23_ST000417" WC="1" CONTENT="mon" STYLEREFS="TXT_2"/>
            <SP ID="PAG_23_SP000384" HPOS="1938" VPOS="2892" WIDTH="24"/>
            <String HPOS="1962" VPOS="2892" HEIGHT="43" WIDTH="275" ID="PAG_23_ST000418" WC="1" CONTENT="tempérament" STYLEREFS="TXT_2"/>
            <SP ID="PAG_23_SP000385" HPOS="2237" VPOS="2894" WIDTH="22"/>
            <String HPOS="2259" VPOS="2894" HEIGHT="35" WIDTH="46" ID="PAG_23_ST000419" WC="1" CONTENT="de" STYLEREFS="TXT_2"/>
            <SP ID="PAG_23_SP000386" HPOS="2305" VPOS="2894" WIDTH="22"/>
            <String HPOS="2327" VPOS="2894" HEIGHT="44" WIDTH="160" ID="PAG_23_ST000420" WC="1" CONTENT="critique" STYLEREFS="TXT_2"/>
            <SP ID="PAG_23_SP000387" HPOS="2487" VPOS="2901" WIDTH="23"/>
            <String HPOS="2510" VPOS="2901" HEIGHT="29" WIDTH="37" ID="PAG_23_ST000421" WC="1" CONTENT="et" STYLEREFS="TXT_2"/>
            <SP ID="PAG_23_SP000388" HPOS="2547" VPOS="2895" WIDTH="20"/>
            <String HPOS="2567" VPOS="2895" HEIGHT="44" WIDTH="45" ID="PAG_23_ST000422" WC="1" CONTENT="je" STYLEREFS="TXT_2"/>
            <SP ID="PAG_23_SP000389" HPOS="2612" VPOS="2896" WIDTH="17"/>
            <String HPOS="2629" VPOS="2896" HEIGHT="35" WIDTH="158" ID="PAG_23_ST000423" WC="1" CONTENT="deviens" STYLEREFS="TXT_2"/>
            <SP ID="PAG_23_SP000390" HPOS="2787" VPOS="2896" WIDTH="23"/>
            <String HPOS="2810" VPOS="2896" HEIGHT="36" WIDTH="210" ID="PAG_23_ST000424" WC="1" CONTENT="tatillonne." STYLEREFS="TXT_2"/>
            <SP ID="PAG_23_SP000391" HPOS="3020" VPOS="2897" WIDTH="24"/>
            <String HPOS="3044" VPOS="2897" HEIGHT="35" WIDTH="55" ID="PAG_23_ST000425" WC="1" CONTENT="La" STYLEREFS="TXT_2"/>
            <SP ID="PAG_23_SP000392" HPOS="3099" VPOS="2897" WIDTH="23"/>
            <String HPOS="3122" VPOS="2897" HEIGHT="35" WIDTH="146" ID="PAG_23_ST000426" WC="1" CONTENT="cuisine" STYLEREFS="TXT_2"/>
          </TextLine>
          <TextLine HPOS="1541" VPOS="2938" HEIGHT="54" WIDTH="1755" ID="PAG_23_TL000035" STYLEREFS="TXT_2">
            <String HPOS="1541" VPOS="2938" HEIGHT="45" WIDTH="205" ID="PAG_23_ST000427" WC="1" CONTENT="française," STYLEREFS="TXT_2"/>
            <SP ID="PAG_23_SP000393" HPOS="1746" VPOS="2941" WIDTH="24"/>
            <String HPOS="1770" VPOS="2941" HEIGHT="35" WIDTH="35" ID="PAG_23_ST000428" WC="1" CONTENT="la" STYLEREFS="TXT_2"/>
            <SP ID="PAG_23_SP000394" HPOS="1805" VPOS="2941" WIDTH="23"/>
            <String HPOS="1828" VPOS="2941" HEIGHT="43" WIDTH="118" ID="PAG_23_ST000429" WC="1" CONTENT="vraie," STYLEREFS="TXT_2"/>
            <SP ID="PAG_23_SP000395" HPOS="1946" VPOS="2949" WIDTH="24"/>
            <String HPOS="1970" VPOS="2949" HEIGHT="29" WIDTH="57" ID="PAG_23_ST000430" WC="1" CONTENT="est" STYLEREFS="TXT_2"/>
            <SP ID="PAG_23_SP000396" HPOS="2027" VPOS="2943" WIDTH="22"/>
            <String HPOS="2049" VPOS="2943" HEIGHT="35" WIDTH="22" ID="PAG_23_ST000431" WC="1" CONTENT="à" STYLEREFS="TXT_2"/>
            <SP ID="PAG_23_SP000397" HPOS="2071" VPOS="2943" WIDTH="23"/>
            <String HPOS="2094" VPOS="2943" HEIGHT="36" WIDTH="133" ID="PAG_23_ST000432" WC="1" CONTENT="cheval" STYLEREFS="TXT_2"/>
            <SP ID="PAG_23_SP000398" HPOS="2227" VPOS="2956" WIDTH="24"/>
            <String HPOS="2251" VPOS="2956" HEIGHT="23" WIDTH="65" ID="PAG_23_ST000433" WC="1" CONTENT="sur" STYLEREFS="TXT_2"/>
            <SP ID="PAG_23_SP000399" HPOS="2316" VPOS="2945" WIDTH="22"/>
            <String HPOS="2338" VPOS="2945" HEIGHT="35" WIDTH="54" ID="PAG_23_ST000434" WC="1" CONTENT="les" STYLEREFS="TXT_2"/>
            <SP ID="PAG_23_SP000400" HPOS="2392" VPOS="2946" WIDTH="23"/>
            <String HPOS="2415" VPOS="2946" HEIGHT="44" WIDTH="203" ID="PAG_23_ST000435" WC="1" CONTENT="principes," STYLEREFS="TXT_2"/>
            <SP ID="PAG_23_SP000401" HPOS="2618" VPOS="2958" WIDTH="24"/>
            <String HPOS="2642" VPOS="2958" HEIGHT="23" WIDTH="66" ID="PAG_23_ST000436" WC="1" CONTENT="sur" STYLEREFS="TXT_2"/>
            <SP ID="PAG_23_SP000402" HPOS="2708" VPOS="2947" WIDTH="23"/>
            <String HPOS="2731" VPOS="2947" HEIGHT="44" WIDTH="86" ID="PAG_23_ST000437" WC="1" CONTENT="cinq" STYLEREFS="TXT_2"/>
            <SP ID="PAG_23_SP000403" HPOS="2817" VPOS="2959" WIDTH="22"/>
            <String HPOS="2839" VPOS="2959" HEIGHT="23" WIDTH="50" ID="PAG_23_ST000438" WC="1" CONTENT="ou" STYLEREFS="TXT_2"/>
            <SP ID="PAG_23_SP000404" HPOS="2889" VPOS="2947" WIDTH="24"/>
            <String HPOS="2913" VPOS="2947" HEIGHT="35" WIDTH="61" ID="PAG_23_ST000439" WC="1" CONTENT="six" STYLEREFS="TXT_2"/>
            <SP ID="PAG_23_SP000405" HPOS="2974" VPOS="2948" WIDTH="21"/>
            <String HPOS="2995" VPOS="2948" HEIGHT="44" WIDTH="144" ID="PAG_23_ST000440" WC="1" CONTENT="grands" STYLEREFS="TXT_2"/>
            <SP ID="PAG_23_SP000406" HPOS="3139" VPOS="2949" WIDTH="23"/>
            <String HPOS="3162" VPOS="2949" HEIGHT="43" WIDTH="104" ID="PAG_23_ST000441" WC="1" CONTENT="prin-" SUBS_TYPE="HypPart1" SUBS_CONTENT="principes" STYLEREFS="TXT_2"/>
            <HYP HPOS="3266" VPOS="2992" WIDTH="30" CONTENT="-"/>
          </TextLine>
          <TextLine HPOS="1538" VPOS="2990" HEIGHT="51" WIDTH="1727" ID="PAG_23_TL000036" STYLEREFS="TXT_2">
            <String HPOS="1538" VPOS="2990" HEIGHT="44" WIDTH="102" ID="PAG_23_ST000442" WC="1" CONTENT="cipes" SUBS_TYPE="HypPart2" SUBS_CONTENT="principes" STYLEREFS="TXT_2"/>
            <SP ID="PAG_23_SP000407" HPOS="1640" VPOS="3002" WIDTH="22"/>
            <String HPOS="1662" VPOS="3002" HEIGHT="33" WIDTH="71" ID="PAG_23_ST000443" WC="1" CONTENT="que" STYLEREFS="TXT_2"/>
            <SP ID="PAG_23_SP000408" HPOS="1733" VPOS="2992" WIDTH="23"/>
            <String HPOS="1756" VPOS="2992" HEIGHT="44" WIDTH="40" ID="PAG_23_ST000444" WC="1" CONTENT="je" STYLEREFS="TXT_2"/>
            <SP ID="PAG_23_SP000409" HPOS="1796" VPOS="2992" WIDTH="24"/>
            <String HPOS="1820" VPOS="2992" HEIGHT="37" WIDTH="144" ID="PAG_23_ST000445" WC="1" CONTENT="révère." STYLEREFS="TXT_2"/>
            <SP ID="PAG_23_SP000410" HPOS="1964" VPOS="2994" WIDTH="23"/>
            <String HPOS="1987" VPOS="2994" HEIGHT="42" WIDTH="45" ID="PAG_23_ST000446" WC="1" CONTENT="Je" STYLEREFS="TXT_2"/>
            <SP ID="PAG_23_SP000411" HPOS="2032" VPOS="2995" WIDTH="23"/>
            <String HPOS="2055" VPOS="2995" HEIGHT="41" WIDTH="140" ID="PAG_23_ST000447" WC="1" CONTENT="crains," STYLEREFS="TXT_2"/>
            <SP ID="PAG_23_SP000412" HPOS="2195" VPOS="3002" WIDTH="24"/>
            <String HPOS="2219" VPOS="3002" HEIGHT="30" WIDTH="140" ID="PAG_23_ST000448" WC="1" CONTENT="autour" STYLEREFS="TXT_2"/>
            <SP ID="PAG_23_SP000413" HPOS="2359" VPOS="2997" WIDTH="22"/>
            <String HPOS="2381" VPOS="2997" HEIGHT="35" WIDTH="51" ID="PAG_23_ST000449" WC="1" CONTENT="du" STYLEREFS="TXT_2"/>
            <SP ID="PAG_23_SP000414" HPOS="2432" VPOS="2997" WIDTH="22"/>
            <String HPOS="2454" VPOS="2997" HEIGHT="36" WIDTH="107" ID="PAG_23_ST000450" WC="1" CONTENT="bœuf" STYLEREFS="TXT_2"/>
            <SP ID="PAG_23_SP000415" HPOS="2561" VPOS="2999" WIDTH="23"/>
            <String HPOS="2584" VPOS="2999" HEIGHT="38" WIDTH="122" ID="PAG_23_ST000451" WC="1" CONTENT="mode," STYLEREFS="TXT_2"/>
            <SP ID="PAG_23_SP000416" HPOS="2706" VPOS="2999" WIDTH="26"/>
            <String HPOS="2732" VPOS="2999" HEIGHT="37" WIDTH="36" ID="PAG_23_ST000452" WC="1" CONTENT="la" STYLEREFS="TXT_2"/>
            <SP ID="PAG_23_SP000417" HPOS="2768" VPOS="2999" WIDTH="24"/>
            <String HPOS="2792" VPOS="2999" HEIGHT="36" WIDTH="290" ID="PAG_23_ST000453" WC="1" CONTENT="surabondance" STYLEREFS="TXT_2"/>
            <SP ID="PAG_23_SP000418" HPOS="3082" VPOS="3000" WIDTH="23"/>
            <String HPOS="3105" VPOS="3000" HEIGHT="35" WIDTH="51" ID="PAG_23_ST000454" WC="1" CONTENT="du" STYLEREFS="TXT_2"/>
            <SP ID="PAG_23_SP000419" HPOS="3156" VPOS="3000" WIDTH="23"/>
            <String HPOS="3179" VPOS="3000" HEIGHT="41" WIDTH="86" ID="PAG_23_ST000455" WC="1" CONTENT="pied" STYLEREFS="TXT_2"/>
          </TextLine>
          <TextLine HPOS="1369" VPOS="3039" HEIGHT="52" WIDTH="1896" ID="PAG_23_TL000037" STYLEREFS="TXT_2">
            <String HPOS="1369" VPOS="3039" HEIGHT="35" WIDTH="45" ID="PAG_23_ST000456" WC="1" CONTENT="de" STYLEREFS="TXT_2"/>
            <SP ID="PAG_23_SP000420" HPOS="1414" VPOS="3052" WIDTH="19"/>
            <String HPOS="1433" VPOS="3052" HEIGHT="29" WIDTH="108" ID="PAG_23_ST000457" WC="1" CONTENT="veau," STYLEREFS="TXT_2"/>
            <SP ID="PAG_23_SP000421" HPOS="1541" VPOS="3041" WIDTH="18"/>
            <String HPOS="1559" VPOS="3041" HEIGHT="44" WIDTH="63" ID="PAG_23_ST000458" WC="1" CONTENT="qui" STYLEREFS="TXT_2"/>
            <SP ID="PAG_23_SP000422" HPOS="1622" VPOS="3041" WIDTH="20"/>
            <String HPOS="1642" VPOS="3041" HEIGHT="45" WIDTH="146" ID="PAG_23_ST000459" WC="1" CONTENT="change" STYLEREFS="TXT_2"/>
            <SP ID="PAG_23_SP000423" HPOS="1788" VPOS="3042" WIDTH="19"/>
            <String HPOS="1807" VPOS="3042" HEIGHT="36" WIDTH="36" ID="PAG_23_ST000460" WC="1" CONTENT="la" STYLEREFS="TXT_2"/>
            <SP ID="PAG_23_SP000424" HPOS="1843" VPOS="3043" WIDTH="16"/>
            <String HPOS="1859" VPOS="3043" HEIGHT="45" WIDTH="108" ID="PAG_23_ST000461" WC="1" CONTENT="gelée" STYLEREFS="TXT_2"/>
            <SP ID="PAG_23_SP000425" HPOS="1967" VPOS="3056" WIDTH="19"/>
            <String HPOS="1986" VPOS="3056" HEIGHT="23" WIDTH="46" ID="PAG_23_ST000462" WC="1" CONTENT="en" STYLEREFS="TXT_2"/>
            <SP ID="PAG_23_SP000426" HPOS="2032" VPOS="3045" WIDTH="18"/>
            <String HPOS="2050" VPOS="3045" HEIGHT="42" WIDTH="178" ID="PAG_23_ST000463" WC="1" CONTENT="gélatine," STYLEREFS="TXT_2"/>
            <SP ID="PAG_23_SP000427" HPOS="2228" VPOS="3053" WIDTH="20"/>
            <String HPOS="2248" VPOS="3053" HEIGHT="29" WIDTH="36" ID="PAG_23_ST000464" WC="1" CONTENT="et" STYLEREFS="TXT_2"/>
            <SP ID="PAG_23_SP000428" HPOS="2284" VPOS="3047" WIDTH="19"/>
            <String HPOS="2303" VPOS="3047" HEIGHT="36" WIDTH="93" ID="PAG_23_ST000465" WC="1" CONTENT="celle" STYLEREFS="TXT_2"/>
            <SP ID="PAG_23_SP000429" HPOS="2396" VPOS="3048" WIDTH="15"/>
            <String HPOS="2411" VPOS="3048" HEIGHT="35" WIDTH="49" ID="PAG_23_ST000466" WC="1" CONTENT="de" STYLEREFS="TXT_2"/>
            <SP ID="PAG_23_SP000430" HPOS="2460" VPOS="3048" WIDTH="19"/>
            <String HPOS="2479" VPOS="3048" HEIGHT="35" WIDTH="36" ID="PAG_23_ST000467" WC="1" CONTENT="la" STYLEREFS="TXT_2"/>
            <SP ID="PAG_23_SP000431" HPOS="2515" VPOS="3049" WIDTH="19"/>
            <String HPOS="2534" VPOS="3049" HEIGHT="35" WIDTH="120" ID="PAG_23_ST000468" WC="1" CONTENT="douce" STYLEREFS="TXT_2"/>
            <SP ID="PAG_23_SP000432" HPOS="2654" VPOS="3055" WIDTH="19"/>
            <String HPOS="2673" VPOS="3055" HEIGHT="30" WIDTH="147" ID="PAG_23_ST000469" WC="1" CONTENT="carotte" STYLEREFS="TXT_2"/>
            <SP ID="PAG_23_SP000433" HPOS="2820" VPOS="3050" WIDTH="18"/>
            <String HPOS="2838" VPOS="3050" HEIGHT="41" WIDTH="64" ID="PAG_23_ST000470" WC="1" CONTENT="qui" STYLEREFS="TXT_2"/>
            <SP ID="PAG_23_SP000434" HPOS="2902" VPOS="3050" WIDTH="20"/>
            <String HPOS="2922" VPOS="3050" HEIGHT="41" WIDTH="126" ID="PAG_23_ST000471" WC="1" CONTENT="risque" STYLEREFS="TXT_2"/>
            <SP ID="PAG_23_SP000435" HPOS="3048" VPOS="3051" WIDTH="19"/>
            <String HPOS="3067" VPOS="3051" HEIGHT="34" WIDTH="46" ID="PAG_23_ST000472" WC="1" CONTENT="de" STYLEREFS="TXT_2"/>
            <SP ID="PAG_23_SP000436" HPOS="3113" VPOS="3062" WIDTH="21"/>
            <String HPOS="3134" VPOS="3062" HEIGHT="23" WIDTH="131" ID="PAG_23_ST000473" WC="1" CONTENT="sucrer" STYLEREFS="TXT_2"/>
          </TextLine>
          <TextLine HPOS="1369" VPOS="3090" HEIGHT="49" WIDTH="1926" ID="PAG_23_TL000038" STYLEREFS="TXT_2">
            <String HPOS="1369" VPOS="3090" HEIGHT="35" WIDTH="35" ID="PAG_23_ST000474" WC="1" CONTENT="la" STYLEREFS="TXT_2"/>
            <SP ID="PAG_23_SP000437" HPOS="1404" VPOS="3102" WIDTH="21"/>
            <String HPOS="1425" VPOS="3102" HEIGHT="24" WIDTH="124" ID="PAG_23_ST000475" WC="1" CONTENT="sauce." STYLEREFS="TXT_2"/>
            <SP ID="PAG_23_SP000438" HPOS="1549" VPOS="3092" WIDTH="25"/>
            <String HPOS="1574" VPOS="3092" HEIGHT="35" WIDTH="74" ID="PAG_23_ST000476" WC="1" CONTENT="Par" STYLEREFS="TXT_2"/>
            <SP ID="PAG_23_SP000439" HPOS="1648" VPOS="3099" WIDTH="21"/>
            <String HPOS="1669" VPOS="3099" HEIGHT="36" WIDTH="142" ID="PAG_23_ST000477" WC="1" CONTENT="contre," STYLEREFS="TXT_2"/>
            <SP ID="PAG_23_SP000440" HPOS="1811" VPOS="3094" WIDTH="20"/>
            <String HPOS="1831" VPOS="3094" HEIGHT="44" WIDTH="41" ID="PAG_23_ST000478" WC="1" CONTENT="je" STYLEREFS="TXT_2"/>
            <SP ID="PAG_23_SP000441" HPOS="1872" VPOS="3095" WIDTH="19"/>
            <String HPOS="1891" VPOS="3095" HEIGHT="44" WIDTH="96" ID="PAG_23_ST000479" WC="1" CONTENT="jette" STYLEREFS="TXT_2"/>
            <SP ID="PAG_23_SP000442" HPOS="1987" VPOS="3096" WIDTH="21"/>
            <String HPOS="2008" VPOS="3096" HEIGHT="35" WIDTH="96" ID="PAG_23_ST000480" WC="1" CONTENT="dans" STYLEREFS="TXT_2"/>
            <SP ID="PAG_23_SP000443" HPOS="2104" VPOS="3097" WIDTH="22"/>
            <String HPOS="2126" VPOS="3097" HEIGHT="35" WIDTH="33" ID="PAG_23_ST000481" WC="1" CONTENT="le" STYLEREFS="TXT_2"/>
            <SP ID="PAG_23_SP000444" HPOS="2159" VPOS="3097" WIDTH="22"/>
            <String HPOS="2181" VPOS="3097" HEIGHT="36" WIDTH="121" ID="PAG_23_ST000482" WC="1" CONTENT="même" STYLEREFS="TXT_2"/>
            <SP ID="PAG_23_SP000445" HPOS="2302" VPOS="3098" WIDTH="22"/>
            <String HPOS="2324" VPOS="3098" HEIGHT="36" WIDTH="107" ID="PAG_23_ST000483" WC="1" CONTENT="bœuf" STYLEREFS="TXT_2"/>
            <SP ID="PAG_23_SP000446" HPOS="2431" VPOS="3100" WIDTH="21"/>
            <String HPOS="2452" VPOS="3100" HEIGHT="34" WIDTH="101" ID="PAG_23_ST000484" WC="1" CONTENT="deux" STYLEREFS="TXT_2"/>
            <SP ID="PAG_23_SP000447" HPOS="2553" VPOS="3111" WIDTH="21"/>
            <String HPOS="2574" VPOS="3111" HEIGHT="24" WIDTH="208" ID="PAG_23_ST000485" WC="1" CONTENT="morceaux" STYLEREFS="TXT_2"/>
            <SP ID="PAG_23_SP000448" HPOS="2782" VPOS="3101" WIDTH="23"/>
            <String HPOS="2805" VPOS="3101" HEIGHT="35" WIDTH="46" ID="PAG_23_ST000486" WC="1" CONTENT="de" STYLEREFS="TXT_2"/>
            <SP ID="PAG_23_SP000449" HPOS="2851" VPOS="3112" WIDTH="22"/>
            <String HPOS="2873" VPOS="3112" HEIGHT="25" WIDTH="110" ID="PAG_23_ST000487" WC="1" CONTENT="sucre" STYLEREFS="TXT_2"/>
            <SP ID="PAG_23_SP000450" HPOS="2983" VPOS="3113" WIDTH="21"/>
            <String HPOS="3004" VPOS="3113" HEIGHT="24" WIDTH="50" ID="PAG_23_ST000488" WC="1" CONTENT="au" STYLEREFS="TXT_2"/>
            <SP ID="PAG_23_SP000451" HPOS="3054" VPOS="3113" WIDTH="21"/>
            <String HPOS="3075" VPOS="3113" HEIGHT="24" WIDTH="190" ID="PAG_23_ST000489" WC="1" CONTENT="commen-" SUBS_TYPE="HypPart1" SUBS_CONTENT="commencement" STYLEREFS="TXT_2"/>
            <HYP HPOS="3265" VPOS="3137" WIDTH="30" CONTENT="-"/>
          </TextLine>
          <TextLine HPOS="1368" VPOS="3143" HEIGHT="51" WIDTH="1896" ID="PAG_23_TL000039" STYLEREFS="TXT_2">
            <String HPOS="1368" VPOS="3148" HEIGHT="29" WIDTH="148" ID="PAG_23_ST000490" WC="1" CONTENT="cement" SUBS_TYPE="HypPart2" SUBS_CONTENT="commencement" STYLEREFS="TXT_2"/>
            <SP ID="PAG_23_SP000452" HPOS="1516" VPOS="3143" WIDTH="25"/>
            <String HPOS="1541" VPOS="3143" HEIGHT="35" WIDTH="46" ID="PAG_23_ST000491" WC="1" CONTENT="de" STYLEREFS="TXT_2"/>
            <SP ID="PAG_23_SP000453" HPOS="1587" VPOS="3143" WIDTH="24"/>
            <String HPOS="1611" VPOS="3143" HEIGHT="36" WIDTH="36" ID="PAG_23_ST000492" WC="1" CONTENT="la" STYLEREFS="TXT_2"/>
            <SP ID="PAG_23_SP000454" HPOS="1647" VPOS="3144" WIDTH="26"/>
            <String HPOS="1673" VPOS="3144" HEIGHT="36" WIDTH="163" ID="PAG_23_ST000493" WC="1" CONTENT="cuisson." STYLEREFS="TXT_2"/>
            <SP ID="PAG_23_SP000455" HPOS="1836" VPOS="3145" WIDTH="26"/>
            <String HPOS="1862" VPOS="3145" HEIGHT="36" WIDTH="149" ID="PAG_23_ST000494" WC="1" CONTENT="Autant" STYLEREFS="TXT_2"/>
            <SP ID="PAG_23_SP000456" HPOS="2011" VPOS="3148" WIDTH="24"/>
            <String HPOS="2035" VPOS="3148" HEIGHT="35" WIDTH="95" ID="PAG_23_ST000495" WC="1" CONTENT="dans" STYLEREFS="TXT_2"/>
            <SP ID="PAG_23_SP000457" HPOS="2130" VPOS="3148" WIDTH="27"/>
            <String HPOS="2157" VPOS="3148" HEIGHT="45" WIDTH="238" ID="PAG_23_ST000496" WC="1" CONTENT="l'aiguillette" STYLEREFS="TXT_2"/>
            <SP ID="PAG_23_SP000458" HPOS="2395" VPOS="3150" WIDTH="26"/>
            <String HPOS="2421" VPOS="3150" HEIGHT="35" WIDTH="22" ID="PAG_23_ST000497" WC="1" CONTENT="à" STYLEREFS="TXT_2"/>
            <SP ID="PAG_23_SP000459" HPOS="2443" VPOS="3150" WIDTH="26"/>
            <String HPOS="2469" VPOS="3150" HEIGHT="44" WIDTH="224" ID="PAG_23_ST000498" WC="1" CONTENT="l'ancienne," STYLEREFS="TXT_2"/>
            <SP ID="PAG_23_SP000460" HPOS="2693" VPOS="3158" WIDTH="27"/>
            <String HPOS="2720" VPOS="3158" HEIGHT="30" WIDTH="134" ID="PAG_23_ST000499" WC="1" CONTENT="autant" STYLEREFS="TXT_2"/>
            <SP ID="PAG_23_SP000461" HPOS="2854" VPOS="3153" WIDTH="25"/>
            <String HPOS="2879" VPOS="3153" HEIGHT="35" WIDTH="96" ID="PAG_23_ST000500" WC="1" CONTENT="dans" STYLEREFS="TXT_2"/>
            <SP ID="PAG_23_SP000462" HPOS="2975" VPOS="3152" WIDTH="27"/>
            <String HPOS="3002" VPOS="3152" HEIGHT="35" WIDTH="33" ID="PAG_23_ST000501" WC="1" CONTENT="le" STYLEREFS="TXT_2"/>
            <SP ID="PAG_23_SP000463" HPOS="3035" VPOS="3153" WIDTH="28"/>
            <String HPOS="3063" VPOS="3153" HEIGHT="35" WIDTH="201" ID="PAG_23_ST000502" WC="1" CONTENT="cassoulet." STYLEREFS="TXT_2"/>
          </TextLine>
          <TextLine HPOS="1369" VPOS="3192" HEIGHT="50" WIDTH="1823" ID="PAG_23_TL000040" STYLEREFS="TXT_2">
            <String HPOS="1369" VPOS="3192" HEIGHT="46" WIDTH="193" ID="PAG_23_ST000503" WC="1" CONTENT="Pourquoi" STYLEREFS="TXT_2"/>
            <SP ID="PAG_23_SP000464" HPOS="1562" VPOS="3194" WIDTH="33"/>
            <String HPOS="1595" VPOS="3194" HEIGHT="35" WIDTH="15" ID="PAG_23_ST000504" WC="1" CONTENT="?" STYLEREFS="TXT_2"/>
            <SP ID="PAG_23_SP000465" HPOS="1610" VPOS="3195" WIDTH="27"/>
            <String HPOS="1637" VPOS="3195" HEIGHT="36" WIDTH="119" ID="PAG_23_ST000505" WC="1" CONTENT="Parce" STYLEREFS="TXT_2"/>
            <SP ID="PAG_23_SP000466" HPOS="1756" VPOS="3208" WIDTH="24"/>
            <String HPOS="1780" VPOS="3208" HEIGHT="32" WIDTH="84" ID="PAG_23_ST000506" WC="1" CONTENT="que." STYLEREFS="TXT_2"/>
            <SP ID="PAG_23_SP000467" HPOS="1864" VPOS="3197" WIDTH="27"/>
            <String HPOS="1891" VPOS="3197" HEIGHT="35" WIDTH="81" ID="PAG_23_ST000507" WC="1" CONTENT="Nos" STYLEREFS="TXT_2"/>
            <SP ID="PAG_23_SP000468" HPOS="1972" VPOS="3199" WIDTH="24"/>
            <String HPOS="1996" VPOS="3199" HEIGHT="43" WIDTH="262" ID="PAG_23_ST000508" WC="1" CONTENT="grand'mères" STYLEREFS="TXT_2"/>
            <SP ID="PAG_23_SP000469" HPOS="2258" VPOS="3200" WIDTH="29"/>
            <String HPOS="2287" VPOS="3200" HEIGHT="36" WIDTH="182" ID="PAG_23_ST000509" WC="1" CONTENT="faisaient" STYLEREFS="TXT_2"/>
            <SP ID="PAG_23_SP000470" HPOS="2469" VPOS="3201" WIDTH="24"/>
            <String HPOS="2493" VPOS="3201" HEIGHT="36" WIDTH="98" ID="PAG_23_ST000510" WC="1" CONTENT="ainsi" STYLEREFS="TXT_2"/>
            <SP ID="PAG_23_SP000471" HPOS="2591" VPOS="3209" WIDTH="27"/>
            <String HPOS="2618" VPOS="3209" HEIGHT="29" WIDTH="37" ID="PAG_23_ST000511" WC="1" CONTENT="et" STYLEREFS="TXT_2"/>
            <SP ID="PAG_23_SP000472" HPOS="2655" VPOS="3203" WIDTH="25"/>
            <String HPOS="2680" VPOS="3203" HEIGHT="35" WIDTH="148" ID="PAG_23_ST000512" WC="1" CONTENT="chacun" STYLEREFS="TXT_2"/>
            <SP ID="PAG_23_SP000473" HPOS="2828" VPOS="3203" WIDTH="25"/>
            <String HPOS="2853" VPOS="3203" HEIGHT="35" WIDTH="33" ID="PAG_23_ST000513" WC="1" CONTENT="le" STYLEREFS="TXT_2"/>
            <SP ID="PAG_23_SP000474" HPOS="2886" VPOS="3203" WIDTH="27"/>
            <String HPOS="2913" VPOS="3203" HEIGHT="36" WIDTH="169" ID="PAG_23_ST000514" WC="1" CONTENT="trouvait" STYLEREFS="TXT_2"/>
            <SP ID="PAG_23_SP000475" HPOS="3082" VPOS="3204" WIDTH="24"/>
            <String HPOS="3106" VPOS="3204" HEIGHT="35" WIDTH="86" ID="PAG_23_ST000515" WC="1" CONTENT="bon." STYLEREFS="TXT_2"/>
          </TextLine>
        </TextBlock>
        <TextBlock HPOS="1763" VPOS="3367" HEIGHT="711" WIDTH="1933" ID="PAG_23_TB000008" LANG="fr" STYLEREFS="TXT_2">
          <TextLine HPOS="1887" VPOS="3367" HEIGHT="44" WIDTH="1783" ID="PAG_23_TL000041" STYLEREFS="TXT_2">
            <String HPOS="1887" VPOS="3379" HEIGHT="23" WIDTH="32" ID="PAG_23_ST000516" WC="0.5" CONTENT="&gt;" STYLEREFS="TXT_18"/>
            <SP ID="PAG_23_SP000476" HPOS="1919" VPOS="3377" WIDTH="20"/>
            <String HPOS="1939" VPOS="3377" HEIGHT="24" WIDTH="23" ID="PAG_23_ST000517" WC="1" CONTENT="E" STYLEREFS="TXT_18"/>
            <SP ID="PAG_23_SP000477" HPOS="1962" VPOS="3367" WIDTH="19"/>
            <String HPOS="1981" VPOS="3367" HEIGHT="36" WIDTH="132" ID="PAG_23_ST000518" WC="1" CONTENT="refuse" STYLEREFS="TXT_2"/>
            <SP ID="PAG_23_SP000478" HPOS="2113" VPOS="3368" WIDTH="19"/>
            <String HPOS="2132" VPOS="3368" HEIGHT="36" WIDTH="111" ID="PAG_23_ST000519" WC="1" CONTENT="l'aide" STYLEREFS="TXT_2"/>
            <SP ID="PAG_23_SP000479" HPOS="2243" VPOS="3369" WIDTH="19"/>
            <String HPOS="2262" VPOS="3369" HEIGHT="35" WIDTH="50" ID="PAG_23_ST000520" WC="1" CONTENT="du" STYLEREFS="TXT_2"/>
            <SP ID="PAG_23_SP000480" HPOS="2312" VPOS="3370" WIDTH="20"/>
            <String HPOS="2332" VPOS="3370" HEIGHT="41" WIDTH="257" ID="PAG_23_ST000521" WC="1" CONTENT="champignon" STYLEREFS="TXT_2"/>
            <SP ID="PAG_23_SP000481" HPOS="2589" VPOS="3372" WIDTH="19"/>
            <String HPOS="2608" VPOS="3372" HEIGHT="35" WIDTH="46" ID="PAG_23_ST000522" WC="1" CONTENT="de" STYLEREFS="TXT_2"/>
            <SP ID="PAG_23_SP000482" HPOS="2654" VPOS="3372" WIDTH="23"/>
            <String HPOS="2677" VPOS="3372" HEIGHT="39" WIDTH="121" ID="PAG_23_ST000523" WC="1" CONTENT="Paris," STYLEREFS="TXT_2"/>
            <SP ID="PAG_23_SP000483" HPOS="2798" VPOS="3384" WIDTH="20"/>
            <String HPOS="2818" VPOS="3384" HEIGHT="27" WIDTH="96" ID="PAG_23_ST000524" WC="1" CONTENT="pour" STYLEREFS="TXT_2"/>
            <SP ID="PAG_23_SP000484" HPOS="2914" VPOS="3386" WIDTH="21"/>
            <String HPOS="2935" VPOS="3386" HEIGHT="23" WIDTH="41" ID="PAG_23_ST000525" WC="1" CONTENT="ce" STYLEREFS="TXT_2"/>
            <SP ID="PAG_23_SP000485" HPOS="2976" VPOS="3373" WIDTH="20"/>
            <String HPOS="2996" VPOS="3373" HEIGHT="38" WIDTH="90" ID="PAG_23_ST000526" WC="1" CONTENT="qu'il" STYLEREFS="TXT_2"/>
            <SP ID="PAG_23_SP000486" HPOS="3086" VPOS="3375" WIDTH="20"/>
            <String HPOS="3106" VPOS="3375" HEIGHT="36" WIDTH="153" ID="PAG_23_ST000527" WC="1" CONTENT="mouille" STYLEREFS="TXT_2"/>
            <SP ID="PAG_23_SP000487" HPOS="3259" VPOS="3375" WIDTH="22"/>
            <String HPOS="3281" VPOS="3375" HEIGHT="35" WIDTH="53" ID="PAG_23_ST000528" WC="1" CONTENT="les" STYLEREFS="TXT_2"/>
            <SP ID="PAG_23_SP000488" HPOS="3334" VPOS="3376" WIDTH="20"/>
            <String HPOS="3354" VPOS="3376" HEIGHT="35" WIDTH="64" ID="PAG_23_ST000529" WC="1" CONTENT="jus" STYLEREFS="TXT_2"/>
            <SP ID="PAG_23_SP000489" HPOS="3418" VPOS="3387" WIDTH="21"/>
            <String HPOS="3439" VPOS="3387" HEIGHT="23" WIDTH="89" ID="PAG_23_ST000530" WC="1" CONTENT="sans" STYLEREFS="TXT_2"/>
            <SP ID="PAG_23_SP000490" HPOS="3528" VPOS="3376" WIDTH="21"/>
            <String HPOS="3549" VPOS="3376" HEIGHT="35" WIDTH="121" ID="PAG_23_ST000531" WC="1" CONTENT="profit" STYLEREFS="TXT_2"/>
          </TextLine>
          <TextLine HPOS="1864" VPOS="3409" HEIGHT="55" WIDTH="1806" ID="PAG_23_TL000042" STYLEREFS="TXT_2">
            <String HPOS="1864" VPOS="3409" HEIGHT="45" WIDTH="47" ID="PAG_23_ST000532" WC="0.00" CONTENT="Ê" STYLEREFS="TXT_2"/>
            <SP ID="PAG_23_SP000491" HPOS="1911" VPOS="3417" WIDTH="29"/>
            <String HPOS="1940" VPOS="3417" HEIGHT="36" WIDTH="88" ID="PAG_23_ST000533" WC="1" CONTENT="réel." STYLEREFS="TXT_2"/>
            <SP ID="PAG_23_SP000492" HPOS="2028" VPOS="3419" WIDTH="21"/>
            <String HPOS="2049" VPOS="3419" HEIGHT="44" WIDTH="45" ID="PAG_23_ST000534" WC="1" CONTENT="Je" STYLEREFS="TXT_2"/>
            <SP ID="PAG_23_SP000493" HPOS="2094" VPOS="3419" WIDTH="21"/>
            <String HPOS="2115" VPOS="3419" HEIGHT="35" WIDTH="33" ID="PAG_23_ST000535" WC="1" CONTENT="le" STYLEREFS="TXT_2"/>
            <SP ID="PAG_23_SP000494" HPOS="2148" VPOS="3419" WIDTH="22"/>
            <String HPOS="2170" VPOS="3419" HEIGHT="36" WIDTH="136" ID="PAG_23_ST000536" WC="1" CONTENT="bannis" STYLEREFS="TXT_2"/>
            <SP ID="PAG_23_SP000495" HPOS="2306" VPOS="3421" WIDTH="21"/>
            <String HPOS="2327" VPOS="3421" HEIGHT="35" WIDTH="49" ID="PAG_23_ST000537" WC="1" CONTENT="du" STYLEREFS="TXT_2"/>
            <SP ID="PAG_23_SP000496" HPOS="2376" VPOS="3422" WIDTH="21"/>
            <String HPOS="2397" VPOS="3422" HEIGHT="41" WIDTH="129" ID="PAG_23_ST000538" WC="1" CONTENT="poulet" STYLEREFS="TXT_2"/>
            <SP ID="PAG_23_SP000497" HPOS="2526" VPOS="3423" WIDTH="22"/>
            <String HPOS="2548" VPOS="3423" HEIGHT="40" WIDTH="194" ID="PAG_23_ST000539" WC="1" CONTENT="chasseur," STYLEREFS="TXT_2"/>
            <SP ID="PAG_23_SP000498" HPOS="2742" VPOS="3424" WIDTH="22"/>
            <String HPOS="2764" VPOS="3424" HEIGHT="35" WIDTH="50" ID="PAG_23_ST000540" WC="1" CONTENT="du" STYLEREFS="TXT_2"/>
            <SP ID="PAG_23_SP000499" HPOS="2814" VPOS="3424" WIDTH="21"/>
            <String HPOS="2835" VPOS="3424" HEIGHT="39" WIDTH="103" ID="PAG_23_ST000541" WC="1" CONTENT="lapin" STYLEREFS="TXT_2"/>
            <SP ID="PAG_23_SP000500" HPOS="2938" VPOS="3425" WIDTH="22"/>
            <String HPOS="2960" VPOS="3425" HEIGHT="38" WIDTH="120" ID="PAG_23_ST000542" WC="1" CONTENT="sauté," STYLEREFS="TXT_2"/>
            <SP ID="PAG_23_SP000501" HPOS="3080" VPOS="3426" WIDTH="21"/>
            <String HPOS="3101" VPOS="3426" HEIGHT="35" WIDTH="47" ID="PAG_23_ST000543" WC="1" CONTENT="de" STYLEREFS="TXT_2"/>
            <SP ID="PAG_23_SP000502" HPOS="3148" VPOS="3426" WIDTH="21"/>
            <String HPOS="3169" VPOS="3426" HEIGHT="35" WIDTH="36" ID="PAG_23_ST000544" WC="1" CONTENT="la" STYLEREFS="TXT_2"/>
            <SP ID="PAG_23_SP000503" HPOS="3205" VPOS="3426" WIDTH="22"/>
            <String HPOS="3227" VPOS="3426" HEIGHT="36" WIDTH="144" ID="PAG_23_ST000545" WC="1" CONTENT="rouelle" STYLEREFS="TXT_2"/>
            <SP ID="PAG_23_SP000504" HPOS="3371" VPOS="3427" WIDTH="22"/>
            <String HPOS="3393" VPOS="3427" HEIGHT="35" WIDTH="46" ID="PAG_23_ST000546" WC="1" CONTENT="de" STYLEREFS="TXT_2"/>
            <SP ID="PAG_23_SP000505" HPOS="3439" VPOS="3439" WIDTH="22"/>
            <String HPOS="3461" VPOS="3439" HEIGHT="23" WIDTH="98" ID="PAG_23_ST000547" WC="1" CONTENT="veau" STYLEREFS="TXT_2"/>
            <SP ID="PAG_23_SP000506" HPOS="3559" VPOS="3427" WIDTH="20"/>
            <String HPOS="3579" VPOS="3427" HEIGHT="37" WIDTH="91" ID="PAG_23_ST000548" WC="1" CONTENT="qu'il" STYLEREFS="TXT_2"/>
          </TextLine>
          <TextLine HPOS="1786" VPOS="3462" HEIGHT="60" WIDTH="1883" ID="PAG_23_TL000043" STYLEREFS="TXT_2">
            <String HPOS="1786" VPOS="3462" HEIGHT="42" WIDTH="102" ID="PAG_23_ST000549" WC="0.00" CONTENT="AJÊ" STYLEREFS="TXT_18"/>
            <SP ID="PAG_23_SP000507" HPOS="1888" VPOS="3469" WIDTH="52"/>
            <String HPOS="1940" VPOS="3469" HEIGHT="44" WIDTH="94" ID="PAG_23_ST000550" WC="1" CONTENT="pâlit" STYLEREFS="TXT_2"/>
            <SP ID="PAG_23_SP000508" HPOS="2034" VPOS="3482" WIDTH="29"/>
            <String HPOS="2063" VPOS="3482" HEIGHT="30" WIDTH="149" ID="PAG_23_ST000551" WC="1" CONTENT="encore," STYLEREFS="TXT_2"/>
            <SP ID="PAG_23_SP000509" HPOS="2212" VPOS="3472" WIDTH="30"/>
            <String HPOS="2242" VPOS="3472" HEIGHT="34" WIDTH="65" ID="PAG_23_ST000552" WC="1" CONTENT="des" STYLEREFS="TXT_2"/>
            <SP ID="PAG_23_SP000510" HPOS="2307" VPOS="3472" WIDTH="29"/>
            <String HPOS="2336" VPOS="3472" HEIGHT="44" WIDTH="278" ID="PAG_23_ST000553" WC="1" CONTENT="prétentieuses" STYLEREFS="TXT_2"/>
            <SP ID="PAG_23_SP000511" HPOS="2614" VPOS="3475" WIDTH="31"/>
            <String HPOS="2645" VPOS="3475" HEIGHT="35" WIDTH="173" ID="PAG_23_ST000554" WC="1" CONTENT="timbales" STYLEREFS="TXT_2"/>
            <SP ID="PAG_23_SP000512" HPOS="2818" VPOS="3482" WIDTH="31"/>
            <String HPOS="2849" VPOS="3482" HEIGHT="29" WIDTH="36" ID="PAG_23_ST000555" WC="1" CONTENT="et" STYLEREFS="TXT_2"/>
            <SP ID="PAG_23_SP000513" HPOS="2885" VPOS="3476" WIDTH="30"/>
            <String HPOS="2915" VPOS="3476" HEIGHT="35" WIDTH="65" ID="PAG_23_ST000556" WC="1" CONTENT="des" STYLEREFS="TXT_2"/>
            <SP ID="PAG_23_SP000514" HPOS="2980" VPOS="3489" WIDTH="37"/>
            <String HPOS="3017" VPOS="3489" HEIGHT="22" WIDTH="20" ID="PAG_23_ST000557" WC="1" CONTENT="«" STYLEREFS="TXT_2"/>
            <SP ID="PAG_23_SP000515" HPOS="3037" VPOS="3483" WIDTH="32"/>
            <String HPOS="3069" VPOS="3483" HEIGHT="28" WIDTH="120" ID="PAG_23_ST000558" WC="1" CONTENT="restes" STYLEREFS="TXT_2"/>
            <SP ID="PAG_23_SP000516" HPOS="3189" VPOS="3490" WIDTH="32"/>
            <String HPOS="3221" VPOS="3490" HEIGHT="22" WIDTH="20" ID="PAG_23_ST000559" WC="0.98" CONTENT="»" STYLEREFS="TXT_2"/>
            <SP ID="PAG_23_SP000517" HPOS="3241" VPOS="3477" WIDTH="31"/>
            <String HPOS="3272" VPOS="3477" HEIGHT="43" WIDTH="277" ID="PAG_23_ST000560" WC="1" CONTENT="accommodés," STYLEREFS="TXT_2"/>
            <SP ID="PAG_23_SP000518" HPOS="3549" VPOS="3477" WIDTH="29"/>
            <String HPOS="3578" VPOS="3477" HEIGHT="45" WIDTH="91" ID="PAG_23_ST000561" WC="1" CONTENT="qu'il" STYLEREFS="TXT_2"/>
          </TextLine>
          <TextLine HPOS="1937" VPOS="3520" HEIGHT="52" WIDTH="1730" ID="PAG_23_TL000044" STYLEREFS="TXT_2">
            <String HPOS="1937" VPOS="3520" HEIGHT="44" WIDTH="160" ID="PAG_23_ST000562" WC="1" CONTENT="prétend" STYLEREFS="TXT_2"/>
            <SP ID="PAG_23_SP000519" HPOS="2097" VPOS="3522" WIDTH="25"/>
            <String HPOS="2122" VPOS="3522" HEIGHT="36" WIDTH="180" ID="PAG_23_ST000563" WC="1" CONTENT="enrichir." STYLEREFS="TXT_2"/>
            <SP ID="PAG_23_SP000520" HPOS="2302" VPOS="3524" WIDTH="28"/>
            <String HPOS="2330" VPOS="3524" HEIGHT="35" WIDTH="102" ID="PAG_23_ST000564" WC="1" CONTENT="Mais" STYLEREFS="TXT_2"/>
            <SP ID="PAG_23_SP000521" HPOS="2432" VPOS="3524" WIDTH="27"/>
            <String HPOS="2459" VPOS="3524" HEIGHT="43" WIDTH="39" ID="PAG_23_ST000565" WC="1" CONTENT="je" STYLEREFS="TXT_2"/>
            <SP ID="PAG_23_SP000522" HPOS="2498" VPOS="3525" WIDTH="26"/>
            <String HPOS="2524" VPOS="3525" HEIGHT="36" WIDTH="52" ID="PAG_23_ST000566" WC="1" CONTENT="lui" STYLEREFS="TXT_2"/>
            <SP ID="PAG_23_SP000523" HPOS="2576" VPOS="3526" WIDTH="29"/>
            <String HPOS="2605" VPOS="3526" HEIGHT="35" WIDTH="76" ID="PAG_23_ST000567" WC="1" CONTENT="fais" STYLEREFS="TXT_2"/>
            <SP ID="PAG_23_SP000524" HPOS="2681" VPOS="3526" WIDTH="27"/>
            <String HPOS="2708" VPOS="3526" HEIGHT="36" WIDTH="124" ID="PAG_23_ST000568" WC="1" CONTENT="bonne" STYLEREFS="TXT_2"/>
            <SP ID="PAG_23_SP000525" HPOS="2832" VPOS="3527" WIDTH="30"/>
            <String HPOS="2862" VPOS="3527" HEIGHT="44" WIDTH="129" ID="PAG_23_ST000569" WC="1" CONTENT="figure" STYLEREFS="TXT_2"/>
            <SP ID="PAG_23_SP000526" HPOS="2991" VPOS="3529" WIDTH="26"/>
            <String HPOS="3017" VPOS="3529" HEIGHT="42" WIDTH="127" ID="PAG_23_ST000570" WC="1" CONTENT="quand" STYLEREFS="TXT_2"/>
            <SP ID="PAG_23_SP000527" HPOS="3144" VPOS="3528" WIDTH="27"/>
            <String HPOS="3171" VPOS="3528" HEIGHT="35" WIDTH="26" ID="PAG_23_ST000571" WC="1" CONTENT="il" STYLEREFS="TXT_2"/>
            <SP ID="PAG_23_SP000528" HPOS="3197" VPOS="3541" WIDTH="27"/>
            <String HPOS="3224" VPOS="3541" HEIGHT="23" WIDTH="39" ID="PAG_23_ST000572" WC="1" CONTENT="se" STYLEREFS="TXT_2"/>
            <SP ID="PAG_23_SP000529" HPOS="3263" VPOS="3529" WIDTH="27"/>
            <String HPOS="3290" VPOS="3529" HEIGHT="43" WIDTH="177" ID="PAG_23_ST000573" WC="1" CONTENT="présente" STYLEREFS="TXT_2"/>
            <SP ID="PAG_23_SP000530" HPOS="3467" VPOS="3530" WIDTH="28"/>
            <String HPOS="3495" VPOS="3530" HEIGHT="42" WIDTH="93" ID="PAG_23_ST000574" WC="1" CONTENT="seul," STYLEREFS="TXT_2"/>
            <SP ID="PAG_23_SP000531" HPOS="3588" VPOS="3542" WIDTH="26"/>
            <String HPOS="3614" VPOS="3542" HEIGHT="23" WIDTH="53" ID="PAG_23_ST000575" WC="1" CONTENT="nu" STYLEREFS="TXT_2"/>
          </TextLine>
          <TextLine HPOS="1768" VPOS="3570" HEIGHT="53" WIDTH="1900" ID="PAG_23_TL000045" STYLEREFS="TXT_2">
            <String HPOS="1768" VPOS="3576" HEIGHT="28" WIDTH="37" ID="PAG_23_ST000576" WC="1" CONTENT="et" STYLEREFS="TXT_2"/>
            <SP ID="PAG_23_SP000532" HPOS="1805" VPOS="3570" WIDTH="18"/>
            <String HPOS="1823" VPOS="3570" HEIGHT="43" WIDTH="97" ID="PAG_23_ST000577" WC="1" CONTENT="rosé," STYLEREFS="TXT_2"/>
            <SP ID="PAG_23_SP000533" HPOS="1920" VPOS="3571" WIDTH="18"/>
            <String HPOS="1938" VPOS="3571" HEIGHT="44" WIDTH="84" ID="PAG_23_ST000578" WC="1" CONTENT="prêt" STYLEREFS="TXT_2"/>
            <SP ID="PAG_23_SP000534" HPOS="2022" VPOS="3572" WIDTH="17"/>
            <String HPOS="2039" VPOS="3572" HEIGHT="35" WIDTH="22" ID="PAG_23_ST000579" WC="1" CONTENT="à" STYLEREFS="TXT_2"/>
            <SP ID="PAG_23_SP000535" HPOS="2061" VPOS="3572" WIDTH="17"/>
            <String HPOS="2078" VPOS="3572" HEIGHT="36" WIDTH="80" ID="PAG_23_ST000580" WC="1" CONTENT="être" STYLEREFS="TXT_2"/>
            <SP ID="PAG_23_SP000536" HPOS="2158" VPOS="3573" WIDTH="19"/>
            <String HPOS="2177" VPOS="3573" HEIGHT="35" WIDTH="109" ID="PAG_23_ST000581" WC="1" CONTENT="sauté" STYLEREFS="TXT_2"/>
            <SP ID="PAG_23_SP000537" HPOS="2286" VPOS="3575" WIDTH="17"/>
            <String HPOS="2303" VPOS="3575" HEIGHT="34" WIDTH="95" ID="PAG_23_ST000582" WC="1" CONTENT="dans" STYLEREFS="TXT_2"/>
            <SP ID="PAG_23_SP000538" HPOS="2398" VPOS="3587" WIDTH="19"/>
            <String HPOS="2417" VPOS="3587" HEIGHT="23" WIDTH="50" ID="PAG_23_ST000583" WC="1" CONTENT="un" STYLEREFS="TXT_2"/>
            <SP ID="PAG_23_SP000539" HPOS="2467" VPOS="3575" WIDTH="19"/>
            <String HPOS="2486" VPOS="3575" HEIGHT="36" WIDTH="138" ID="PAG_23_ST000584" WC="1" CONTENT="beurre" STYLEREFS="TXT_2"/>
            <SP ID="PAG_23_SP000540" HPOS="2624" VPOS="3577" WIDTH="17"/>
            <String HPOS="2641" VPOS="3577" HEIGHT="43" WIDTH="297" ID="PAG_23_ST000585" WC="1" CONTENT="irréprochable," STYLEREFS="TXT_2"/>
            <SP ID="PAG_23_SP000541" HPOS="2938" VPOS="3590" WIDTH="19"/>
            <String HPOS="2957" VPOS="3590" HEIGHT="24" WIDTH="50" ID="PAG_23_ST000586" WC="1" CONTENT="ou" STYLEREFS="TXT_2"/>
            <SP ID="PAG_23_SP000542" HPOS="3007" VPOS="3578" WIDTH="18"/>
            <String HPOS="3025" VPOS="3578" HEIGHT="44" WIDTH="123" ID="PAG_23_ST000587" WC="1" CONTENT="grillé," STYLEREFS="TXT_2"/>
            <SP ID="PAG_23_SP000543" HPOS="3148" VPOS="3591" WIDTH="20"/>
            <String HPOS="3168" VPOS="3591" HEIGHT="23" WIDTH="48" ID="PAG_23_ST000588" WC="1" CONTENT="ou" STYLEREFS="TXT_2"/>
            <SP ID="PAG_23_SP000544" HPOS="3216" VPOS="3579" WIDTH="20"/>
            <String HPOS="3236" VPOS="3579" HEIGHT="44" WIDTH="139" ID="PAG_23_ST000589" WC="1" CONTENT="mangé" STYLEREFS="TXT_2"/>
            <SP ID="PAG_23_SP000545" HPOS="3375" VPOS="3591" WIDTH="19"/>
            <String HPOS="3394" VPOS="3591" HEIGHT="30" WIDTH="79" ID="PAG_23_ST000590" WC="1" CONTENT="cru," STYLEREFS="TXT_2"/>
            <SP ID="PAG_23_SP000546" HPOS="3473" VPOS="3579" WIDTH="18"/>
            <String HPOS="3491" VPOS="3579" HEIGHT="36" WIDTH="177" ID="PAG_23_ST000591" WC="1" CONTENT="humecté" STYLEREFS="TXT_2"/>
          </TextLine>
          <TextLine HPOS="1767" VPOS="3621" HEIGHT="54" WIDTH="1929" ID="PAG_23_TL000046" STYLEREFS="TXT_2">
            <String HPOS="1767" VPOS="3621" HEIGHT="36" WIDTH="140" ID="PAG_23_ST000592" WC="1" CONTENT="d'huile" STYLEREFS="TXT_2"/>
            <SP ID="PAG_23_SP000547" HPOS="1907" VPOS="3628" WIDTH="24"/>
            <String HPOS="1931" VPOS="3628" HEIGHT="30" WIDTH="37" ID="PAG_23_ST000593" WC="1" CONTENT="et" STYLEREFS="TXT_2"/>
            <SP ID="PAG_23_SP000548" HPOS="1968" VPOS="3623" WIDTH="23"/>
            <String HPOS="1991" VPOS="3623" HEIGHT="35" WIDTH="46" ID="PAG_23_ST000594" WC="1" CONTENT="de" STYLEREFS="TXT_2"/>
            <SP ID="PAG_23_SP000549" HPOS="2037" VPOS="3623" WIDTH="24"/>
            <String HPOS="2061" VPOS="3623" HEIGHT="36" WIDTH="134" ID="PAG_23_ST000595" WC="1" CONTENT="citron." STYLEREFS="TXT_2"/>
            <SP ID="PAG_23_SP000550" HPOS="2195" VPOS="3625" WIDTH="27"/>
            <String HPOS="2222" VPOS="3625" HEIGHT="35" WIDTH="75" ID="PAG_23_ST000596" WC="1" CONTENT="Par" STYLEREFS="TXT_2"/>
            <SP ID="PAG_23_SP000551" HPOS="2297" VPOS="3625" WIDTH="23"/>
            <String HPOS="2320" VPOS="3625" HEIGHT="35" WIDTH="34" ID="PAG_23_ST000597" WC="1" CONTENT="le" STYLEREFS="TXT_2"/>
            <SP ID="PAG_23_SP000552" HPOS="2354" VPOS="3626" WIDTH="23"/>
            <String HPOS="2377" VPOS="3626" HEIGHT="35" WIDTH="104" ID="PAG_23_ST000598" WC="1" CONTENT="doux" STYLEREFS="TXT_2"/>
            <SP ID="PAG_23_SP000553" HPOS="2481" VPOS="3632" WIDTH="23"/>
            <String HPOS="2504" VPOS="3632" HEIGHT="39" WIDTH="121" ID="PAG_23_ST000599" WC="1" CONTENT="temps" STYLEREFS="TXT_2"/>
            <SP ID="PAG_23_SP000554" HPOS="2625" VPOS="3628" WIDTH="24"/>
            <String HPOS="2649" VPOS="3628" HEIGHT="35" WIDTH="46" ID="PAG_23_ST000600" WC="1" CONTENT="de" STYLEREFS="TXT_2"/>
            <SP ID="PAG_23_SP000555" HPOS="2695" VPOS="3629" WIDTH="24"/>
            <String HPOS="2719" VPOS="3629" HEIGHT="36" WIDTH="207" ID="PAG_23_ST000601" WC="1" CONTENT="novembre" STYLEREFS="TXT_2"/>
            <SP ID="PAG_23_SP000556" HPOS="2926" VPOS="3630" WIDTH="25"/>
            <String HPOS="2951" VPOS="3630" HEIGHT="42" WIDTH="164" ID="PAG_23_ST000602" WC="1" CONTENT="dernier," STYLEREFS="TXT_2"/>
            <SP ID="PAG_23_SP000557" HPOS="3115" VPOS="3630" WIDTH="24"/>
            <String HPOS="3139" VPOS="3630" HEIGHT="45" WIDTH="41" ID="PAG_23_ST000603" WC="1" CONTENT="je" STYLEREFS="TXT_2"/>
            <SP ID="PAG_23_SP000558" HPOS="3180" VPOS="3631" WIDTH="23"/>
            <String HPOS="3203" VPOS="3631" HEIGHT="35" WIDTH="173" ID="PAG_23_ST000604" WC="1" CONTENT="trouvais" STYLEREFS="TXT_2"/>
            <SP ID="PAG_23_SP000559" HPOS="3376" VPOS="3642" WIDTH="25"/>
            <String HPOS="3401" VPOS="3642" HEIGHT="24" WIDTH="138" ID="PAG_23_ST000605" WC="1" CONTENT="encore" STYLEREFS="TXT_2"/>
            <SP ID="PAG_23_SP000560" HPOS="3539" VPOS="3631" WIDTH="24"/>
            <String HPOS="3563" VPOS="3631" HEIGHT="44" WIDTH="103" ID="PAG_23_ST000606" WC="1" CONTENT="quel-" SUBS_TYPE="HypPart1" SUBS_CONTENT="quelques" STYLEREFS="TXT_2"/>
            <HYP HPOS="3666" VPOS="3675" WIDTH="30" CONTENT="-"/>
          </TextLine>
          <TextLine HPOS="1766" VPOS="3676" HEIGHT="48" WIDTH="1900" ID="PAG_23_TL000047" STYLEREFS="TXT_2">
            <String HPOS="1766" VPOS="3683" HEIGHT="33" WIDTH="93" ID="PAG_23_ST000607" WC="1" CONTENT="ques" SUBS_TYPE="HypPart2" SUBS_CONTENT="quelques" STYLEREFS="TXT_2"/>
            <SP ID="PAG_23_SP000561" HPOS="1859" VPOS="3684" WIDTH="26"/>
            <String HPOS="1885" VPOS="3684" HEIGHT="25" WIDTH="245" ID="PAG_23_ST000608" WC="1" CONTENT="mousserons" STYLEREFS="TXT_2"/>
            <SP ID="PAG_23_SP000562" HPOS="2130" VPOS="3676" WIDTH="26"/>
            <String HPOS="2156" VPOS="3676" HEIGHT="35" WIDTH="95" ID="PAG_23_ST000609" WC="1" CONTENT="dans" STYLEREFS="TXT_2"/>
            <SP ID="PAG_23_SP000563" HPOS="2251" VPOS="3677" WIDTH="28"/>
            <String HPOS="2279" VPOS="3677" HEIGHT="34" WIDTH="53" ID="PAG_23_ST000610" WC="1" CONTENT="les" STYLEREFS="TXT_2"/>
            <SP ID="PAG_23_SP000564" HPOS="2332" VPOS="3676" WIDTH="25"/>
            <String HPOS="2357" VPOS="3676" HEIGHT="44" WIDTH="189" ID="PAG_23_ST000611" WC="1" CONTENT="herbages" STYLEREFS="TXT_2"/>
            <SP ID="PAG_23_SP000565" HPOS="2546" VPOS="3679" WIDTH="26"/>
            <String HPOS="2572" VPOS="3679" HEIGHT="34" WIDTH="50" ID="PAG_23_ST000612" WC="1" CONTENT="du" STYLEREFS="TXT_2"/>
            <SP ID="PAG_23_SP000566" HPOS="2622" VPOS="3679" WIDTH="27"/>
            <String HPOS="2649" VPOS="3679" HEIGHT="35" WIDTH="92" ID="PAG_23_ST000613" WC="1" CONTENT="Bois" STYLEREFS="TXT_2"/>
            <SP ID="PAG_23_SP000567" HPOS="2741" VPOS="3680" WIDTH="26"/>
            <String HPOS="2767" VPOS="3680" HEIGHT="35" WIDTH="47" ID="PAG_23_ST000614" WC="1" CONTENT="de" STYLEREFS="TXT_2"/>
            <SP ID="PAG_23_SP000568" HPOS="2814" VPOS="3680" WIDTH="28"/>
            <String HPOS="2842" VPOS="3680" HEIGHT="44" WIDTH="210" ID="PAG_23_ST000615" WC="1" CONTENT="Boulogne." STYLEREFS="TXT_2"/>
            <SP ID="PAG_23_SP000569" HPOS="3052" VPOS="3681" WIDTH="28"/>
            <String HPOS="3080" VPOS="3681" HEIGHT="36" WIDTH="207" ID="PAG_23_ST000616" WC="1" CONTENT="Décoiffés" STYLEREFS="TXT_2"/>
            <SP ID="PAG_23_SP000570" HPOS="3287" VPOS="3683" WIDTH="27"/>
            <String HPOS="3314" VPOS="3683" HEIGHT="34" WIDTH="46" ID="PAG_23_ST000617" WC="1" CONTENT="de" STYLEREFS="TXT_2"/>
            <SP ID="PAG_23_SP000571" HPOS="3360" VPOS="3682" WIDTH="28"/>
            <String HPOS="3388" VPOS="3682" HEIGHT="36" WIDTH="82" ID="PAG_23_ST000618" WC="1" CONTENT="leur" STYLEREFS="TXT_2"/>
            <SP ID="PAG_23_SP000572" HPOS="3470" VPOS="3694" WIDTH="26"/>
            <String HPOS="3496" VPOS="3694" HEIGHT="30" WIDTH="98" ID="PAG_23_ST000619" WC="1" CONTENT="peau" STYLEREFS="TXT_2"/>
            <SP ID="PAG_23_SP000573" HPOS="3594" VPOS="3683" WIDTH="26"/>
            <String HPOS="3620" VPOS="3683" HEIGHT="34" WIDTH="46" ID="PAG_23_ST000620" WC="1" CONTENT="de" STYLEREFS="TXT_2"/>
          </TextLine>
          <TextLine HPOS="1767" VPOS="3723" HEIGHT="49" WIDTH="1899" ID="PAG_23_TL000048" STYLEREFS="TXT_2">
            <String HPOS="1767" VPOS="3723" HEIGHT="36" WIDTH="115" ID="PAG_23_ST000621" WC="1" CONTENT="suède" STYLEREFS="TXT_2"/>
            <SP ID="PAG_23_SP000574" HPOS="1882" VPOS="3731" WIDTH="27"/>
            <String HPOS="1909" VPOS="3731" HEIGHT="29" WIDTH="37" ID="PAG_23_ST000622" WC="1" CONTENT="et" STYLEREFS="TXT_2"/>
            <SP ID="PAG_23_SP000575" HPOS="1946" VPOS="3725" WIDTH="26"/>
            <String HPOS="1972" VPOS="3725" HEIGHT="45" WIDTH="160" ID="PAG_23_ST000623" WC="1" CONTENT="croqués" STYLEREFS="TXT_2"/>
            <SP ID="PAG_23_SP000576" HPOS="2132" VPOS="3738" WIDTH="27"/>
            <String HPOS="2159" VPOS="3738" HEIGHT="23" WIDTH="66" ID="PAG_23_ST000624" WC="1" CONTENT="sur" STYLEREFS="TXT_2"/>
            <SP ID="PAG_23_SP000577" HPOS="2225" VPOS="3727" WIDTH="26"/>
            <String HPOS="2251" VPOS="3727" HEIGHT="44" WIDTH="118" ID="PAG_23_ST000625" WC="1" CONTENT="place," STYLEREFS="TXT_2"/>
            <SP ID="PAG_23_SP000578" HPOS="2369" VPOS="3729" WIDTH="26"/>
            <String HPOS="2395" VPOS="3729" HEIGHT="43" WIDTH="110" ID="PAG_23_ST000626" WC="1" CONTENT="qu'ils" STYLEREFS="TXT_2"/>
            <SP ID="PAG_23_SP000579" HPOS="2505" VPOS="3736" WIDTH="28"/>
            <String HPOS="2533" VPOS="3736" HEIGHT="28" WIDTH="86" ID="PAG_23_ST000627" WC="1" CONTENT="sont" STYLEREFS="TXT_2"/>
            <SP ID="PAG_23_SP000580" HPOS="2619" VPOS="3730" WIDTH="26"/>
            <String HPOS="2645" VPOS="3730" HEIGHT="36" WIDTH="160" ID="PAG_23_ST000628" WC="1" CONTENT="délicats" STYLEREFS="TXT_2"/>
            <SP ID="PAG_23_SP000581" HPOS="2805" VPOS="3730" WIDTH="38"/>
            <String HPOS="2843" VPOS="3730" HEIGHT="35" WIDTH="7" ID="PAG_23_ST000629" WC="1" CONTENT="!" STYLEREFS="TXT_2"/>
            <SP ID="PAG_23_SP000582" HPOS="2850" VPOS="3731" WIDTH="31"/>
            <String HPOS="2881" VPOS="3731" HEIGHT="36" WIDTH="102" ID="PAG_23_ST000630" WC="1" CONTENT="C'est" STYLEREFS="TXT_2"/>
            <SP ID="PAG_23_SP000583" HPOS="2983" VPOS="3732" WIDTH="28"/>
            <String HPOS="3011" VPOS="3732" HEIGHT="35" WIDTH="34" ID="PAG_23_ST000631" WC="1" CONTENT="le" STYLEREFS="TXT_2"/>
            <SP ID="PAG_23_SP000584" HPOS="3045" VPOS="3739" WIDTH="27"/>
            <String HPOS="3072" VPOS="3739" HEIGHT="29" WIDTH="168" ID="PAG_23_ST000632" WC="1" CONTENT="moment" STYLEREFS="TXT_2"/>
            <SP ID="PAG_23_SP000585" HPOS="3240" VPOS="3733" WIDTH="26"/>
            <String HPOS="3266" VPOS="3733" HEIGHT="35" WIDTH="51" ID="PAG_23_ST000633" WC="1" CONTENT="où" STYLEREFS="TXT_2"/>
            <SP ID="PAG_23_SP000586" HPOS="3317" VPOS="3733" WIDTH="26"/>
            <String HPOS="3343" VPOS="3733" HEIGHT="35" WIDTH="46" ID="PAG_23_ST000634" WC="1" CONTENT="ils" STYLEREFS="TXT_2"/>
            <SP ID="PAG_23_SP000587" HPOS="3389" VPOS="3733" WIDTH="30"/>
            <String HPOS="3419" VPOS="3733" HEIGHT="36" WIDTH="168" ID="PAG_23_ST000635" WC="1" CONTENT="fleurent" STYLEREFS="TXT_2"/>
            <SP ID="PAG_23_SP000588" HPOS="3587" VPOS="3745" WIDTH="27"/>
            <String HPOS="3614" VPOS="3745" HEIGHT="23" WIDTH="52" ID="PAG_23_ST000636" WC="1" CONTENT="un" STYLEREFS="TXT_2"/>
          </TextLine>
          <TextLine HPOS="1765" VPOS="3775" HEIGHT="52" WIDTH="1930" ID="PAG_23_TL000049" STYLEREFS="TXT_2">
            <String HPOS="1765" VPOS="3785" HEIGHT="33" WIDTH="73" ID="PAG_23_ST000637" WC="1" CONTENT="peu" STYLEREFS="TXT_2"/>
            <SP ID="PAG_23_SP000589" HPOS="1838" VPOS="3775" WIDTH="26"/>
            <String HPOS="1864" VPOS="3775" HEIGHT="36" WIDTH="36" ID="PAG_23_ST000638" WC="1" CONTENT="la" STYLEREFS="TXT_2"/>
            <SP ID="PAG_23_SP000590" HPOS="1900" VPOS="3776" WIDTH="27"/>
            <String HPOS="1927" VPOS="3776" HEIGHT="43" WIDTH="138" ID="PAG_23_ST000639" WC="1" CONTENT="truffe," STYLEREFS="TXT_2"/>
            <SP ID="PAG_23_SP000591" HPOS="2065" VPOS="3778" WIDTH="26"/>
            <String HPOS="2091" VPOS="3778" HEIGHT="34" WIDTH="83" ID="PAG_23_ST000640" WC="1" CONTENT="leur" STYLEREFS="TXT_2"/>
            <SP ID="PAG_23_SP000592" HPOS="2174" VPOS="3778" WIDTH="26"/>
            <String HPOS="2200" VPOS="3778" HEIGHT="36" WIDTH="109" ID="PAG_23_ST000641" WC="1" CONTENT="noire" STYLEREFS="TXT_2"/>
            <SP ID="PAG_23_SP000593" HPOS="2309" VPOS="3780" WIDTH="27"/>
            <String HPOS="2336" VPOS="3780" HEIGHT="35" WIDTH="156" ID="PAG_23_ST000642" WC="1" CONTENT="cousine" STYLEREFS="TXT_2"/>
            <SP ID="PAG_23_SP000594" HPOS="2492" VPOS="3780" WIDTH="27"/>
            <String HPOS="2519" VPOS="3780" HEIGHT="44" WIDTH="202" ID="PAG_23_ST000643" WC="1" CONTENT="princière," STYLEREFS="TXT_2"/>
            <SP ID="PAG_23_SP000595" HPOS="2721" VPOS="3782" WIDTH="29"/>
            <String HPOS="2750" VPOS="3782" HEIGHT="35" WIDTH="37" ID="PAG_23_ST000644" WC="1" CONTENT="la" STYLEREFS="TXT_2"/>
            <SP ID="PAG_23_SP000596" HPOS="2787" VPOS="3782" WIDTH="26"/>
            <String HPOS="2813" VPOS="3782" HEIGHT="35" WIDTH="75" ID="PAG_23_ST000645" WC="1" CONTENT="mal" STYLEREFS="TXT_2"/>
            <SP ID="PAG_23_SP000597" HPOS="2888" VPOS="3794" WIDTH="28"/>
            <String HPOS="2916" VPOS="3794" HEIGHT="31" WIDTH="160" ID="PAG_23_ST000646" WC="1" CONTENT="connue," STYLEREFS="TXT_2"/>
            <SP ID="PAG_23_SP000598" HPOS="3076" VPOS="3783" WIDTH="29"/>
            <String HPOS="3105" VPOS="3783" HEIGHT="36" WIDTH="36" ID="PAG_23_ST000647" WC="1" CONTENT="la" STYLEREFS="TXT_2"/>
            <SP ID="PAG_23_SP000599" HPOS="3141" VPOS="3783" WIDTH="27"/>
            <String HPOS="3168" VPOS="3783" HEIGHT="44" WIDTH="223" ID="PAG_23_ST000648" WC="1" CONTENT="méconnue," STYLEREFS="TXT_2"/>
            <SP ID="PAG_23_SP000600" HPOS="3391" VPOS="3784" WIDTH="29"/>
            <String HPOS="3420" VPOS="3784" HEIGHT="35" WIDTH="36" ID="PAG_23_ST000649" WC="1" CONTENT="la" STYLEREFS="TXT_2"/>
            <SP ID="PAG_23_SP000601" HPOS="3456" VPOS="3785" WIDTH="27"/>
            <String HPOS="3483" VPOS="3785" HEIGHT="34" WIDTH="77" ID="PAG_23_ST000650" WC="1" CONTENT="mal" STYLEREFS="TXT_2"/>
            <SP ID="PAG_23_SP000602" HPOS="3560" VPOS="3796" WIDTH="28"/>
            <String HPOS="3588" VPOS="3796" HEIGHT="24" WIDTH="77" ID="PAG_23_ST000651" WC="1" CONTENT="em-" SUBS_TYPE="HypPart1" SUBS_CONTENT="employée," STYLEREFS="TXT_2"/>
            <HYP HPOS="3665" VPOS="3820" WIDTH="30" CONTENT="-"/>
          </TextLine>
          <TextLine HPOS="1764" VPOS="3826" HEIGHT="54" WIDTH="1900" ID="PAG_23_TL000050" STYLEREFS="TXT_2">
            <String HPOS="1764" VPOS="3826" HEIGHT="43" WIDTH="145" ID="PAG_23_ST000652" WC="1" CONTENT="ployée," SUBS_TYPE="HypPart2" SUBS_CONTENT="employée," STYLEREFS="TXT_2"/>
            <SP ID="PAG_23_SP000603" HPOS="1909" VPOS="3839" WIDTH="19"/>
            <String HPOS="1928" VPOS="3839" HEIGHT="32" WIDTH="72" ID="PAG_23_ST000653" WC="1" CONTENT="que" STYLEREFS="TXT_2"/>
            <SP ID="PAG_23_SP000604" HPOS="2000" VPOS="3840" WIDTH="19"/>
            <String HPOS="2019" VPOS="3840" HEIGHT="23" WIDTH="99" ID="PAG_23_ST000654" WC="1" CONTENT="nous" STYLEREFS="TXT_2"/>
            <SP ID="PAG_23_SP000605" HPOS="2118" VPOS="3829" WIDTH="15"/>
            <String HPOS="2133" VPOS="3829" HEIGHT="45" WIDTH="198" ID="PAG_23_ST000655" WC="1" CONTENT="obligeons" STYLEREFS="TXT_2"/>
            <SP ID="PAG_23_SP000606" HPOS="2331" VPOS="3830" WIDTH="19"/>
            <String HPOS="2350" VPOS="3830" HEIGHT="35" WIDTH="22" ID="PAG_23_ST000656" WC="1" CONTENT="à" STYLEREFS="TXT_2"/>
            <SP ID="PAG_23_SP000607" HPOS="2372" VPOS="3831" WIDTH="18"/>
            <String HPOS="2390" VPOS="3831" HEIGHT="35" WIDTH="66" ID="PAG_23_ST000657" WC="1" CONTENT="des" STYLEREFS="TXT_2"/>
            <SP ID="PAG_23_SP000608" HPOS="2456" VPOS="3832" WIDTH="18"/>
            <String HPOS="2474" VPOS="3832" HEIGHT="44" WIDTH="192" ID="PAG_23_ST000658" WC="1" CONTENT="mariages" STYLEREFS="TXT_2"/>
            <SP ID="PAG_23_SP000609" HPOS="2666" VPOS="3833" WIDTH="19"/>
            <String HPOS="2685" VPOS="3833" HEIGHT="35" WIDTH="46" ID="PAG_23_ST000659" WC="1" CONTENT="de" STYLEREFS="TXT_2"/>
            <SP ID="PAG_23_SP000610" HPOS="2731" VPOS="3833" WIDTH="19"/>
            <String HPOS="2750" VPOS="3833" HEIGHT="36" WIDTH="179" ID="PAG_23_ST000660" WC="1" CONTENT="déraison" STYLEREFS="TXT_2"/>
            <SP ID="PAG_23_SP000611" HPOS="2929" VPOS="3846" WIDTH="20"/>
            <String HPOS="2949" VPOS="3846" HEIGHT="23" WIDTH="94" ID="PAG_23_ST000661" WC="1" CONTENT="avec" STYLEREFS="TXT_2"/>
            <SP ID="PAG_23_SP000612" HPOS="3043" VPOS="3835" WIDTH="19"/>
            <String HPOS="3062" VPOS="3835" HEIGHT="35" WIDTH="36" ID="PAG_23_ST000662" WC="1" CONTENT="la" STYLEREFS="TXT_2"/>
            <SP ID="PAG_23_SP000613" HPOS="3098" VPOS="3834" WIDTH="22"/>
            <String HPOS="3120" VPOS="3834" HEIGHT="36" WIDTH="89" ID="PAG_23_ST000663" WC="1" CONTENT="fade" STYLEREFS="TXT_2"/>
            <SP ID="PAG_23_SP000614" HPOS="3209" VPOS="3835" WIDTH="20"/>
            <String HPOS="3229" VPOS="3835" HEIGHT="44" WIDTH="184" ID="PAG_23_ST000664" WC="1" CONTENT="poularde" STYLEREFS="TXT_2"/>
            <SP ID="PAG_23_SP000615" HPOS="3413" VPOS="3835" WIDTH="19"/>
            <String HPOS="3432" VPOS="3835" HEIGHT="45" WIDTH="232" ID="PAG_23_ST000665" WC="1" CONTENT="engraissée," STYLEREFS="TXT_2"/>
          </TextLine>
          <TextLine HPOS="1765" VPOS="3878" HEIGHT="51" WIDTH="1900" ID="PAG_23_TL000051" STYLEREFS="TXT_2">
            <String HPOS="1765" VPOS="3889" HEIGHT="24" WIDTH="95" ID="PAG_23_ST000666" WC="1" CONTENT="avec" STYLEREFS="TXT_2"/>
            <SP ID="PAG_23_SP000616" HPOS="1860" VPOS="3878" WIDTH="29"/>
            <String HPOS="1889" VPOS="3878" HEIGHT="35" WIDTH="33" ID="PAG_23_ST000667" WC="1" CONTENT="le" STYLEREFS="TXT_2"/>
            <SP ID="PAG_23_SP000617" HPOS="1922" VPOS="3878" WIDTH="32"/>
            <String HPOS="1954" VPOS="3878" HEIGHT="36" WIDTH="79" ID="PAG_23_ST000668" WC="1" CONTENT="foie" STYLEREFS="TXT_2"/>
            <SP ID="PAG_23_SP000618" HPOS="2033" VPOS="3880" WIDTH="29"/>
            <String HPOS="2062" VPOS="3880" HEIGHT="44" WIDTH="178" ID="PAG_23_ST000669" WC="1" CONTENT="adipeux," STYLEREFS="TXT_2"/>
            <SP ID="PAG_23_SP000619" HPOS="2240" VPOS="3881" WIDTH="29"/>
            <String HPOS="2269" VPOS="3881" HEIGHT="36" WIDTH="102" ID="PAG_23_ST000670" WC="1" CONTENT="alors" STYLEREFS="TXT_2"/>
            <SP ID="PAG_23_SP000620" HPOS="2371" VPOS="3894" WIDTH="30"/>
            <String HPOS="2401" VPOS="3894" HEIGHT="32" WIDTH="71" ID="PAG_23_ST000671" WC="1" CONTENT="que" STYLEREFS="TXT_2"/>
            <SP ID="PAG_23_SP000621" HPOS="2472" VPOS="3882" WIDTH="30"/>
            <String HPOS="2502" VPOS="3882" HEIGHT="37" WIDTH="155" ID="PAG_23_ST000672" WC="1" CONTENT="brossée" STYLEREFS="TXT_2"/>
            <SP ID="PAG_23_SP000622" HPOS="2657" VPOS="3890" WIDTH="30"/>
            <String HPOS="2687" VPOS="3890" HEIGHT="29" WIDTH="37" ID="PAG_23_ST000673" WC="1" CONTENT="et" STYLEREFS="TXT_2"/>
            <SP ID="PAG_23_SP000623" HPOS="2724" VPOS="3896" WIDTH="28"/>
            <String HPOS="2752" VPOS="3896" HEIGHT="23" WIDTH="77" ID="PAG_23_ST000674" WC="1" CONTENT="non" STYLEREFS="TXT_2"/>
            <SP ID="PAG_23_SP000624" HPOS="2829" VPOS="3885" WIDTH="30"/>
            <String HPOS="2859" VPOS="3885" HEIGHT="44" WIDTH="116" ID="PAG_23_ST000675" WC="1" CONTENT="pelée," STYLEREFS="TXT_2"/>
            <SP ID="PAG_23_SP000625" HPOS="2975" VPOS="3885" WIDTH="30"/>
            <String HPOS="3005" VPOS="3885" HEIGHT="36" WIDTH="155" ID="PAG_23_ST000676" WC="1" CONTENT="bouillie" STYLEREFS="TXT_2"/>
            <SP ID="PAG_23_SP000626" HPOS="3160" VPOS="3886" WIDTH="30"/>
            <String HPOS="3190" VPOS="3886" HEIGHT="36" WIDTH="94" ID="PAG_23_ST000677" WC="1" CONTENT="dans" STYLEREFS="TXT_2"/>
            <SP ID="PAG_23_SP000627" HPOS="3284" VPOS="3887" WIDTH="31"/>
            <String HPOS="3315" VPOS="3887" HEIGHT="35" WIDTH="34" ID="PAG_23_ST000678" WC="1" CONTENT="le" STYLEREFS="TXT_2"/>
            <SP ID="PAG_23_SP000628" HPOS="3349" VPOS="3887" WIDTH="29"/>
            <String HPOS="3378" VPOS="3887" HEIGHT="35" WIDTH="66" ID="PAG_23_ST000679" WC="1" CONTENT="vin" STYLEREFS="TXT_2"/>
            <SP ID="PAG_23_SP000629" HPOS="3444" VPOS="3887" WIDTH="30"/>
            <String HPOS="3474" VPOS="3887" HEIGHT="35" WIDTH="112" ID="PAG_23_ST000680" WC="1" CONTENT="blanc" STYLEREFS="TXT_2"/>
            <SP ID="PAG_23_SP000630" HPOS="3586" VPOS="3898" WIDTH="30"/>
            <String HPOS="3616" VPOS="3898" HEIGHT="24" WIDTH="49" ID="PAG_23_ST000681" WC="1" CONTENT="ou" STYLEREFS="TXT_2"/>
          </TextLine>
          <TextLine HPOS="1765" VPOS="3929" HEIGHT="53" WIDTH="1901" ID="PAG_23_TL000052" STYLEREFS="TXT_2">
            <String HPOS="1765" VPOS="3929" HEIGHT="44" WIDTH="231" ID="PAG_23_ST000682" WC="1" CONTENT="enveloppée" STYLEREFS="TXT_2"/>
            <SP ID="PAG_23_SP000631" HPOS="1996" VPOS="3931" WIDTH="22"/>
            <String HPOS="2018" VPOS="3931" HEIGHT="35" WIDTH="46" ID="PAG_23_ST000683" WC="1" CONTENT="de" STYLEREFS="TXT_2"/>
            <SP ID="PAG_23_SP000632" HPOS="2064" VPOS="3931" WIDTH="22"/>
            <String HPOS="2086" VPOS="3931" HEIGHT="44" WIDTH="132" ID="PAG_23_ST000684" WC="1" CONTENT="papier" STYLEREFS="TXT_2"/>
            <SP ID="PAG_23_SP000633" HPOS="2218" VPOS="3932" WIDTH="22"/>
            <String HPOS="2240" VPOS="3932" HEIGHT="43" WIDTH="149" ID="PAG_23_ST000685" WC="1" CONTENT="beurré," STYLEREFS="TXT_2"/>
            <SP ID="PAG_23_SP000634" HPOS="2389" VPOS="3933" WIDTH="24"/>
            <String HPOS="2413" VPOS="3933" HEIGHT="35" WIDTH="69" ID="PAG_23_ST000686" WC="1" CONTENT="elle" STYLEREFS="TXT_2"/>
            <SP ID="PAG_23_SP000635" HPOS="2482" VPOS="3940" WIDTH="24"/>
            <String HPOS="2506" VPOS="3940" HEIGHT="29" WIDTH="56" ID="PAG_23_ST000687" WC="1" CONTENT="est" STYLEREFS="TXT_2"/>
            <SP ID="PAG_23_SP000636" HPOS="2562" VPOS="3935" WIDTH="22"/>
            <String HPOS="2584" VPOS="3935" HEIGHT="35" WIDTH="34" ID="PAG_23_ST000688" WC="1" CONTENT="le" STYLEREFS="TXT_2"/>
            <SP ID="PAG_23_SP000637" HPOS="2618" VPOS="3936" WIDTH="22"/>
            <String HPOS="2640" VPOS="3936" HEIGHT="43" WIDTH="83" ID="PAG_23_ST000689" WC="1" CONTENT="plus" STYLEREFS="TXT_2"/>
            <SP ID="PAG_23_SP000638" HPOS="2723" VPOS="3935" WIDTH="24"/>
            <String HPOS="2747" VPOS="3935" HEIGHT="44" WIDTH="112" ID="PAG_23_ST000690" WC="1" CONTENT="loyal," STYLEREFS="TXT_2"/>
            <SP ID="PAG_23_SP000639" HPOS="2859" VPOS="3936" WIDTH="25"/>
            <String HPOS="2884" VPOS="3936" HEIGHT="35" WIDTH="33" ID="PAG_23_ST000691" WC="1" CONTENT="le" STYLEREFS="TXT_2"/>
            <SP ID="PAG_23_SP000640" HPOS="2917" VPOS="3937" WIDTH="23"/>
            <String HPOS="2940" VPOS="3937" HEIGHT="44" WIDTH="84" ID="PAG_23_ST000692" WC="1" CONTENT="plus" STYLEREFS="TXT_2"/>
            <SP ID="PAG_23_SP000641" HPOS="3024" VPOS="3937" WIDTH="23"/>
            <String HPOS="3047" VPOS="3937" HEIGHT="45" WIDTH="162" ID="PAG_23_ST000693" WC="1" CONTENT="digestif" STYLEREFS="TXT_2"/>
            <SP ID="PAG_23_SP000642" HPOS="3209" VPOS="3939" WIDTH="21"/>
            <String HPOS="3230" VPOS="3939" HEIGHT="34" WIDTH="66" ID="PAG_23_ST000694" WC="1" CONTENT="des" STYLEREFS="TXT_2"/>
            <SP ID="PAG_23_SP000643" HPOS="3296" VPOS="3938" WIDTH="24"/>
            <String HPOS="3320" VPOS="3938" HEIGHT="44" WIDTH="277" ID="PAG_23_ST000695" WC="1" CONTENT="champignons" STYLEREFS="TXT_2"/>
            <SP ID="PAG_23_SP000644" HPOS="3597" VPOS="3959" WIDTH="20"/>
            <String HPOS="3617" VPOS="3959" HEIGHT="5" WIDTH="49" ID="PAG_23_ST000696" WC="0.76" CONTENT="—" STYLEREFS="TXT_2"/>
          </TextLine>
          <TextLine HPOS="1763" VPOS="3980" HEIGHT="52" WIDTH="1930" ID="PAG_23_TL000053" STYLEREFS="TXT_2">
            <String HPOS="1763" VPOS="3980" HEIGHT="36" WIDTH="107" ID="PAG_23_ST000697" WC="1" CONTENT="hélas" STYLEREFS="TXT_2"/>
            <SP ID="PAG_23_SP000645" HPOS="1870" VPOS="3981" WIDTH="26"/>
            <String HPOS="1896" VPOS="3981" HEIGHT="35" WIDTH="7" ID="PAG_23_ST000698" WC="1" CONTENT="!" STYLEREFS="TXT_2"/>
            <SP ID="PAG_23_SP000646" HPOS="1903" VPOS="3981" WIDTH="25"/>
            <String HPOS="1928" VPOS="3981" HEIGHT="36" WIDTH="34" ID="PAG_23_ST000699" WC="1" CONTENT="le" STYLEREFS="TXT_2"/>
            <SP ID="PAG_23_SP000647" HPOS="1962" VPOS="3982" WIDTH="21"/>
            <String HPOS="1983" VPOS="3982" HEIGHT="42" WIDTH="84" ID="PAG_23_ST000700" WC="1" CONTENT="plus" STYLEREFS="TXT_2"/>
            <SP ID="PAG_23_SP000648" HPOS="2067" VPOS="3983" WIDTH="22"/>
            <String HPOS="2089" VPOS="3983" HEIGHT="36" WIDTH="165" ID="PAG_23_ST000701" WC="1" CONTENT="coûteux" STYLEREFS="TXT_2"/>
            <SP ID="PAG_23_SP000649" HPOS="2254" VPOS="3984" WIDTH="22"/>
            <String HPOS="2276" VPOS="3984" HEIGHT="36" WIDTH="115" ID="PAG_23_ST000702" WC="1" CONTENT="aussi." STYLEREFS="TXT_2"/>
            <SP ID="PAG_23_SP000650" HPOS="2391" VPOS="3985" WIDTH="23"/>
            <String HPOS="2414" VPOS="3985" HEIGHT="35" WIDTH="37" ID="PAG_23_ST000703" WC="1" CONTENT="A" STYLEREFS="TXT_2"/>
            <SP ID="PAG_23_SP000651" HPOS="2451" VPOS="3985" WIDTH="22"/>
            <String HPOS="2473" VPOS="3985" HEIGHT="37" WIDTH="205" ID="PAG_23_ST000704" WC="1" CONTENT="l'occasion" STYLEREFS="TXT_2"/>
            <SP ID="PAG_23_SP000652" HPOS="2678" VPOS="3987" WIDTH="21"/>
            <String HPOS="2699" VPOS="3987" HEIGHT="43" WIDTH="41" ID="PAG_23_ST000705" WC="1" CONTENT="je" STYLEREFS="TXT_2"/>
            <SP ID="PAG_23_SP000653" HPOS="2740" VPOS="3999" WIDTH="22"/>
            <String HPOS="2762" VPOS="3999" HEIGHT="24" WIDTH="96" ID="PAG_23_ST000706" WC="1" CONTENT="vous" STYLEREFS="TXT_2"/>
            <SP ID="PAG_23_SP000654" HPOS="2858" VPOS="3988" WIDTH="24"/>
            <String HPOS="2882" VPOS="3988" HEIGHT="42" WIDTH="210" ID="PAG_23_ST000707" WC="1" CONTENT="reparlerai" STYLEREFS="TXT_2"/>
            <SP ID="PAG_23_SP000655" HPOS="3092" VPOS="3989" WIDTH="23"/>
            <String HPOS="3115" VPOS="3989" HEIGHT="41" WIDTH="122" ID="PAG_23_ST000708" WC="1" CONTENT="d'elle," STYLEREFS="TXT_2"/>
            <SP ID="PAG_23_SP000656" HPOS="3237" VPOS="3989" WIDTH="23"/>
            <String HPOS="3260" VPOS="3989" HEIGHT="36" WIDTH="36" ID="PAG_23_ST000709" WC="1" CONTENT="la" STYLEREFS="TXT_2"/>
            <SP ID="PAG_23_SP000657" HPOS="3296" VPOS="3989" WIDTH="22"/>
            <String HPOS="3318" VPOS="3989" HEIGHT="43" WIDTH="238" ID="PAG_23_ST000710" WC="1" CONTENT="ténébreuse," STYLEREFS="TXT_2"/>
            <SP ID="PAG_23_SP000658" HPOS="3556" VPOS="3989" WIDTH="24"/>
            <String HPOS="3580" VPOS="3989" HEIGHT="36" WIDTH="83" ID="PAG_23_ST000711" WC="1" CONTENT="l'in-" SUBS_TYPE="HypPart1" SUBS_CONTENT="l'insoumise" STYLEREFS="TXT_2"/>
            <HYP HPOS="3663" VPOS="4025" WIDTH="30" CONTENT="-"/>
          </TextLine>
          <TextLine HPOS="1764" VPOS="4031" HEIGHT="47" WIDTH="1064" ID="PAG_23_TL000054" STYLEREFS="TXT_2">
            <String HPOS="1764" VPOS="4031" HEIGHT="36" WIDTH="166" ID="PAG_23_ST000712" WC="1" CONTENT="soumise" SUBS_TYPE="HypPart2" SUBS_CONTENT="l'insoumise" STYLEREFS="TXT_2"/>
            <SP ID="PAG_23_SP000659" HPOS="1930" VPOS="4033" WIDTH="25"/>
            <String HPOS="1955" VPOS="4033" HEIGHT="44" WIDTH="65" ID="PAG_23_ST000713" WC="1" CONTENT="qui" STYLEREFS="TXT_2"/>
            <SP ID="PAG_23_SP000660" HPOS="2020" VPOS="4032" WIDTH="25"/>
            <String HPOS="2045" VPOS="4032" HEIGHT="46" WIDTH="167" ID="PAG_23_ST000714" WC="1" CONTENT="échappe" STYLEREFS="TXT_2"/>
            <SP ID="PAG_23_SP000661" HPOS="2212" VPOS="4034" WIDTH="26"/>
            <String HPOS="2238" VPOS="4034" HEIGHT="35" WIDTH="23" ID="PAG_23_ST000715" WC="1" CONTENT="à" STYLEREFS="TXT_2"/>
            <SP ID="PAG_23_SP000662" HPOS="2261" VPOS="4041" WIDTH="25"/>
            <String HPOS="2286" VPOS="4041" HEIGHT="30" WIDTH="105" ID="PAG_23_ST000716" WC="1" CONTENT="toute" STYLEREFS="TXT_2"/>
            <SP ID="PAG_23_SP000663" HPOS="2391" VPOS="4036" WIDTH="25"/>
            <String HPOS="2416" VPOS="4036" HEIGHT="36" WIDTH="147" ID="PAG_23_ST000717" WC="1" CONTENT="culture" STYLEREFS="TXT_2"/>
            <SP ID="PAG_23_SP000664" HPOS="2563" VPOS="4037" WIDTH="27"/>
            <String HPOS="2590" VPOS="4037" HEIGHT="36" WIDTH="238" ID="PAG_23_ST000718" WC="1" CONTENT="raisonnée..." STYLEREFS="TXT_2"/>
          </TextLine>
        </TextBlock>
        <TextBlock HPOS="4090" VPOS="1041" HEIGHT="59" WIDTH="1866" ID="PAG_23_TB000009" LANG="fr" STYLEREFS="TXT_2">
          <TextLine HPOS="4090" VPOS="1041" HEIGHT="59" WIDTH="1866" ID="PAG_23_TL000055" STYLEREFS="TXT_2">
            <String HPOS="4090" VPOS="1041" HEIGHT="57" WIDTH="57" ID="PAG_23_ST000719" WC="0.5" CONTENT="É" STYLEREFS="TXT_2"/>
            <SP ID="PAG_23_SP000665" HPOS="4147" VPOS="1047" WIDTH="14"/>
            <String HPOS="4161" VPOS="1047" HEIGHT="52" WIDTH="52" ID="PAG_23_ST000720" WC="0.00" CONTENT="É" STYLEREFS="TXT_2"/>
            <SP ID="PAG_23_SP000666" HPOS="4213" VPOS="1045" WIDTH="28"/>
            <String HPOS="4241" VPOS="1045" HEIGHT="53" WIDTH="41" ID="PAG_23_ST000721" WC="0.00" CONTENT="&quot;N," STYLEREFS="TXT_2"/>
            <SP ID="PAG_23_SP000667" HPOS="4282" VPOS="1046" WIDTH="18"/>
            <String HPOS="4300" VPOS="1046" HEIGHT="54" WIDTH="158" ID="PAG_23_ST000722" WC="0.00" CONTENT="cert^m." STYLEREFS="TXT_2"/>
            <SP ID="PAG_23_SP000668" HPOS="4458" VPOS="1054" WIDTH="18"/>
            <String HPOS="4476" VPOS="1054" HEIGHT="21" WIDTH="19" ID="PAG_23_ST000723" WC="0.68" CONTENT="«" STYLEREFS="TXT_2"/>
            <SP ID="PAG_23_SP000669" HPOS="4495" VPOS="1042" WIDTH="27"/>
            <String HPOS="4522" VPOS="1042" HEIGHT="35" WIDTH="89" ID="PAG_23_ST000724" WC="1" CONTENT="café" STYLEREFS="TXT_2"/>
            <SP ID="PAG_23_SP000670" HPOS="4611" VPOS="1055" WIDTH="22"/>
            <String HPOS="4633" VPOS="1055" HEIGHT="22" WIDTH="48" ID="PAG_23_ST000725" WC="1" CONTENT="au" STYLEREFS="TXT_2"/>
            <SP ID="PAG_23_SP000671" HPOS="4681" VPOS="1043" WIDTH="24"/>
            <String HPOS="4705" VPOS="1043" HEIGHT="35" WIDTH="68" ID="PAG_23_ST000726" WC="1" CONTENT="lait" STYLEREFS="TXT_2"/>
            <SP ID="PAG_23_SP000672" HPOS="4773" VPOS="1044" WIDTH="23"/>
            <String HPOS="4796" VPOS="1044" HEIGHT="35" WIDTH="45" ID="PAG_23_ST000727" WC="1" CONTENT="de" STYLEREFS="TXT_2"/>
            <SP ID="PAG_23_SP000673" HPOS="4841" VPOS="1045" WIDTH="24"/>
            <String HPOS="4865" VPOS="1045" HEIGHT="45" WIDTH="201" ID="PAG_23_ST000728" WC="1" CONTENT="concierge" STYLEREFS="TXT_2"/>
            <SP ID="PAG_23_SP000674" HPOS="5066" VPOS="1060" WIDTH="26"/>
            <String HPOS="5092" VPOS="1060" HEIGHT="21" WIDTH="19" ID="PAG_23_ST000729" WC="0.98" CONTENT="»" STYLEREFS="TXT_2"/>
            <SP ID="PAG_23_SP000675" HPOS="5111" VPOS="1047" WIDTH="27"/>
            <String HPOS="5138" VPOS="1047" HEIGHT="35" WIDTH="91" ID="PAG_23_ST000730" WC="1" CONTENT="dont" STYLEREFS="TXT_2"/>
            <SP ID="PAG_23_SP000676" HPOS="5229" VPOS="1048" WIDTH="23"/>
            <String HPOS="5252" VPOS="1048" HEIGHT="34" WIDTH="26" ID="PAG_23_ST000731" WC="1" CONTENT="il" STYLEREFS="TXT_2"/>
            <SP ID="PAG_23_SP000677" HPOS="5278" VPOS="1055" WIDTH="23"/>
            <String HPOS="5301" VPOS="1055" HEIGHT="29" WIDTH="57" ID="PAG_23_ST000732" WC="1" CONTENT="est" STYLEREFS="TXT_2"/>
            <SP ID="PAG_23_SP000678" HPOS="5358" VPOS="1050" WIDTH="22"/>
            <String HPOS="5380" VPOS="1050" HEIGHT="43" WIDTH="174" ID="PAG_23_ST000733" WC="1" CONTENT="question" STYLEREFS="TXT_2"/>
            <SP ID="PAG_23_SP000679" HPOS="5554" VPOS="1051" WIDTH="24"/>
            <String HPOS="5578" VPOS="1051" HEIGHT="36" WIDTH="95" ID="PAG_23_ST000734" WC="1" CONTENT="dans" STYLEREFS="TXT_2"/>
            <SP ID="PAG_23_SP000680" HPOS="5673" VPOS="1065" WIDTH="29"/>
            <String HPOS="5702" VPOS="1065" HEIGHT="21" WIDTH="19" ID="PAG_23_ST000735" WC="1" CONTENT="«" STYLEREFS="TXT_2"/>
            <SP ID="PAG_23_SP000681" HPOS="5721" VPOS="1051" WIDTH="28"/>
            <String HPOS="5749" VPOS="1051" HEIGHT="37" WIDTH="114" ID="PAG_23_ST000736" WC="1" CONTENT="Chéri" STYLEREFS="TXT_2"/>
            <SP ID="PAG_23_SP000682" HPOS="5863" VPOS="1066" WIDTH="26"/>
            <String HPOS="5889" VPOS="1066" HEIGHT="22" WIDTH="20" ID="PAG_23_ST000737" WC="0.97" CONTENT="»" STYLEREFS="TXT_2"/>
            <SP ID="PAG_23_SP000683" HPOS="5909" VPOS="1066" WIDTH="25"/>
            <String HPOS="5934" VPOS="1066" HEIGHT="23" WIDTH="22" ID="PAG_23_ST000738" WC="1" CONTENT="a" STYLEREFS="TXT_2"/>
          </TextLine>
        </TextBlock>
        <TextBlock HPOS="4045" VPOS="1083" HEIGHT="57" WIDTH="1912" ID="PAG_23_TB000010" LANG="fr" STYLEREFS="TXT_2">
          <TextLine HPOS="4045" VPOS="1083" HEIGHT="57" WIDTH="1912" ID="PAG_23_TL000056" STYLEREFS="TXT_2">
            <String HPOS="4045" VPOS="1110" HEIGHT="16" WIDTH="7" ID="PAG_23_ST000739" WC="0.5" CONTENT="," STYLEREFS="TXT_2"/>
            <SP ID="PAG_23_SP000684" HPOS="4052" VPOS="1083" WIDTH="27"/>
            <String HPOS="4079" VPOS="1083" HEIGHT="42" WIDTH="50" ID="PAG_23_ST000740" WC="0.00" CONTENT="Ê" STYLEREFS="TXT_2"/>
            <SP ID="PAG_23_SP000685" HPOS="4129" VPOS="1083" WIDTH="19"/>
            <String HPOS="4148" VPOS="1083" HEIGHT="42" WIDTH="49" ID="PAG_23_ST000741" WC="0.00" CONTENT="Ê-" STYLEREFS="TXT_2"/>
            <SP ID="PAG_23_SP000686" HPOS="4197" VPOS="1090" WIDTH="69"/>
            <String HPOS="4266" VPOS="1090" HEIGHT="35" WIDTH="133" ID="PAG_23_ST000742" WC="1" CONTENT="éveillé" STYLEREFS="TXT_2"/>
            <SP ID="PAG_23_SP000687" HPOS="4399" VPOS="1091" WIDTH="24"/>
            <String HPOS="4423" VPOS="1091" HEIGHT="36" WIDTH="87" ID="PAG_23_ST000743" WC="1" CONTENT="bien" STYLEREFS="TXT_2"/>
            <SP ID="PAG_23_SP000688" HPOS="4510" VPOS="1093" WIDTH="25"/>
            <String HPOS="4535" VPOS="1093" HEIGHT="34" WIDTH="65" ID="PAG_23_ST000744" WC="1" CONTENT="des" STYLEREFS="TXT_2"/>
            <SP ID="PAG_23_SP000689" HPOS="4600" VPOS="1094" WIDTH="27"/>
            <String HPOS="4627" VPOS="1094" HEIGHT="43" WIDTH="212" ID="PAG_23_ST000745" WC="1" CONTENT="curiosités," STYLEREFS="TXT_2"/>
            <SP ID="PAG_23_SP000690" HPOS="4839" VPOS="1107" WIDTH="25"/>
            <String HPOS="4864" VPOS="1107" HEIGHT="32" WIDTH="71" ID="PAG_23_ST000746" WC="1" CONTENT="que" STYLEREFS="TXT_2"/>
            <SP ID="PAG_23_SP000691" HPOS="4935" VPOS="1096" WIDTH="24"/>
            <String HPOS="4959" VPOS="1096" HEIGHT="44" WIDTH="68" ID="PAG_23_ST000747" WC="1" CONTENT="j'ai" STYLEREFS="TXT_2"/>
            <SP ID="PAG_23_SP000692" HPOS="5027" VPOS="1097" WIDTH="27"/>
            <String HPOS="5054" VPOS="1097" HEIGHT="36" WIDTH="156" ID="PAG_23_ST000748" WC="1" CONTENT="laissées" STYLEREFS="TXT_2"/>
            <SP ID="PAG_23_SP000693" HPOS="5210" VPOS="1120" WIDTH="22"/>
            <String HPOS="5232" VPOS="1120" HEIGHT="4" WIDTH="49" ID="PAG_23_ST000749" WC="0.99" CONTENT="—" STYLEREFS="TXT_2"/>
            <SP ID="PAG_23_SP000694" HPOS="5281" VPOS="1099" WIDTH="24"/>
            <String HPOS="5305" VPOS="1099" HEIGHT="36" WIDTH="90" ID="PAG_23_ST000750" WC="1" CONTENT="c'est" STYLEREFS="TXT_2"/>
            <SP ID="PAG_23_SP000695" HPOS="5395" VPOS="1100" WIDTH="26"/>
            <String HPOS="5421" VPOS="1100" HEIGHT="35" WIDTH="33" ID="PAG_23_ST000751" WC="1" CONTENT="le" STYLEREFS="TXT_2"/>
            <SP ID="PAG_23_SP000696" HPOS="5454" VPOS="1107" WIDTH="26"/>
            <String HPOS="5480" VPOS="1107" HEIGHT="29" WIDTH="78" ID="PAG_23_ST000752" WC="1" CONTENT="mot" STYLEREFS="TXT_2"/>
            <SP ID="PAG_23_SP000697" HPOS="5558" VPOS="1122" WIDTH="22"/>
            <String HPOS="5580" VPOS="1122" HEIGHT="5" WIDTH="50" ID="PAG_23_ST000753" WC="0.5" CONTENT="—" STYLEREFS="TXT_2"/>
            <SP ID="PAG_23_SP000698" HPOS="5630" VPOS="1114" WIDTH="23"/>
            <String HPOS="5653" VPOS="1114" HEIGHT="23" WIDTH="65" ID="PAG_23_ST000754" WC="1" CONTENT="sur" STYLEREFS="TXT_2"/>
            <SP ID="PAG_23_SP000699" HPOS="5718" VPOS="1103" WIDTH="24"/>
            <String HPOS="5742" VPOS="1103" HEIGHT="35" WIDTH="81" ID="PAG_23_ST000755" WC="1" CONTENT="leur" STYLEREFS="TXT_2"/>
            <SP ID="PAG_23_SP000700" HPOS="5823" VPOS="1104" WIDTH="27"/>
            <String HPOS="5850" VPOS="1104" HEIGHT="35" WIDTH="107" ID="PAG_23_ST000756" WC="1" CONTENT="faim." STYLEREFS="TXT_2"/>
          </TextLine>
        </TextBlock>
        <TextBlock HPOS="4073" VPOS="1141" HEIGHT="141" WIDTH="1884" ID="PAG_23_TB000011" LANG="fr" STYLEREFS="TXT_2">
          <TextLine HPOS="4243" VPOS="1141" HEIGHT="51" WIDTH="1713" ID="PAG_23_TL000057" STYLEREFS="TXT_2">
            <String HPOS="4243" VPOS="1141" HEIGHT="34" WIDTH="103" ID="PAG_23_ST000757" WC="1" CONTENT="Mais" STYLEREFS="TXT_2"/>
            <SP ID="PAG_23_SP000701" HPOS="4346" VPOS="1142" WIDTH="25"/>
            <String HPOS="4371" VPOS="1142" HEIGHT="44" WIDTH="95" ID="PAG_23_ST000758" WC="1" CONTENT="ai-je" STYLEREFS="TXT_2"/>
            <SP ID="PAG_23_SP000702" HPOS="4466" VPOS="1143" WIDTH="26"/>
            <String HPOS="4492" VPOS="1143" HEIGHT="34" WIDTH="66" ID="PAG_23_ST000759" WC="1" CONTENT="des" STYLEREFS="TXT_2"/>
            <SP ID="PAG_23_SP000703" HPOS="4558" VPOS="1150" WIDTH="26"/>
            <String HPOS="4584" VPOS="1150" HEIGHT="29" WIDTH="142" ID="PAG_23_ST000760" WC="1" CONTENT="secrets" STYLEREFS="TXT_2"/>
            <SP ID="PAG_23_SP000704" HPOS="4726" VPOS="1156" WIDTH="26"/>
            <String HPOS="4752" VPOS="1156" HEIGHT="32" WIDTH="95" ID="PAG_23_ST000761" WC="1" CONTENT="pour" STYLEREFS="TXT_2"/>
            <SP ID="PAG_23_SP000705" HPOS="4847" VPOS="1147" WIDTH="26"/>
            <String HPOS="4873" VPOS="1147" HEIGHT="36" WIDTH="275" ID="PAG_23_ST000762" WC="1" CONTENT="Marie-Claire" STYLEREFS="TXT_2"/>
            <SP ID="PAG_23_SP000706" HPOS="5148" VPOS="1148" WIDTH="34"/>
            <String HPOS="5182" VPOS="1148" HEIGHT="35" WIDTH="15" ID="PAG_23_ST000763" WC="1" CONTENT="?" STYLEREFS="TXT_2"/>
            <SP ID="PAG_23_SP000707" HPOS="5197" VPOS="1149" WIDTH="26"/>
            <String HPOS="5223" VPOS="1149" HEIGHT="36" WIDTH="86" ID="PAG_23_ST000764" WC="1" CONTENT="Une" STYLEREFS="TXT_2"/>
            <SP ID="PAG_23_SP000708" HPOS="5309" VPOS="1151" WIDTH="27"/>
            <String HPOS="5336" VPOS="1151" HEIGHT="41" WIDTH="212" ID="PAG_23_ST000765" WC="0.99" CONTENT="concierge," STYLEREFS="TXT_2"/>
            <SP ID="PAG_23_SP000709" HPOS="5548" VPOS="1164" WIDTH="28"/>
            <String HPOS="5576" VPOS="1164" HEIGHT="23" WIDTH="46" ID="PAG_23_ST000766" WC="1" CONTENT="en" STYLEREFS="TXT_2"/>
            <SP ID="PAG_23_SP000710" HPOS="5622" VPOS="1153" WIDTH="27"/>
            <String HPOS="5649" VPOS="1153" HEIGHT="39" WIDTH="111" ID="PAG_23_ST000767" WC="1" CONTENT="effet," STYLEREFS="TXT_2"/>
            <SP ID="PAG_23_SP000711" HPOS="5760" VPOS="1154" WIDTH="26"/>
            <String HPOS="5786" VPOS="1154" HEIGHT="35" WIDTH="170" ID="PAG_23_ST000768" WC="1" CONTENT="devenue" STYLEREFS="TXT_2"/>
          </TextLine>
          <TextLine HPOS="4245" VPOS="1191" HEIGHT="49" WIDTH="1712" ID="PAG_23_TL000058" STYLEREFS="TXT_2">
            <String HPOS="4245" VPOS="1191" HEIGHT="35" WIDTH="139" ID="PAG_23_ST000769" WC="1" CONTENT="femme" STYLEREFS="TXT_2"/>
            <SP ID="PAG_23_SP000712" HPOS="4384" VPOS="1193" WIDTH="28"/>
            <String HPOS="4412" VPOS="1193" HEIGHT="34" WIDTH="45" ID="PAG_23_ST000770" WC="1" CONTENT="de" STYLEREFS="TXT_2"/>
            <SP ID="PAG_23_SP000713" HPOS="4457" VPOS="1193" WIDTH="26"/>
            <String HPOS="4483" VPOS="1193" HEIGHT="45" WIDTH="173" ID="PAG_23_ST000771" WC="1" CONTENT="ménage," STYLEREFS="TXT_2"/>
            <SP ID="PAG_23_SP000714" HPOS="4656" VPOS="1207" WIDTH="26"/>
            <String HPOS="4682" VPOS="1207" HEIGHT="23" WIDTH="59" ID="PAG_23_ST000772" WC="1" CONTENT="me" STYLEREFS="TXT_2"/>
            <SP ID="PAG_23_SP000715" HPOS="4741" VPOS="1197" WIDTH="28"/>
            <String HPOS="4769" VPOS="1197" HEIGHT="35" WIDTH="126" ID="PAG_23_ST000773" WC="1" CONTENT="donna" STYLEREFS="TXT_2"/>
            <SP ID="PAG_23_SP000716" HPOS="4895" VPOS="1197" WIDTH="27"/>
            <String HPOS="4922" VPOS="1197" HEIGHT="36" WIDTH="189" ID="PAG_23_ST000774" WC="1" CONTENT="autrefois" STYLEREFS="TXT_2"/>
            <SP ID="PAG_23_SP000717" HPOS="5111" VPOS="1198" WIDTH="28"/>
            <String HPOS="5139" VPOS="1198" HEIGHT="36" WIDTH="36" ID="PAG_23_ST000775" WC="1" CONTENT="la" STYLEREFS="TXT_2"/>
            <SP ID="PAG_23_SP000718" HPOS="5175" VPOS="1207" WIDTH="28"/>
            <String HPOS="5203" VPOS="1207" HEIGHT="29" WIDTH="140" ID="PAG_23_ST000776" WC="1" CONTENT="recette" STYLEREFS="TXT_2"/>
            <SP ID="PAG_23_SP000719" HPOS="5343" VPOS="1201" WIDTH="28"/>
            <String HPOS="5371" VPOS="1201" HEIGHT="35" WIDTH="88" ID="PAG_23_ST000777" WC="1" CONTENT="d'un" STYLEREFS="TXT_2"/>
            <SP ID="PAG_23_SP000720" HPOS="5459" VPOS="1202" WIDTH="28"/>
            <String HPOS="5487" VPOS="1202" HEIGHT="34" WIDTH="93" ID="PAG_23_ST000778" WC="1" CONTENT="petit" STYLEREFS="TXT_2"/>
            <SP ID="PAG_23_SP000721" HPOS="5580" VPOS="1203" WIDTH="28"/>
            <String HPOS="5608" VPOS="1203" HEIGHT="36" WIDTH="184" ID="PAG_23_ST000779" WC="1" CONTENT="déjeuner" STYLEREFS="TXT_2"/>
            <SP ID="PAG_23_SP000722" HPOS="5792" VPOS="1216" WIDTH="27"/>
            <String HPOS="5819" VPOS="1216" HEIGHT="24" WIDTH="138" ID="PAG_23_ST000780" WC="1" CONTENT="propre" STYLEREFS="TXT_2"/>
          </TextLine>
          <TextLine HPOS="4073" VPOS="1239" HEIGHT="43" WIDTH="843" ID="PAG_23_TL000059" STYLEREFS="TXT_2">
            <String HPOS="4073" VPOS="1239" HEIGHT="36" WIDTH="22" ID="PAG_23_ST000781" WC="1" CONTENT="à" STYLEREFS="TXT_2"/>
            <SP ID="PAG_23_SP000723" HPOS="4095" VPOS="1240" WIDTH="21"/>
            <String HPOS="4116" VPOS="1240" HEIGHT="36" WIDTH="155" ID="PAG_23_ST000782" WC="1" CONTENT="chasser" STYLEREFS="TXT_2"/>
            <SP ID="PAG_23_SP000724" HPOS="4271" VPOS="1242" WIDTH="20"/>
            <String HPOS="4291" VPOS="1242" HEIGHT="35" WIDTH="33" ID="PAG_23_ST000783" WC="1" CONTENT="le" STYLEREFS="TXT_2"/>
            <SP ID="PAG_23_SP000725" HPOS="4324" VPOS="1242" WIDTH="24"/>
            <String HPOS="4348" VPOS="1242" HEIGHT="36" WIDTH="143" ID="PAG_23_ST000784" WC="1" CONTENT="frisson" STYLEREFS="TXT_2"/>
            <SP ID="PAG_23_SP000726" HPOS="4491" VPOS="1244" WIDTH="21"/>
            <String HPOS="4512" VPOS="1244" HEIGHT="35" WIDTH="65" ID="PAG_23_ST000785" WC="1" CONTENT="des" STYLEREFS="TXT_2"/>
            <SP ID="PAG_23_SP000727" HPOS="4577" VPOS="1246" WIDTH="21"/>
            <String HPOS="4598" VPOS="1246" HEIGHT="34" WIDTH="139" ID="PAG_23_ST000786" WC="1" CONTENT="matins" STYLEREFS="TXT_2"/>
            <SP ID="PAG_23_SP000728" HPOS="4737" VPOS="1246" WIDTH="22"/>
            <String HPOS="4759" VPOS="1246" HEIGHT="36" WIDTH="157" ID="PAG_23_ST000787" WC="1" CONTENT="d'hiver." STYLEREFS="TXT_2"/>
          </TextLine>
        </TextBlock>
        <TextBlock HPOS="4062" VPOS="1291" HEIGHT="309" WIDTH="1894" ID="PAG_23_TB000012" LANG="fr" STYLEREFS="TXT_2">
          <TextLine HPOS="4120" VPOS="1291" HEIGHT="54" WIDTH="1836" ID="PAG_23_TL000060" STYLEREFS="TXT_2">
            <String HPOS="4120" VPOS="1291" HEIGHT="44" WIDTH="106" ID="PAG_23_ST000788" WC="1" CONTENT="Ayez" STYLEREFS="TXT_2"/>
            <SP ID="PAG_23_SP000729" HPOS="4226" VPOS="1304" WIDTH="22"/>
            <String HPOS="4248" VPOS="1304" HEIGHT="24" WIDTH="74" ID="PAG_23_ST000789" WC="1" CONTENT="une" STYLEREFS="TXT_2"/>
            <SP ID="PAG_23_SP000730" HPOS="4322" VPOS="1294" WIDTH="21"/>
            <String HPOS="4343" VPOS="1294" HEIGHT="43" WIDTH="115" ID="PAG_23_ST000790" WC="1" CONTENT="petite" STYLEREFS="TXT_2"/>
            <SP ID="PAG_23_SP000731" HPOS="4458" VPOS="1295" WIDTH="23"/>
            <String HPOS="4481" VPOS="1295" HEIGHT="44" WIDTH="175" ID="PAG_23_ST000791" WC="1" CONTENT="soupière" STYLEREFS="TXT_2"/>
            <SP ID="PAG_23_SP000732" HPOS="4656" VPOS="1317" WIDTH="20"/>
            <String HPOS="4676" VPOS="1317" HEIGHT="4" WIDTH="50" ID="PAG_23_ST000792" WC="0.88" CONTENT="—" STYLEREFS="TXT_2"/>
            <SP ID="PAG_23_SP000733" HPOS="4726" VPOS="1297" WIDTH="18"/>
            <String HPOS="4744" VPOS="1297" HEIGHT="35" WIDTH="36" ID="PAG_23_ST000793" WC="1" CONTENT="la" STYLEREFS="TXT_2"/>
            <SP ID="PAG_23_SP000734" HPOS="4780" VPOS="1298" WIDTH="21"/>
            <String HPOS="4801" VPOS="1298" HEIGHT="43" WIDTH="116" ID="PAG_23_ST000794" WC="1" CONTENT="petite" STYLEREFS="TXT_2"/>
            <SP ID="PAG_23_SP000735" HPOS="4917" VPOS="1298" WIDTH="23"/>
            <String HPOS="4940" VPOS="1298" HEIGHT="44" WIDTH="175" ID="PAG_23_ST000795" WC="1" CONTENT="soupière" STYLEREFS="TXT_2"/>
            <SP ID="PAG_23_SP000736" HPOS="5115" VPOS="1299" WIDTH="22"/>
            <String HPOS="5137" VPOS="1299" HEIGHT="37" WIDTH="246" ID="PAG_23_ST000796" WC="1" CONTENT="individuelle" STYLEREFS="TXT_2"/>
            <SP ID="PAG_23_SP000737" HPOS="5383" VPOS="1313" WIDTH="22"/>
            <String HPOS="5405" VPOS="1313" HEIGHT="29" WIDTH="96" ID="PAG_23_ST000797" WC="1" CONTENT="pour" STYLEREFS="TXT_2"/>
            <SP ID="PAG_23_SP000738" HPOS="5501" VPOS="1314" WIDTH="23"/>
            <String HPOS="5524" VPOS="1314" HEIGHT="30" WIDTH="135" ID="PAG_23_ST000798" WC="1" CONTENT="soupes" STYLEREFS="TXT_2"/>
            <SP ID="PAG_23_SP000739" HPOS="5659" VPOS="1305" WIDTH="22"/>
            <String HPOS="5681" VPOS="1305" HEIGHT="40" WIDTH="204" ID="PAG_23_ST000799" WC="1" CONTENT="gratinées," STYLEREFS="TXT_2"/>
            <SP ID="PAG_23_SP000740" HPOS="5885" VPOS="1318" WIDTH="21"/>
            <String HPOS="5906" VPOS="1318" HEIGHT="23" WIDTH="50" ID="PAG_23_ST000800" WC="1" CONTENT="ou" STYLEREFS="TXT_2"/>
          </TextLine>
          <TextLine HPOS="4072" VPOS="1343" HEIGHT="51" WIDTH="1883" ID="PAG_23_TL000061" STYLEREFS="TXT_2">
            <String HPOS="4072" VPOS="1353" HEIGHT="23" WIDTH="51" ID="PAG_23_ST000801" WC="1" CONTENT="un" STYLEREFS="TXT_2"/>
            <SP ID="PAG_23_SP000741" HPOS="4123" VPOS="1354" WIDTH="22"/>
            <String HPOS="4145" VPOS="1354" HEIGHT="32" WIDTH="91" ID="PAG_23_ST000802" WC="1" CONTENT="gros" STYLEREFS="TXT_2"/>
            <SP ID="PAG_23_SP000742" HPOS="4236" VPOS="1343" WIDTH="22"/>
            <String HPOS="4258" VPOS="1343" HEIGHT="42" WIDTH="73" ID="PAG_23_ST000803" WC="1" CONTENT="bol," STYLEREFS="TXT_2"/>
            <SP ID="PAG_23_SP000743" HPOS="4331" VPOS="1356" WIDTH="25"/>
            <String HPOS="4356" VPOS="1356" HEIGHT="23" WIDTH="45" ID="PAG_23_ST000804" WC="1" CONTENT="en" STYLEREFS="TXT_2"/>
            <SP ID="PAG_23_SP000744" HPOS="4401" VPOS="1346" WIDTH="24"/>
            <String HPOS="4425" VPOS="1346" HEIGHT="42" WIDTH="217" ID="PAG_23_ST000805" WC="1" CONTENT="porcelaine" STYLEREFS="TXT_2"/>
            <SP ID="PAG_23_SP000745" HPOS="4642" VPOS="1346" WIDTH="23"/>
            <String HPOS="4665" VPOS="1346" HEIGHT="35" WIDTH="22" ID="PAG_23_ST000806" WC="1" CONTENT="à" STYLEREFS="TXT_2"/>
            <SP ID="PAG_23_SP000746" HPOS="4687" VPOS="1346" WIDTH="25"/>
            <String HPOS="4712" VPOS="1346" HEIGHT="36" WIDTH="75" ID="PAG_23_ST000807" WC="1" CONTENT="feu." STYLEREFS="TXT_2"/>
            <SP ID="PAG_23_SP000747" HPOS="4787" VPOS="1348" WIDTH="25"/>
            <String HPOS="4812" VPOS="1348" HEIGHT="42" WIDTH="190" ID="PAG_23_ST000808" WC="1" CONTENT="Versez-y" STYLEREFS="TXT_2"/>
            <SP ID="PAG_23_SP000748" HPOS="5002" VPOS="1349" WIDTH="24"/>
            <String HPOS="5026" VPOS="1349" HEIGHT="35" WIDTH="33" ID="PAG_23_ST000809" WC="1" CONTENT="le" STYLEREFS="TXT_2"/>
            <SP ID="PAG_23_SP000749" HPOS="5059" VPOS="1350" WIDTH="23"/>
            <String HPOS="5082" VPOS="1350" HEIGHT="35" WIDTH="88" ID="PAG_23_ST000810" WC="1" CONTENT="café" STYLEREFS="TXT_2"/>
            <SP ID="PAG_23_SP000750" HPOS="5170" VPOS="1363" WIDTH="22"/>
            <String HPOS="5192" VPOS="1363" HEIGHT="23" WIDTH="48" ID="PAG_23_ST000811" WC="1" CONTENT="au" STYLEREFS="TXT_2"/>
            <SP ID="PAG_23_SP000751" HPOS="5240" VPOS="1351" WIDTH="24"/>
            <String HPOS="5264" VPOS="1351" HEIGHT="39" WIDTH="79" ID="PAG_23_ST000812" WC="1" CONTENT="lait," STYLEREFS="TXT_2"/>
            <SP ID="PAG_23_SP000752" HPOS="5343" VPOS="1353" WIDTH="24"/>
            <String HPOS="5367" VPOS="1353" HEIGHT="35" WIDTH="110" ID="PAG_23_ST000813" WC="1" CONTENT="sucré" STYLEREFS="TXT_2"/>
            <SP ID="PAG_23_SP000753" HPOS="5477" VPOS="1361" WIDTH="24"/>
            <String HPOS="5501" VPOS="1361" HEIGHT="28" WIDTH="35" ID="PAG_23_ST000814" WC="1" CONTENT="et" STYLEREFS="TXT_2"/>
            <SP ID="PAG_23_SP000754" HPOS="5536" VPOS="1355" WIDTH="24"/>
            <String HPOS="5560" VPOS="1355" HEIGHT="34" WIDTH="91" ID="PAG_23_ST000815" WC="1" CONTENT="dosé" STYLEREFS="TXT_2"/>
            <SP ID="PAG_23_SP000755" HPOS="5651" VPOS="1355" WIDTH="24"/>
            <String HPOS="5675" VPOS="1355" HEIGHT="35" WIDTH="22" ID="PAG_23_ST000816" WC="1" CONTENT="à" STYLEREFS="TXT_2"/>
            <SP ID="PAG_23_SP000756" HPOS="5697" VPOS="1362" WIDTH="23"/>
            <String HPOS="5720" VPOS="1362" HEIGHT="29" WIDTH="108" ID="PAG_23_ST000817" WC="1" CONTENT="votre" STYLEREFS="TXT_2"/>
            <SP ID="PAG_23_SP000757" HPOS="5828" VPOS="1357" WIDTH="24"/>
            <String HPOS="5852" VPOS="1357" HEIGHT="37" WIDTH="103" ID="PAG_23_ST000818" WC="1" CONTENT="goût." STYLEREFS="TXT_2"/>
          </TextLine>
          <TextLine HPOS="4073" VPOS="1392" HEIGHT="54" WIDTH="1883" ID="PAG_23_TL000062" STYLEREFS="TXT_2">
            <String HPOS="4073" VPOS="1392" HEIGHT="45" WIDTH="191" ID="PAG_23_ST000819" WC="1" CONTENT="Préparez" STYLEREFS="TXT_2"/>
            <SP ID="PAG_23_SP000758" HPOS="4264" VPOS="1395" WIDTH="18"/>
            <String HPOS="4282" VPOS="1395" HEIGHT="34" WIDTH="47" ID="PAG_23_ST000820" WC="1" CONTENT="de" STYLEREFS="TXT_2"/>
            <SP ID="PAG_23_SP000759" HPOS="4329" VPOS="1395" WIDTH="21"/>
            <String HPOS="4350" VPOS="1395" HEIGHT="35" WIDTH="115" ID="PAG_23_ST000821" WC="1" CONTENT="belles" STYLEREFS="TXT_2"/>
            <SP ID="PAG_23_SP000760" HPOS="4465" VPOS="1397" WIDTH="20"/>
            <String HPOS="4485" VPOS="1397" HEIGHT="35" WIDTH="178" ID="PAG_23_ST000822" WC="1" CONTENT="tranches" STYLEREFS="TXT_2"/>
            <SP ID="PAG_23_SP000761" HPOS="4663" VPOS="1398" WIDTH="21"/>
            <String HPOS="4684" VPOS="1398" HEIGHT="34" WIDTH="45" ID="PAG_23_ST000823" WC="1" CONTENT="de" STYLEREFS="TXT_2"/>
            <SP ID="PAG_23_SP000762" HPOS="4729" VPOS="1398" WIDTH="20"/>
            <String HPOS="4749" VPOS="1398" HEIGHT="44" WIDTH="89" ID="PAG_23_ST000824" WC="1" CONTENT="pain" STYLEREFS="TXT_2"/>
            <SP ID="PAG_23_SP000763" HPOS="4838" VPOS="1420" WIDTH="19"/>
            <String HPOS="4857" VPOS="1420" HEIGHT="4" WIDTH="49" ID="PAG_23_ST000825" WC="0.88" CONTENT="—" STYLEREFS="TXT_2"/>
            <SP ID="PAG_23_SP000764" HPOS="4906" VPOS="1400" WIDTH="18"/>
            <String HPOS="4924" VPOS="1400" HEIGHT="43" WIDTH="89" ID="PAG_23_ST000826" WC="1" CONTENT="pain" STYLEREFS="TXT_2"/>
            <SP ID="PAG_23_SP000765" HPOS="5013" VPOS="1400" WIDTH="20"/>
            <String HPOS="5033" VPOS="1400" HEIGHT="35" WIDTH="46" ID="PAG_23_ST000827" WC="1" CONTENT="de" STYLEREFS="TXT_2"/>
            <SP ID="PAG_23_SP000766" HPOS="5079" VPOS="1401" WIDTH="21"/>
            <String HPOS="5100" VPOS="1401" HEIGHT="42" WIDTH="172" ID="PAG_23_ST000828" WC="1" CONTENT="ménage," STYLEREFS="TXT_2"/>
            <SP ID="PAG_23_SP000767" HPOS="5272" VPOS="1402" WIDTH="21"/>
            <String HPOS="5293" VPOS="1402" HEIGHT="35" WIDTH="33" ID="PAG_23_ST000829" WC="1" CONTENT="le" STYLEREFS="TXT_2"/>
            <SP ID="PAG_23_SP000768" HPOS="5326" VPOS="1403" WIDTH="21"/>
            <String HPOS="5347" VPOS="1403" HEIGHT="40" WIDTH="88" ID="PAG_23_ST000830" WC="1" CONTENT="pain" STYLEREFS="TXT_2"/>
            <SP ID="PAG_23_SP000769" HPOS="5435" VPOS="1405" WIDTH="21"/>
            <String HPOS="5456" VPOS="1405" HEIGHT="39" WIDTH="148" ID="PAG_23_ST000831" WC="1" CONTENT="anglais" STYLEREFS="TXT_2"/>
            <SP ID="PAG_23_SP000770" HPOS="5604" VPOS="1417" WIDTH="21"/>
            <String HPOS="5625" VPOS="1417" HEIGHT="23" WIDTH="46" ID="PAG_23_ST000832" WC="1" CONTENT="ne" STYLEREFS="TXT_2"/>
            <SP ID="PAG_23_SP000771" HPOS="5671" VPOS="1407" WIDTH="22"/>
            <String HPOS="5693" VPOS="1407" HEIGHT="34" WIDTH="176" ID="PAG_23_ST000833" WC="1" CONTENT="convient" STYLEREFS="TXT_2"/>
            <SP ID="PAG_23_SP000772" HPOS="5869" VPOS="1419" WIDTH="20"/>
            <String HPOS="5889" VPOS="1419" HEIGHT="27" WIDTH="67" ID="PAG_23_ST000834" WC="1" CONTENT="pas" STYLEREFS="TXT_2"/>
          </TextLine>
          <TextLine HPOS="4070" VPOS="1444" HEIGHT="53" WIDTH="1885" ID="PAG_23_TL000063" STYLEREFS="TXT_2">
            <String HPOS="4070" VPOS="1465" HEIGHT="4" WIDTH="49" ID="PAG_23_ST000835" WC="0.88" CONTENT="—" STYLEREFS="TXT_2"/>
            <SP ID="PAG_23_SP000773" HPOS="4119" VPOS="1444" WIDTH="28"/>
            <String HPOS="4147" VPOS="1444" HEIGHT="36" WIDTH="234" ID="PAG_23_ST000836" WC="1" CONTENT="beurrez-les" STYLEREFS="TXT_2"/>
            <SP ID="PAG_23_SP000774" HPOS="4381" VPOS="1447" WIDTH="31"/>
            <String HPOS="4412" VPOS="1447" HEIGHT="36" WIDTH="346" ID="PAG_23_ST000837" WC="1" CONTENT="confortablement" STYLEREFS="TXT_2"/>
            <SP ID="PAG_23_SP000775" HPOS="4758" VPOS="1455" WIDTH="32"/>
            <String HPOS="4790" VPOS="1455" HEIGHT="29" WIDTH="36" ID="PAG_23_ST000838" WC="1" CONTENT="et" STYLEREFS="TXT_2"/>
            <SP ID="PAG_23_SP000776" HPOS="4826" VPOS="1451" WIDTH="29"/>
            <String HPOS="4855" VPOS="1451" HEIGHT="40" WIDTH="187" ID="PAG_23_ST000839" WC="1" CONTENT="posez-les" STYLEREFS="TXT_2"/>
            <SP ID="PAG_23_SP000777" HPOS="5042" VPOS="1463" WIDTH="28"/>
            <String HPOS="5070" VPOS="1463" HEIGHT="22" WIDTH="68" ID="PAG_23_ST000840" WC="1" CONTENT="sur" STYLEREFS="TXT_2"/>
            <SP ID="PAG_23_SP000778" HPOS="5138" VPOS="1452" WIDTH="30"/>
            <String HPOS="5168" VPOS="1452" HEIGHT="34" WIDTH="34" ID="PAG_23_ST000841" WC="1" CONTENT="le" STYLEREFS="TXT_2"/>
            <SP ID="PAG_23_SP000779" HPOS="5202" VPOS="1452" WIDTH="30"/>
            <String HPOS="5232" VPOS="1452" HEIGHT="35" WIDTH="88" ID="PAG_23_ST000842" WC="1" CONTENT="café" STYLEREFS="TXT_2"/>
            <SP ID="PAG_23_SP000780" HPOS="5320" VPOS="1465" WIDTH="30"/>
            <String HPOS="5350" VPOS="1465" HEIGHT="23" WIDTH="48" ID="PAG_23_ST000843" WC="1" CONTENT="au" STYLEREFS="TXT_2"/>
            <SP ID="PAG_23_SP000781" HPOS="5398" VPOS="1454" WIDTH="30"/>
            <String HPOS="5428" VPOS="1454" HEIGHT="35" WIDTH="67" ID="PAG_23_ST000844" WC="1" CONTENT="lait" STYLEREFS="TXT_2"/>
            <SP ID="PAG_23_SP000782" HPOS="5495" VPOS="1455" WIDTH="29"/>
            <String HPOS="5524" VPOS="1455" HEIGHT="41" WIDTH="62" ID="PAG_23_ST000845" WC="1" CONTENT="qui" STYLEREFS="TXT_2"/>
            <SP ID="PAG_23_SP000783" HPOS="5586" VPOS="1467" WIDTH="32"/>
            <String HPOS="5618" VPOS="1467" HEIGHT="23" WIDTH="46" ID="PAG_23_ST000846" WC="1" CONTENT="ne" STYLEREFS="TXT_2"/>
            <SP ID="PAG_23_SP000784" HPOS="5664" VPOS="1456" WIDTH="31"/>
            <String HPOS="5695" VPOS="1456" HEIGHT="35" WIDTH="80" ID="PAG_23_ST000847" WC="1" CONTENT="doit" STYLEREFS="TXT_2"/>
            <SP ID="PAG_23_SP000785" HPOS="5775" VPOS="1468" WIDTH="30"/>
            <String HPOS="5805" VPOS="1468" HEIGHT="29" WIDTH="66" ID="PAG_23_ST000848" WC="1" CONTENT="pas" STYLEREFS="TXT_2"/>
            <SP ID="PAG_23_SP000786" HPOS="5871" VPOS="1458" WIDTH="31"/>
            <String HPOS="5902" VPOS="1458" HEIGHT="33" WIDTH="53" ID="PAG_23_ST000849" WC="1" CONTENT="les" STYLEREFS="TXT_2"/>
          </TextLine>
          <TextLine HPOS="4070" VPOS="1495" HEIGHT="51" WIDTH="1883" ID="PAG_23_TL000064" STYLEREFS="TXT_2">
            <String HPOS="4070" VPOS="1495" HEIGHT="45" WIDTH="233" ID="PAG_23_ST000850" WC="1" CONTENT="submerger." STYLEREFS="TXT_2"/>
            <SP ID="PAG_23_SP000787" HPOS="4303" VPOS="1496" WIDTH="27"/>
            <String HPOS="4330" VPOS="1496" HEIGHT="35" WIDTH="32" ID="PAG_23_ST000851" WC="1" CONTENT="Il" STYLEREFS="TXT_2"/>
            <SP ID="PAG_23_SP000788" HPOS="4362" VPOS="1509" WIDTH="24"/>
            <String HPOS="4386" VPOS="1509" HEIGHT="23" WIDTH="46" ID="PAG_23_ST000852" WC="1" CONTENT="ne" STYLEREFS="TXT_2"/>
            <SP ID="PAG_23_SP000789" HPOS="4432" VPOS="1510" WIDTH="24"/>
            <String HPOS="4456" VPOS="1510" HEIGHT="23" WIDTH="96" ID="PAG_23_ST000853" WC="1" CONTENT="vous" STYLEREFS="TXT_2"/>
            <SP ID="PAG_23_SP000790" HPOS="4552" VPOS="1505" WIDTH="26"/>
            <String HPOS="4578" VPOS="1505" HEIGHT="29" WIDTH="99" ID="PAG_23_ST000854" WC="1" CONTENT="reste" STYLEREFS="TXT_2"/>
            <SP ID="PAG_23_SP000791" HPOS="4677" VPOS="1500" WIDTH="25"/>
            <String HPOS="4702" VPOS="1500" HEIGHT="43" WIDTH="84" ID="PAG_23_ST000855" WC="1" CONTENT="qu'à" STYLEREFS="TXT_2"/>
            <SP ID="PAG_23_SP000792" HPOS="4786" VPOS="1507" WIDTH="25"/>
            <String HPOS="4811" VPOS="1507" HEIGHT="29" WIDTH="136" ID="PAG_23_ST000856" WC="1" CONTENT="mettre" STYLEREFS="TXT_2"/>
            <SP ID="PAG_23_SP000793" HPOS="4947" VPOS="1502" WIDTH="25"/>
            <String HPOS="4972" VPOS="1502" HEIGHT="35" WIDTH="34" ID="PAG_23_ST000857" WC="1" CONTENT="le" STYLEREFS="TXT_2"/>
            <SP ID="PAG_23_SP000794" HPOS="5006" VPOS="1509" WIDTH="24"/>
            <String HPOS="5030" VPOS="1509" HEIGHT="28" WIDTH="82" ID="PAG_23_ST000858" WC="1" CONTENT="tout" STYLEREFS="TXT_2"/>
            <SP ID="PAG_23_SP000795" HPOS="5112" VPOS="1514" WIDTH="25"/>
            <String HPOS="5137" VPOS="1514" HEIGHT="24" WIDTH="48" ID="PAG_23_ST000859" WC="1" CONTENT="au" STYLEREFS="TXT_2"/>
            <SP ID="PAG_23_SP000796" HPOS="5185" VPOS="1503" WIDTH="27"/>
            <String HPOS="5212" VPOS="1503" HEIGHT="43" WIDTH="100" ID="PAG_23_ST000860" WC="1" CONTENT="four," STYLEREFS="TXT_2"/>
            <SP ID="PAG_23_SP000797" HPOS="5312" VPOS="1504" WIDTH="25"/>
            <String HPOS="5337" VPOS="1504" HEIGHT="35" WIDTH="86" ID="PAG_23_ST000861" WC="1" CONTENT="d'où" STYLEREFS="TXT_2"/>
            <SP ID="PAG_23_SP000798" HPOS="5423" VPOS="1518" WIDTH="24"/>
            <String HPOS="5447" VPOS="1518" HEIGHT="23" WIDTH="95" ID="PAG_23_ST000862" WC="1" CONTENT="vous" STYLEREFS="TXT_2"/>
            <SP ID="PAG_23_SP000799" HPOS="5542" VPOS="1518" WIDTH="24"/>
            <String HPOS="5566" VPOS="1518" HEIGHT="23" WIDTH="47" ID="PAG_23_ST000863" WC="1" CONTENT="ne" STYLEREFS="TXT_2"/>
            <SP ID="PAG_23_SP000800" HPOS="5613" VPOS="1507" WIDTH="26"/>
            <String HPOS="5639" VPOS="1507" HEIGHT="36" WIDTH="181" ID="PAG_23_ST000864" WC="1" CONTENT="retirerez" STYLEREFS="TXT_2"/>
            <SP ID="PAG_23_SP000801" HPOS="5820" VPOS="1516" WIDTH="24"/>
            <String HPOS="5844" VPOS="1516" HEIGHT="29" WIDTH="109" ID="PAG_23_ST000865" WC="1" CONTENT="votre" STYLEREFS="TXT_2"/>
          </TextLine>
          <TextLine HPOS="4062" VPOS="1546" HEIGHT="54" WIDTH="1893" ID="PAG_23_TL000065" STYLEREFS="TXT_2">
            <String HPOS="4062" VPOS="1546" HEIGHT="43" WIDTH="95" ID="PAG_23_ST000866" WC="1" CONTENT="petit" STYLEREFS="TXT_2"/>
            <SP ID="PAG_23_SP000802" HPOS="4157" VPOS="1546" WIDTH="18"/>
            <String HPOS="4175" VPOS="1546" HEIGHT="44" WIDTH="184" ID="PAG_23_ST000867" WC="1" CONTENT="déjeuner" STYLEREFS="TXT_2"/>
            <SP ID="PAG_23_SP000803" HPOS="4359" VPOS="1558" WIDTH="17"/>
            <String HPOS="4376" VPOS="1558" HEIGHT="33" WIDTH="72" ID="PAG_23_ST000868" WC="1" CONTENT="que" STYLEREFS="TXT_2"/>
            <SP ID="PAG_23_SP000804" HPOS="4448" VPOS="1547" WIDTH="18"/>
            <String HPOS="4466" VPOS="1547" HEIGHT="45" WIDTH="103" ID="PAG_23_ST000869" WC="1" CONTENT="doré," STYLEREFS="TXT_2"/>
            <SP ID="PAG_23_SP000805" HPOS="4569" VPOS="1549" WIDTH="19"/>
            <String HPOS="4588" VPOS="1549" HEIGHT="43" WIDTH="123" ID="PAG_23_ST000870" WC="1" CONTENT="bruni," STYLEREFS="TXT_2"/>
            <SP ID="PAG_23_SP000806" HPOS="4711" VPOS="1550" WIDTH="18"/>
            <String HPOS="4729" VPOS="1550" HEIGHT="43" WIDTH="251" ID="PAG_23_ST000871" WC="1" CONTENT="croustillant," STYLEREFS="TXT_2"/>
            <SP ID="PAG_23_SP000807" HPOS="4980" VPOS="1559" WIDTH="18"/>
            <String HPOS="4998" VPOS="1559" HEIGHT="29" WIDTH="158" ID="PAG_23_ST000872" WC="1" CONTENT="crevant" STYLEREFS="TXT_2"/>
            <SP ID="PAG_23_SP000808" HPOS="5156" VPOS="1552" WIDTH="18"/>
            <String HPOS="5174" VPOS="1552" HEIGHT="46" WIDTH="44" ID="PAG_23_ST000873" WC="1" CONTENT="çà" STYLEREFS="TXT_2"/>
            <SP ID="PAG_23_SP000809" HPOS="5218" VPOS="1559" WIDTH="18"/>
            <String HPOS="5236" VPOS="1559" HEIGHT="30" WIDTH="36" ID="PAG_23_ST000874" WC="1" CONTENT="et" STYLEREFS="TXT_2"/>
            <SP ID="PAG_23_SP000810" HPOS="5272" VPOS="1554" WIDTH="20"/>
            <String HPOS="5292" VPOS="1554" HEIGHT="37" WIDTH="34" ID="PAG_23_ST000875" WC="1" CONTENT="là" STYLEREFS="TXT_2"/>
            <SP ID="PAG_23_SP000811" HPOS="5326" VPOS="1565" WIDTH="20"/>
            <String HPOS="5346" VPOS="1565" HEIGHT="25" WIDTH="46" ID="PAG_23_ST000876" WC="1" CONTENT="en" STYLEREFS="TXT_2"/>
            <SP ID="PAG_23_SP000812" HPOS="5392" VPOS="1566" WIDTH="18"/>
            <String HPOS="5410" VPOS="1566" HEIGHT="34" WIDTH="153" ID="PAG_23_ST000877" WC="1" CONTENT="grosses" STYLEREFS="TXT_2"/>
            <SP ID="PAG_23_SP000813" HPOS="5563" VPOS="1556" WIDTH="17"/>
            <String HPOS="5580" VPOS="1556" HEIGHT="35" WIDTH="119" ID="PAG_23_ST000878" WC="1" CONTENT="bulles" STYLEREFS="TXT_2"/>
            <SP ID="PAG_23_SP000814" HPOS="5699" VPOS="1564" WIDTH="19"/>
            <String HPOS="5718" VPOS="1564" HEIGHT="31" WIDTH="237" ID="PAG_23_ST000879" WC="1" CONTENT="onctueuses." STYLEREFS="TXT_2"/>
          </TextLine>
        </TextBlock>
        <TextBlock HPOS="4068" VPOS="1597" HEIGHT="156" WIDTH="1886" ID="PAG_23_TB000013" LANG="fr" STYLEREFS="TXT_2">
          <TextLine HPOS="4124" VPOS="1597" HEIGHT="52" WIDTH="1830" ID="PAG_23_TL000066" STYLEREFS="TXT_2">
            <String HPOS="4124" VPOS="1597" HEIGHT="35" WIDTH="129" ID="PAG_23_ST000880" WC="1" CONTENT="Avant" STYLEREFS="TXT_2"/>
            <SP ID="PAG_23_SP000815" HPOS="4253" VPOS="1598" WIDTH="25"/>
            <String HPOS="4278" VPOS="1598" HEIGHT="35" WIDTH="46" ID="PAG_23_ST000881" WC="1" CONTENT="de" STYLEREFS="TXT_2"/>
            <SP ID="PAG_23_SP000816" HPOS="4324" VPOS="1610" WIDTH="26"/>
            <String HPOS="4350" VPOS="1610" HEIGHT="32" WIDTH="150" ID="PAG_23_ST000882" WC="1" CONTENT="rompre" STYLEREFS="TXT_2"/>
            <SP ID="PAG_23_SP000817" HPOS="4500" VPOS="1606" WIDTH="25"/>
            <String HPOS="4525" VPOS="1606" HEIGHT="29" WIDTH="109" ID="PAG_23_ST000883" WC="1" CONTENT="votre" STYLEREFS="TXT_2"/>
            <SP ID="PAG_23_SP000818" HPOS="4634" VPOS="1601" WIDTH="26"/>
            <String HPOS="4660" VPOS="1601" HEIGHT="35" WIDTH="142" ID="PAG_23_ST000884" WC="1" CONTENT="radeau" STYLEREFS="TXT_2"/>
            <SP ID="PAG_23_SP000819" HPOS="4802" VPOS="1602" WIDTH="26"/>
            <String HPOS="4828" VPOS="1602" HEIGHT="35" WIDTH="45" ID="PAG_23_ST000885" WC="1" CONTENT="de" STYLEREFS="TXT_2"/>
            <SP ID="PAG_23_SP000820" HPOS="4873" VPOS="1602" WIDTH="25"/>
            <String HPOS="4898" VPOS="1602" HEIGHT="44" WIDTH="89" ID="PAG_23_ST000886" WC="1" CONTENT="pain" STYLEREFS="TXT_2"/>
            <SP ID="PAG_23_SP000821" HPOS="4987" VPOS="1603" WIDTH="26"/>
            <String HPOS="5013" VPOS="1603" HEIGHT="42" WIDTH="132" ID="PAG_23_ST000887" WC="1" CONTENT="recuit," STYLEREFS="TXT_2"/>
            <SP ID="PAG_23_SP000822" HPOS="5145" VPOS="1604" WIDTH="25"/>
            <String HPOS="5170" VPOS="1604" HEIGHT="44" WIDTH="145" ID="PAG_23_ST000888" WC="1" CONTENT="jetez-y" STYLEREFS="TXT_2"/>
            <SP ID="PAG_23_SP000823" HPOS="5315" VPOS="1617" WIDTH="26"/>
            <String HPOS="5341" VPOS="1617" HEIGHT="23" WIDTH="73" ID="PAG_23_ST000889" WC="1" CONTENT="une" STYLEREFS="TXT_2"/>
            <SP ID="PAG_23_SP000824" HPOS="5414" VPOS="1607" WIDTH="26"/>
            <String HPOS="5440" VPOS="1607" HEIGHT="42" WIDTH="194" ID="PAG_23_ST000890" WC="1" CONTENT="poussière" STYLEREFS="TXT_2"/>
            <SP ID="PAG_23_SP000825" HPOS="5634" VPOS="1609" WIDTH="26"/>
            <String HPOS="5660" VPOS="1609" HEIGHT="37" WIDTH="45" ID="PAG_23_ST000891" WC="1" CONTENT="de" STYLEREFS="TXT_2"/>
            <SP ID="PAG_23_SP000826" HPOS="5705" VPOS="1609" WIDTH="26"/>
            <String HPOS="5731" VPOS="1609" HEIGHT="35" WIDTH="63" ID="PAG_23_ST000892" WC="1" CONTENT="sel." STYLEREFS="TXT_2"/>
            <SP ID="PAG_23_SP000827" HPOS="5794" VPOS="1610" WIDTH="28"/>
            <String HPOS="5822" VPOS="1610" HEIGHT="35" WIDTH="53" ID="PAG_23_ST000893" WC="1" CONTENT="Le" STYLEREFS="TXT_2"/>
            <SP ID="PAG_23_SP000828" HPOS="5875" VPOS="1611" WIDTH="25"/>
            <String HPOS="5900" VPOS="1611" HEIGHT="34" WIDTH="54" ID="PAG_23_ST000894" WC="1" CONTENT="sel" STYLEREFS="TXT_2"/>
          </TextLine>
          <TextLine HPOS="4068" VPOS="1649" HEIGHT="51" WIDTH="1886" ID="PAG_23_TL000067" STYLEREFS="TXT_2">
            <String HPOS="4068" VPOS="1649" HEIGHT="34" WIDTH="179" ID="PAG_23_ST000895" WC="1" CONTENT="mordant" STYLEREFS="TXT_2"/>
            <SP ID="PAG_23_SP000829" HPOS="4247" VPOS="1649" WIDTH="19"/>
            <String HPOS="4266" VPOS="1649" HEIGHT="35" WIDTH="33" ID="PAG_23_ST000896" WC="1" CONTENT="le" STYLEREFS="TXT_2"/>
            <SP ID="PAG_23_SP000830" HPOS="4299" VPOS="1661" WIDTH="20"/>
            <String HPOS="4319" VPOS="1661" HEIGHT="30" WIDTH="121" ID="PAG_23_ST000897" WC="1" CONTENT="sucre," STYLEREFS="TXT_2"/>
            <SP ID="PAG_23_SP000831" HPOS="4440" VPOS="1650" WIDTH="21"/>
            <String HPOS="4461" VPOS="1650" HEIGHT="35" WIDTH="33" ID="PAG_23_ST000898" WC="1" CONTENT="le" STYLEREFS="TXT_2"/>
            <SP ID="PAG_23_SP000832" HPOS="4494" VPOS="1662" WIDTH="22"/>
            <String HPOS="4516" VPOS="1662" HEIGHT="24" WIDTH="109" ID="PAG_23_ST000899" WC="1" CONTENT="sucre" STYLEREFS="TXT_2"/>
            <SP ID="PAG_23_SP000833" HPOS="4625" VPOS="1651" WIDTH="20"/>
            <String HPOS="4645" VPOS="1651" HEIGHT="35" WIDTH="77" ID="PAG_23_ST000900" WC="1" CONTENT="très" STYLEREFS="TXT_2"/>
            <SP ID="PAG_23_SP000834" HPOS="4722" VPOS="1651" WIDTH="20"/>
            <String HPOS="4742" VPOS="1651" HEIGHT="44" WIDTH="233" ID="PAG_23_ST000901" WC="1" CONTENT="légèrement" STYLEREFS="TXT_2"/>
            <SP ID="PAG_23_SP000835" HPOS="4975" VPOS="1653" WIDTH="21"/>
            <String HPOS="4996" VPOS="1653" HEIGHT="42" WIDTH="90" ID="PAG_23_ST000902" WC="1" CONTENT="salé," STYLEREFS="TXT_2"/>
            <SP ID="PAG_23_SP000836" HPOS="5086" VPOS="1665" WIDTH="21"/>
            <String HPOS="5107" VPOS="1665" HEIGHT="25" WIDTH="137" ID="PAG_23_ST000903" WC="1" CONTENT="encore" STYLEREFS="TXT_2"/>
            <SP ID="PAG_23_SP000837" HPOS="5244" VPOS="1667" WIDTH="20"/>
            <String HPOS="5264" VPOS="1667" HEIGHT="23" WIDTH="50" ID="PAG_23_ST000904" WC="1" CONTENT="un" STYLEREFS="TXT_2"/>
            <SP ID="PAG_23_SP000838" HPOS="5314" VPOS="1657" WIDTH="21"/>
            <String HPOS="5335" VPOS="1657" HEIGHT="39" WIDTH="123" ID="PAG_23_ST000905" WC="1" CONTENT="grand" STYLEREFS="TXT_2"/>
            <SP ID="PAG_23_SP000839" HPOS="5458" VPOS="1657" WIDTH="21"/>
            <String HPOS="5479" VPOS="1657" HEIGHT="41" WIDTH="169" ID="PAG_23_ST000906" WC="1" CONTENT="principe" STYLEREFS="TXT_2"/>
            <SP ID="PAG_23_SP000840" HPOS="5648" VPOS="1671" WIDTH="20"/>
            <String HPOS="5668" VPOS="1671" HEIGHT="28" WIDTH="71" ID="PAG_23_ST000907" WC="1" CONTENT="que" STYLEREFS="TXT_2"/>
            <SP ID="PAG_23_SP000841" HPOS="5739" VPOS="1660" WIDTH="21"/>
            <String HPOS="5760" VPOS="1660" HEIGHT="40" WIDTH="194" ID="PAG_23_ST000908" WC="1" CONTENT="négligent" STYLEREFS="TXT_2"/>
          </TextLine>
          <TextLine HPOS="4069" VPOS="1698" HEIGHT="55" WIDTH="1884" ID="PAG_23_TL000068" STYLEREFS="TXT_2">
            <String HPOS="4069" VPOS="1698" HEIGHT="36" WIDTH="158" ID="PAG_23_ST000909" WC="1" CONTENT="nombre" STYLEREFS="TXT_2"/>
            <SP ID="PAG_23_SP000842" HPOS="4227" VPOS="1700" WIDTH="26"/>
            <String HPOS="4253" VPOS="1700" HEIGHT="43" WIDTH="256" ID="PAG_23_ST000910" WC="1" CONTENT="d'entremets," STYLEREFS="TXT_2"/>
            <SP ID="PAG_23_SP000843" HPOS="4509" VPOS="1707" WIDTH="29"/>
            <String HPOS="4538" VPOS="1707" HEIGHT="29" WIDTH="36" ID="PAG_23_ST000911" WC="1" CONTENT="et" STYLEREFS="TXT_2"/>
            <SP ID="PAG_23_SP000844" HPOS="4574" VPOS="1701" WIDTH="27"/>
            <String HPOS="4601" VPOS="1701" HEIGHT="44" WIDTH="201" ID="PAG_23_ST000912" WC="1" CONTENT="pâtisserie" STYLEREFS="TXT_2"/>
            <SP ID="PAG_23_SP000845" HPOS="4802" VPOS="1703" WIDTH="27"/>
            <String HPOS="4829" VPOS="1703" HEIGHT="43" WIDTH="229" ID="PAG_23_ST000913" WC="1" CONTENT="parisienne," STYLEREFS="TXT_2"/>
            <SP ID="PAG_23_SP000846" HPOS="5058" VPOS="1705" WIDTH="27"/>
            <String HPOS="5085" VPOS="1705" HEIGHT="43" WIDTH="62" ID="PAG_23_ST000914" WC="1" CONTENT="qui" STYLEREFS="TXT_2"/>
            <SP ID="PAG_23_SP000847" HPOS="5147" VPOS="1705" WIDTH="29"/>
            <String HPOS="5176" VPOS="1705" HEIGHT="36" WIDTH="178" ID="PAG_23_ST000915" WC="1" CONTENT="s'affadit" STYLEREFS="TXT_2"/>
            <SP ID="PAG_23_SP000848" HPOS="5354" VPOS="1707" WIDTH="30"/>
            <String HPOS="5384" VPOS="1707" HEIGHT="36" WIDTH="106" ID="PAG_23_ST000916" WC="1" CONTENT="faute" STYLEREFS="TXT_2"/>
            <SP ID="PAG_23_SP000849" HPOS="5490" VPOS="1709" WIDTH="28"/>
            <String HPOS="5518" VPOS="1709" HEIGHT="35" WIDTH="109" ID="PAG_23_ST000917" WC="1" CONTENT="d'une" STYLEREFS="TXT_2"/>
            <SP ID="PAG_23_SP000850" HPOS="5627" VPOS="1710" WIDTH="28"/>
            <String HPOS="5655" VPOS="1710" HEIGHT="43" WIDTH="132" ID="PAG_23_ST000918" WC="1" CONTENT="pincée" STYLEREFS="TXT_2"/>
            <SP ID="PAG_23_SP000851" HPOS="5787" VPOS="1712" WIDTH="28"/>
            <String HPOS="5815" VPOS="1712" HEIGHT="34" WIDTH="45" ID="PAG_23_ST000919" WC="1" CONTENT="de" STYLEREFS="TXT_2"/>
            <SP ID="PAG_23_SP000852" HPOS="5860" VPOS="1712" WIDTH="28"/>
            <String HPOS="5888" VPOS="1712" HEIGHT="34" WIDTH="65" ID="PAG_23_ST000920" WC="1" CONTENT="sel." STYLEREFS="TXT_2"/>
          </TextLine>
        </TextBlock>
        <TextBlock HPOS="4440" VPOS="1876" HEIGHT="159" WIDTH="1911" ID="PAG_23_TB000014" LANG="fr" STYLEREFS="TXT_2">
          <TextLine HPOS="4490" VPOS="1876" HEIGHT="53" WIDTH="1861" ID="PAG_23_TL000069" STYLEREFS="TXT_2">
            <String HPOS="4490" VPOS="1887" HEIGHT="42" WIDTH="125" ID="PAG_23_ST000921" WC="0.00" CONTENT="MJf" STYLEREFS="TXT_2"/>
            <SP ID="PAG_23_SP000853" HPOS="4615" VPOS="1887" WIDTH="21"/>
            <String HPOS="4636" VPOS="1887" HEIGHT="24" WIDTH="51" ID="PAG_23_ST000922" WC="1" CONTENT="ON" STYLEREFS="TXT_2"/>
            <SP ID="PAG_23_SP000854" HPOS="4687" VPOS="1876" WIDTH="25"/>
            <String HPOS="4712" VPOS="1876" HEIGHT="35" WIDTH="88" ID="PAG_23_ST000923" WC="1" CONTENT="café" STYLEREFS="TXT_2"/>
            <SP ID="PAG_23_SP000855" HPOS="4800" VPOS="1889" WIDTH="24"/>
            <String HPOS="4824" VPOS="1889" HEIGHT="23" WIDTH="48" ID="PAG_23_ST000924" WC="1" CONTENT="au" STYLEREFS="TXT_2"/>
            <SP ID="PAG_23_SP000856" HPOS="4872" VPOS="1884" WIDTH="25"/>
            <String HPOS="4897" VPOS="1884" HEIGHT="28" WIDTH="67" ID="PAG_23_ST000925" WC="1" CONTENT="lait" STYLEREFS="TXT_2"/>
            <SP ID="PAG_23_SP000857" HPOS="4964" VPOS="1879" WIDTH="24"/>
            <String HPOS="4988" VPOS="1879" HEIGHT="35" WIDTH="45" ID="PAG_23_ST000926" WC="1" CONTENT="de" STYLEREFS="TXT_2"/>
            <SP ID="PAG_23_SP000858" HPOS="5033" VPOS="1880" WIDTH="25"/>
            <String HPOS="5058" VPOS="1880" HEIGHT="44" WIDTH="201" ID="PAG_23_ST000927" WC="1" CONTENT="concierge" STYLEREFS="TXT_2"/>
            <SP ID="PAG_23_SP000859" HPOS="5259" VPOS="1881" WIDTH="24"/>
            <String HPOS="5283" VPOS="1881" HEIGHT="37" WIDTH="236" ID="PAG_23_ST000928" WC="1" CONTENT="n'ouvre-t-il" STYLEREFS="TXT_2"/>
            <SP ID="PAG_23_SP000860" HPOS="5519" VPOS="1896" WIDTH="27"/>
            <String HPOS="5546" VPOS="1896" HEIGHT="29" WIDTH="67" ID="PAG_23_ST000929" WC="1" CONTENT="pas" STYLEREFS="TXT_2"/>
            <SP ID="PAG_23_SP000861" HPOS="5613" VPOS="1885" WIDTH="24"/>
            <String HPOS="5637" VPOS="1885" HEIGHT="40" WIDTH="264" ID="PAG_23_ST000930" WC="1" CONTENT="plaisamment" STYLEREFS="TXT_2"/>
            <SP ID="PAG_23_SP000862" HPOS="5901" VPOS="1899" WIDTH="24"/>
            <String HPOS="5925" VPOS="1899" HEIGHT="23" WIDTH="73" ID="PAG_23_ST000931" WC="1" CONTENT="une" STYLEREFS="TXT_2"/>
            <SP ID="PAG_23_SP000863" HPOS="5998" VPOS="1888" WIDTH="25"/>
            <String HPOS="6023" VPOS="1888" HEIGHT="37" WIDTH="164" ID="PAG_23_ST000932" WC="1" CONTENT="matinée" STYLEREFS="TXT_2"/>
            <SP ID="PAG_23_SP000864" HPOS="6187" VPOS="1889" WIDTH="27"/>
            <String HPOS="6214" VPOS="1889" HEIGHT="36" WIDTH="137" ID="PAG_23_ST000933" WC="1" CONTENT="froide," STYLEREFS="TXT_2"/>
          </TextLine>
          <TextLine HPOS="4633" VPOS="1928" HEIGHT="49" WIDTH="1717" ID="PAG_23_TL000070" STYLEREFS="TXT_2">
            <String HPOS="4633" VPOS="1928" HEIGHT="44" WIDTH="155" ID="PAG_23_ST000934" WC="1" CONTENT="verglas" STYLEREFS="TXT_2"/>
            <SP ID="PAG_23_SP000865" HPOS="4788" VPOS="1928" WIDTH="27"/>
            <String HPOS="4815" VPOS="1928" HEIGHT="36" WIDTH="151" ID="PAG_23_ST000935" WC="1" CONTENT="fumant" STYLEREFS="TXT_2"/>
            <SP ID="PAG_23_SP000866" HPOS="4966" VPOS="1938" WIDTH="25"/>
            <String HPOS="4991" VPOS="1938" HEIGHT="28" WIDTH="36" ID="PAG_23_ST000936" WC="1" CONTENT="et" STYLEREFS="TXT_2"/>
            <SP ID="PAG_23_SP000867" HPOS="5027" VPOS="1930" WIDTH="27"/>
            <String HPOS="5054" VPOS="1930" HEIGHT="37" WIDTH="200" ID="PAG_23_ST000937" WC="1" CONTENT="ruisseaux" STYLEREFS="TXT_2"/>
            <SP ID="PAG_23_SP000868" HPOS="5254" VPOS="1933" WIDTH="26"/>
            <String HPOS="5280" VPOS="1933" HEIGHT="44" WIDTH="103" ID="PAG_23_ST000938" WC="1" CONTENT="gelés" STYLEREFS="TXT_2"/>
            <SP ID="PAG_23_SP000869" HPOS="5383" VPOS="1933" WIDTH="35"/>
            <String HPOS="5418" VPOS="1933" HEIGHT="35" WIDTH="14" ID="PAG_23_ST000939" WC="1" CONTENT="?" STYLEREFS="TXT_2"/>
            <SP ID="PAG_23_SP000870" HPOS="5432" VPOS="1935" WIDTH="25"/>
            <String HPOS="5457" VPOS="1935" HEIGHT="42" WIDTH="72" ID="PAG_23_ST000940" WC="1" CONTENT="J'ai" STYLEREFS="TXT_2"/>
            <SP ID="PAG_23_SP000871" HPOS="5529" VPOS="1947" WIDTH="28"/>
            <String HPOS="5557" VPOS="1947" HEIGHT="30" WIDTH="94" ID="PAG_23_ST000941" WC="1" CONTENT="peur" STYLEREFS="TXT_2"/>
            <SP ID="PAG_23_SP000872" HPOS="5651" VPOS="1948" WIDTH="25"/>
            <String HPOS="5676" VPOS="1948" HEIGHT="29" WIDTH="70" ID="PAG_23_ST000942" WC="1" CONTENT="que" STYLEREFS="TXT_2"/>
            <SP ID="PAG_23_SP000873" HPOS="5746" VPOS="1938" WIDTH="26"/>
            <String HPOS="5772" VPOS="1938" HEIGHT="34" WIDTH="34" ID="PAG_23_ST000943" WC="1" CONTENT="le" STYLEREFS="TXT_2"/>
            <SP ID="PAG_23_SP000874" HPOS="5806" VPOS="1944" WIDTH="26"/>
            <String HPOS="5832" VPOS="1944" HEIGHT="29" WIDTH="101" ID="PAG_23_ST000944" WC="1" CONTENT="reste" STYLEREFS="TXT_2"/>
            <SP ID="PAG_23_SP000875" HPOS="5933" VPOS="1939" WIDTH="25"/>
            <String HPOS="5958" VPOS="1939" HEIGHT="35" WIDTH="46" ID="PAG_23_ST000945" WC="1" CONTENT="de" STYLEREFS="TXT_2"/>
            <SP ID="PAG_23_SP000876" HPOS="6004" VPOS="1951" WIDTH="26"/>
            <String HPOS="6030" VPOS="1951" HEIGHT="23" WIDTH="62" ID="PAG_23_ST000946" WC="1" CONTENT="ma" STYLEREFS="TXT_2"/>
            <SP ID="PAG_23_SP000877" HPOS="6092" VPOS="1940" WIDTH="23"/>
            <String HPOS="6115" VPOS="1940" HEIGHT="37" WIDTH="162" ID="PAG_23_ST000947" WC="1" CONTENT="journée" STYLEREFS="TXT_2"/>
            <SP ID="PAG_23_SP000878" HPOS="6277" VPOS="1954" WIDTH="25"/>
            <String HPOS="6302" VPOS="1954" HEIGHT="22" WIDTH="48" ID="PAG_23_ST000948" WC="1" CONTENT="ne" STYLEREFS="TXT_2"/>
          </TextLine>
          <TextLine HPOS="4440" VPOS="1975" HEIGHT="60" WIDTH="1911" ID="PAG_23_TL000071" STYLEREFS="TXT_2">
            <String HPOS="4440" VPOS="1975" HEIGHT="60" WIDTH="133" ID="PAG_23_ST000949" WC="0.42" CONTENT="JJJfïï" STYLEREFS="TXT_2"/>
            <SP ID="PAG_23_SP000879" HPOS="4573" VPOS="1989" WIDTH="61"/>
            <String HPOS="4634" VPOS="1989" HEIGHT="24" WIDTH="95" ID="PAG_23_ST000950" WC="1" CONTENT="vous" STYLEREFS="TXT_2"/>
            <SP ID="PAG_23_SP000880" HPOS="4729" VPOS="1982" WIDTH="29"/>
            <String HPOS="4758" VPOS="1982" HEIGHT="33" WIDTH="139" ID="PAG_23_ST000951" WC="1" CONTENT="semble" STYLEREFS="TXT_2"/>
            <SP ID="PAG_23_SP000881" HPOS="4897" VPOS="1980" WIDTH="29"/>
            <String HPOS="4926" VPOS="1980" HEIGHT="36" WIDTH="110" ID="PAG_23_ST000952" WC="1" CONTENT="d'une" STYLEREFS="TXT_2"/>
            <SP ID="PAG_23_SP000882" HPOS="5036" VPOS="1983" WIDTH="27"/>
            <String HPOS="5063" VPOS="1983" HEIGHT="42" WIDTH="260" ID="PAG_23_ST000953" WC="1" CONTENT="gastronomie" STYLEREFS="TXT_2"/>
            <SP ID="PAG_23_SP000883" HPOS="5323" VPOS="1984" WIDTH="28"/>
            <String HPOS="5351" VPOS="1984" HEIGHT="35" WIDTH="87" ID="PAG_23_ST000954" WC="1" CONTENT="bien" STYLEREFS="TXT_2"/>
            <SP ID="PAG_23_SP000884" HPOS="5438" VPOS="1986" WIDTH="28"/>
            <String HPOS="5466" VPOS="1986" HEIGHT="36" WIDTH="202" ID="PAG_23_ST000955" WC="1" CONTENT="succincte." STYLEREFS="TXT_2"/>
            <SP ID="PAG_23_SP000885" HPOS="5668" VPOS="1987" WIDTH="29"/>
            <String HPOS="5697" VPOS="1987" HEIGHT="36" WIDTH="62" ID="PAG_23_ST000956" WC="1" CONTENT="Où" STYLEREFS="TXT_2"/>
            <SP ID="PAG_23_SP000886" HPOS="5759" VPOS="2000" WIDTH="28"/>
            <String HPOS="5787" VPOS="2000" HEIGHT="23" WIDTH="59" ID="PAG_23_ST000957" WC="1" CONTENT="me" STYLEREFS="TXT_2"/>
            <SP ID="PAG_23_SP000887" HPOS="5846" VPOS="1994" WIDTH="28"/>
            <String HPOS="5874" VPOS="1994" HEIGHT="30" WIDTH="180" ID="PAG_23_ST000958" WC="1" CONTENT="trouvera" STYLEREFS="TXT_2"/>
            <SP ID="PAG_23_SP000888" HPOS="6054" VPOS="1990" WIDTH="29"/>
            <String HPOS="6083" VPOS="1990" HEIGHT="35" WIDTH="33" ID="PAG_23_ST000959" WC="1" CONTENT="le" STYLEREFS="TXT_2"/>
            <SP ID="PAG_23_SP000889" HPOS="6116" VPOS="1991" WIDTH="28"/>
            <String HPOS="6144" VPOS="1991" HEIGHT="35" WIDTH="128" ID="PAG_23_ST000960" WC="1" CONTENT="milieu" STYLEREFS="TXT_2"/>
            <SP ID="PAG_23_SP000890" HPOS="6272" VPOS="1992" WIDTH="29"/>
            <String HPOS="6301" VPOS="1992" HEIGHT="35" WIDTH="50" ID="PAG_23_ST000961" WC="1" CONTENT="du" STYLEREFS="TXT_2"/>
          </TextLine>
        </TextBlock>
        <TextBlock HPOS="4460" VPOS="2022" HEIGHT="459" WIDTH="1890" ID="PAG_23_TB000015" LANG="fr" STYLEREFS="TXT_2">
          <TextLine HPOS="4508" VPOS="2022" HEIGHT="59" WIDTH="1842" ID="PAG_23_TL000072" STYLEREFS="TXT_2">
            <String HPOS="4508" VPOS="2022" HEIGHT="29" WIDTH="40" ID="PAG_23_ST000962" WC="0.00" CONTENT="*" STYLEREFS="TXT_2"/>
            <SP ID="PAG_23_SP000891" HPOS="4548" VPOS="2029" WIDTH="84"/>
            <String HPOS="4632" VPOS="2029" HEIGHT="43" WIDTH="91" ID="PAG_23_ST000963" WC="1" CONTENT="jour" STYLEREFS="TXT_2"/>
            <SP ID="PAG_23_SP000892" HPOS="4723" VPOS="2028" WIDTH="32"/>
            <String HPOS="4755" VPOS="2028" HEIGHT="35" WIDTH="15" ID="PAG_23_ST000964" WC="1" CONTENT="?" STYLEREFS="TXT_2"/>
            <SP ID="PAG_23_SP000893" HPOS="4770" VPOS="2030" WIDTH="36"/>
            <String HPOS="4806" VPOS="2030" HEIGHT="44" WIDTH="44" ID="PAG_23_ST000965" WC="1" CONTENT="Je" STYLEREFS="TXT_2"/>
            <SP ID="PAG_23_SP000894" HPOS="4850" VPOS="2042" WIDTH="35"/>
            <String HPOS="4885" VPOS="2042" HEIGHT="23" WIDTH="47" ID="PAG_23_ST000966" WC="1" CONTENT="ne" STYLEREFS="TXT_2"/>
            <SP ID="PAG_23_SP000895" HPOS="4932" VPOS="2031" WIDTH="36"/>
            <String HPOS="4968" VPOS="2031" HEIGHT="35" WIDTH="87" ID="PAG_23_ST000967" WC="1" CONTENT="sais." STYLEREFS="TXT_2"/>
            <SP ID="PAG_23_SP000896" HPOS="5055" VPOS="2032" WIDTH="38"/>
            <String HPOS="5093" VPOS="2032" HEIGHT="36" WIDTH="153" ID="PAG_23_ST000968" WC="1" CONTENT="Devant" STYLEREFS="TXT_2"/>
            <SP ID="PAG_23_SP000897" HPOS="5246" VPOS="2046" WIDTH="37"/>
            <String HPOS="5283" VPOS="2046" HEIGHT="23" WIDTH="72" ID="PAG_23_ST000969" WC="1" CONTENT="une" STYLEREFS="TXT_2"/>
            <SP ID="PAG_23_SP000898" HPOS="5355" VPOS="2037" WIDTH="36"/>
            <String HPOS="5391" VPOS="2037" HEIGHT="43" WIDTH="145" ID="PAG_23_ST000970" WC="1" CONTENT="grande" STYLEREFS="TXT_2"/>
            <SP ID="PAG_23_SP000899" HPOS="5536" VPOS="2037" WIDTH="36"/>
            <String HPOS="5572" VPOS="2037" HEIGHT="44" WIDTH="103" ID="PAG_23_ST000971" WC="1" CONTENT="pinte" STYLEREFS="TXT_2"/>
            <SP ID="PAG_23_SP000900" HPOS="5675" VPOS="2038" WIDTH="33"/>
            <String HPOS="5708" VPOS="2038" HEIGHT="35" WIDTH="49" ID="PAG_23_ST000972" WC="1" CONTENT="de" STYLEREFS="TXT_2"/>
            <SP ID="PAG_23_SP000901" HPOS="5757" VPOS="2038" WIDTH="37"/>
            <String HPOS="5794" VPOS="2038" HEIGHT="36" WIDTH="66" ID="PAG_23_ST000973" WC="1" CONTENT="lait" STYLEREFS="TXT_2"/>
            <SP ID="PAG_23_SP000902" HPOS="5860" VPOS="2039" WIDTH="36"/>
            <String HPOS="5896" VPOS="2039" HEIGHT="42" WIDTH="111" ID="PAG_23_ST000974" WC="1" CONTENT="tiède," STYLEREFS="TXT_2"/>
            <SP ID="PAG_23_SP000903" HPOS="6007" VPOS="2040" WIDTH="36"/>
            <String HPOS="6043" VPOS="2040" HEIGHT="35" WIDTH="22" ID="PAG_23_ST000975" WC="1" CONTENT="à" STYLEREFS="TXT_2"/>
            <SP ID="PAG_23_SP000904" HPOS="6065" VPOS="2040" WIDTH="35"/>
            <String HPOS="6100" VPOS="2040" HEIGHT="35" WIDTH="36" ID="PAG_23_ST000976" WC="1" CONTENT="la" STYLEREFS="TXT_2"/>
            <SP ID="PAG_23_SP000905" HPOS="6136" VPOS="2041" WIDTH="36"/>
            <String HPOS="6172" VPOS="2041" HEIGHT="36" WIDTH="178" ID="PAG_23_ST000977" WC="1" CONTENT="vacherie" STYLEREFS="TXT_2"/>
          </TextLine>
          <TextLine HPOS="4464" VPOS="2079" HEIGHT="52" WIDTH="1885" ID="PAG_23_TL000073" STYLEREFS="TXT_2">
            <String HPOS="4464" VPOS="2079" HEIGHT="34" WIDTH="22" ID="PAG_23_ST000978" WC="1" CONTENT="d" STYLEREFS="TXT_2"/>
            <SP ID="PAG_23_SP000906" HPOS="4486" VPOS="2079" WIDTH="16"/>
            <String HPOS="4502" VPOS="2079" HEIGHT="35" WIDTH="156" ID="PAG_23_ST000979" WC="0.97" CONTENT="'Auteuil" STYLEREFS="TXT_2"/>
            <SP ID="PAG_23_SP000907" HPOS="4658" VPOS="2079" WIDTH="34"/>
            <String HPOS="4692" VPOS="2079" HEIGHT="35" WIDTH="14" ID="PAG_23_ST000980" WC="1" CONTENT="?" STYLEREFS="TXT_2"/>
            <SP ID="PAG_23_SP000908" HPOS="4706" VPOS="2079" WIDTH="25"/>
            <String HPOS="4731" VPOS="2079" HEIGHT="36" WIDTH="102" ID="PAG_23_ST000981" WC="1" CONTENT="C'est" STYLEREFS="TXT_2"/>
            <SP ID="PAG_23_SP000909" HPOS="4833" VPOS="2082" WIDTH="25"/>
            <String HPOS="4858" VPOS="2082" HEIGHT="42" WIDTH="175" ID="PAG_23_ST000982" WC="1" CONTENT="possible," STYLEREFS="TXT_2"/>
            <SP ID="PAG_23_SP000910" HPOS="5033" VPOS="2083" WIDTH="24"/>
            <String HPOS="5057" VPOS="2083" HEIGHT="35" WIDTH="97" ID="PAG_23_ST000983" WC="1" CONTENT="mais" STYLEREFS="TXT_2"/>
            <SP ID="PAG_23_SP000911" HPOS="5154" VPOS="2084" WIDTH="24"/>
            <String HPOS="5178" VPOS="2084" HEIGHT="41" WIDTH="39" ID="PAG_23_ST000984" WC="1" CONTENT="je" STYLEREFS="TXT_2"/>
            <SP ID="PAG_23_SP000912" HPOS="5217" VPOS="2085" WIDTH="25"/>
            <String HPOS="5242" VPOS="2085" HEIGHT="35" WIDTH="100" ID="PAG_23_ST000985" WC="1" CONTENT="serai" STYLEREFS="TXT_2"/>
            <SP ID="PAG_23_SP000913" HPOS="5342" VPOS="2086" WIDTH="25"/>
            <String HPOS="5367" VPOS="2086" HEIGHT="39" WIDTH="188" ID="PAG_23_ST000986" WC="1" CONTENT="peut-être" STYLEREFS="TXT_2"/>
            <SP ID="PAG_23_SP000914" HPOS="5555" VPOS="2088" WIDTH="25"/>
            <String HPOS="5580" VPOS="2088" HEIGHT="39" WIDTH="87" ID="PAG_23_ST000987" WC="1" CONTENT="près" STYLEREFS="TXT_2"/>
            <SP ID="PAG_23_SP000915" HPOS="5667" VPOS="2088" WIDTH="24"/>
            <String HPOS="5691" VPOS="2088" HEIGHT="35" WIDTH="88" ID="PAG_23_ST000988" WC="1" CONTENT="d'un" STYLEREFS="TXT_2"/>
            <SP ID="PAG_23_SP000916" HPOS="5779" VPOS="2089" WIDTH="24"/>
            <String HPOS="5803" VPOS="2089" HEIGHT="36" WIDTH="158" ID="PAG_23_ST000989" WC="1" CONTENT="brasero" STYLEREFS="TXT_2"/>
            <SP ID="PAG_23_SP000917" HPOS="5961" VPOS="2091" WIDTH="25"/>
            <String HPOS="5986" VPOS="2091" HEIGHT="34" WIDTH="45" ID="PAG_23_ST000990" WC="1" CONTENT="de" STYLEREFS="TXT_2"/>
            <SP ID="PAG_23_SP000918" HPOS="6031" VPOS="2102" WIDTH="25"/>
            <String HPOS="6056" VPOS="2102" HEIGHT="23" WIDTH="88" ID="PAG_23_ST000991" WC="1" CONTENT="mon" STYLEREFS="TXT_2"/>
            <SP ID="PAG_23_SP000919" HPOS="6144" VPOS="2092" WIDTH="24"/>
            <String HPOS="6168" VPOS="2092" HEIGHT="39" WIDTH="181" ID="PAG_23_ST000992" WC="1" CONTENT="quartier," STYLEREFS="TXT_2"/>
          </TextLine>
          <TextLine HPOS="4463" VPOS="2129" HEIGHT="54" WIDTH="1886" ID="PAG_23_TL000074" STYLEREFS="TXT_2">
            <String HPOS="4463" VPOS="2129" HEIGHT="45" WIDTH="164" ID="PAG_23_ST000993" WC="1" CONTENT="occupée" STYLEREFS="TXT_2"/>
            <SP ID="PAG_23_SP000920" HPOS="4627" VPOS="2130" WIDTH="24"/>
            <String HPOS="4651" VPOS="2130" HEIGHT="35" WIDTH="22" ID="PAG_23_ST000994" WC="1" CONTENT="à" STYLEREFS="TXT_2"/>
            <SP ID="PAG_23_SP000921" HPOS="4673" VPOS="2131" WIDTH="22"/>
            <String HPOS="4695" VPOS="2131" HEIGHT="44" WIDTH="118" ID="PAG_23_ST000995" WC="1" CONTENT="gober" STYLEREFS="TXT_2"/>
            <SP ID="PAG_23_SP000922" HPOS="4813" VPOS="2132" WIDTH="24"/>
            <String HPOS="4837" VPOS="2132" HEIGHT="35" WIDTH="59" ID="PAG_23_ST000996" WC="1" CONTENT="six" STYLEREFS="TXT_2"/>
            <SP ID="PAG_23_SP000923" HPOS="4896" VPOS="2144" WIDTH="23"/>
            <String HPOS="4919" VPOS="2144" HEIGHT="24" WIDTH="49" ID="PAG_23_ST000997" WC="1" CONTENT="ou" STYLEREFS="TXT_2"/>
            <SP ID="PAG_23_SP000924" HPOS="4968" VPOS="2133" WIDTH="22"/>
            <String HPOS="4990" VPOS="2133" HEIGHT="36" WIDTH="84" ID="PAG_23_ST000998" WC="1" CONTENT="huit" STYLEREFS="TXT_2"/>
            <SP ID="PAG_23_SP000925" HPOS="5074" VPOS="2146" WIDTH="29"/>
            <String HPOS="5103" VPOS="2146" HEIGHT="22" WIDTH="19" ID="PAG_23_ST000999" WC="1" CONTENT="«" STYLEREFS="TXT_2"/>
            <SP ID="PAG_23_SP000926" HPOS="5122" VPOS="2135" WIDTH="26"/>
            <String HPOS="5148" VPOS="2135" HEIGHT="35" WIDTH="137" ID="PAG_23_ST001000" WC="1" CONTENT="claires" STYLEREFS="TXT_2"/>
            <SP ID="PAG_23_SP000927" HPOS="5285" VPOS="2149" WIDTH="24"/>
            <String HPOS="5309" VPOS="2149" HEIGHT="22" WIDTH="19" ID="PAG_23_ST001001" WC="0.98" CONTENT="»" STYLEREFS="TXT_2"/>
            <SP ID="PAG_23_SP000928" HPOS="5328" VPOS="2137" WIDTH="26"/>
            <String HPOS="5354" VPOS="2137" HEIGHT="34" WIDTH="86" ID="PAG_23_ST001002" WC="1" CONTENT="bien" STYLEREFS="TXT_2"/>
            <SP ID="PAG_23_SP000929" HPOS="5440" VPOS="2137" WIDTH="26"/>
            <String HPOS="5466" VPOS="2137" HEIGHT="40" WIDTH="157" ID="PAG_23_ST001003" WC="1" CONTENT="froides," STYLEREFS="TXT_2"/>
            <SP ID="PAG_23_SP000930" HPOS="5623" VPOS="2139" WIDTH="24"/>
            <String HPOS="5647" VPOS="2139" HEIGHT="35" WIDTH="174" ID="PAG_23_ST001004" WC="1" CONTENT="arrosées" STYLEREFS="TXT_2"/>
            <SP ID="PAG_23_SP000931" HPOS="5821" VPOS="2141" WIDTH="24"/>
            <String HPOS="5845" VPOS="2141" HEIGHT="34" WIDTH="87" ID="PAG_23_ST001005" WC="1" CONTENT="d'un" STYLEREFS="TXT_2"/>
            <SP ID="PAG_23_SP000932" HPOS="5932" VPOS="2152" WIDTH="24"/>
            <String HPOS="5956" VPOS="2152" HEIGHT="24" WIDTH="111" ID="PAG_23_ST001006" WC="1" CONTENT="verre" STYLEREFS="TXT_2"/>
            <SP ID="PAG_23_SP000933" HPOS="6067" VPOS="2142" WIDTH="25"/>
            <String HPOS="6092" VPOS="2142" HEIGHT="34" WIDTH="46" ID="PAG_23_ST001007" WC="1" CONTENT="de" STYLEREFS="TXT_2"/>
            <SP ID="PAG_23_SP000934" HPOS="6138" VPOS="2143" WIDTH="23"/>
            <String HPOS="6161" VPOS="2143" HEIGHT="40" WIDTH="141" ID="PAG_23_ST001008" WC="1" CONTENT="pouilly" STYLEREFS="TXT_2"/>
            <SP ID="PAG_23_SP000935" HPOS="6302" VPOS="2142" WIDTH="32"/>
            <String HPOS="6334" VPOS="2142" HEIGHT="33" WIDTH="15" ID="PAG_23_ST001009" WC="1" CONTENT="?" STYLEREFS="TXT_2"/>
          </TextLine>
          <TextLine HPOS="4461" VPOS="2181" HEIGHT="53" WIDTH="1887" ID="PAG_23_TL000075" STYLEREFS="TXT_2">
            <String HPOS="4461" VPOS="2181" HEIGHT="44" WIDTH="45" ID="PAG_23_ST001010" WC="1" CONTENT="Je" STYLEREFS="TXT_2"/>
            <SP ID="PAG_23_SP000936" HPOS="4506" VPOS="2192" WIDTH="21"/>
            <String HPOS="4527" VPOS="2192" HEIGHT="24" WIDTH="47" ID="PAG_23_ST001011" WC="1" CONTENT="ne" STYLEREFS="TXT_2"/>
            <SP ID="PAG_23_SP000937" HPOS="4574" VPOS="2182" WIDTH="22"/>
            <String HPOS="4596" VPOS="2182" HEIGHT="35" WIDTH="157" ID="PAG_23_ST001012" WC="1" CONTENT="connais" STYLEREFS="TXT_2"/>
            <SP ID="PAG_23_SP000938" HPOS="4753" VPOS="2194" WIDTH="21"/>
            <String HPOS="4774" VPOS="2194" HEIGHT="32" WIDTH="68" ID="PAG_23_ST001013" WC="1" CONTENT="pas" STYLEREFS="TXT_2"/>
            <SP ID="PAG_23_SP000939" HPOS="4842" VPOS="2183" WIDTH="21"/>
            <String HPOS="4863" VPOS="2183" HEIGHT="35" WIDTH="45" ID="PAG_23_ST001014" WC="1" CONTENT="de" STYLEREFS="TXT_2"/>
            <SP ID="PAG_23_SP000940" HPOS="4908" VPOS="2184" WIDTH="21"/>
            <String HPOS="4929" VPOS="2184" HEIGHT="36" WIDTH="173" ID="PAG_23_ST001015" WC="1" CONTENT="meilleur" STYLEREFS="TXT_2"/>
            <SP ID="PAG_23_SP000941" HPOS="5102" VPOS="2185" WIDTH="22"/>
            <String HPOS="5124" VPOS="2185" HEIGHT="42" WIDTH="170" ID="PAG_23_ST001016" WC="1" CONTENT="apéritif." STYLEREFS="TXT_2"/>
            <SP ID="PAG_23_SP000942" HPOS="5294" VPOS="2186" WIDTH="24"/>
            <String HPOS="5318" VPOS="2186" HEIGHT="35" WIDTH="31" ID="PAG_23_ST001017" WC="1" CONTENT="Il" STYLEREFS="TXT_2"/>
            <SP ID="PAG_23_SP000943" HPOS="5349" VPOS="2187" WIDTH="22"/>
            <String HPOS="5371" VPOS="2187" HEIGHT="36" WIDTH="112" ID="PAG_23_ST001018" WC="1" CONTENT="laisse" STYLEREFS="TXT_2"/>
            <SP ID="PAG_23_SP000944" HPOS="5483" VPOS="2189" WIDTH="20"/>
            <String HPOS="5503" VPOS="2189" HEIGHT="41" WIDTH="104" ID="PAG_23_ST001019" WC="1" CONTENT="juste" STYLEREFS="TXT_2"/>
            <SP ID="PAG_23_SP000945" HPOS="5607" VPOS="2189" WIDTH="22"/>
            <String HPOS="5629" VPOS="2189" HEIGHT="35" WIDTH="35" ID="PAG_23_ST001020" WC="1" CONTENT="la" STYLEREFS="TXT_2"/>
            <SP ID="PAG_23_SP000946" HPOS="5664" VPOS="2190" WIDTH="23"/>
            <String HPOS="5687" VPOS="2190" HEIGHT="41" WIDTH="105" ID="PAG_23_ST001021" WC="1" CONTENT="place" STYLEREFS="TXT_2"/>
            <SP ID="PAG_23_SP000947" HPOS="5792" VPOS="2190" WIDTH="23"/>
            <String HPOS="5815" VPOS="2190" HEIGHT="35" WIDTH="22" ID="PAG_23_ST001022" WC="1" CONTENT="à" STYLEREFS="TXT_2"/>
            <SP ID="PAG_23_SP000948" HPOS="5837" VPOS="2202" WIDTH="23"/>
            <String HPOS="5860" VPOS="2202" HEIGHT="24" WIDTH="49" ID="PAG_23_ST001023" WC="1" CONTENT="un" STYLEREFS="TXT_2"/>
            <SP ID="PAG_23_SP000949" HPOS="5909" VPOS="2192" WIDTH="23"/>
            <String HPOS="5932" VPOS="2192" HEIGHT="42" WIDTH="275" ID="PAG_23_ST001024" WC="1" CONTENT="mutton-chop," STYLEREFS="TXT_2"/>
            <SP ID="PAG_23_SP000950" HPOS="6207" VPOS="2205" WIDTH="22"/>
            <String HPOS="6229" VPOS="2205" HEIGHT="23" WIDTH="49" ID="PAG_23_ST001025" WC="1" CONTENT="ou" STYLEREFS="TXT_2"/>
            <SP ID="PAG_23_SP000951" HPOS="6278" VPOS="2205" WIDTH="22"/>
            <String HPOS="6300" VPOS="2205" HEIGHT="22" WIDTH="48" ID="PAG_23_ST001026" WC="1" CONTENT="au" STYLEREFS="TXT_2"/>
          </TextLine>
          <TextLine HPOS="4463" VPOS="2233" HEIGHT="46" WIDTH="1886" ID="PAG_23_TL000076" STYLEREFS="TXT_2">
            <String HPOS="4463" VPOS="2244" HEIGHT="32" WIDTH="231" ID="PAG_23_ST001027" WC="1" CONTENT="maquereau" STYLEREFS="TXT_2"/>
            <SP ID="PAG_23_SP000952" HPOS="4694" VPOS="2245" WIDTH="27"/>
            <String HPOS="4721" VPOS="2245" HEIGHT="23" WIDTH="64" ID="PAG_23_ST001028" WC="1" CONTENT="sur" STYLEREFS="TXT_2"/>
            <SP ID="PAG_23_SP000953" HPOS="4785" VPOS="2233" WIDTH="28"/>
            <String HPOS="4813" VPOS="2233" HEIGHT="36" WIDTH="33" ID="PAG_23_ST001029" WC="1" CONTENT="le" STYLEREFS="TXT_2"/>
            <SP ID="PAG_23_SP000954" HPOS="4846" VPOS="2234" WIDTH="27"/>
            <String HPOS="4873" VPOS="2234" HEIGHT="45" WIDTH="74" ID="PAG_23_ST001030" WC="1" CONTENT="gril" STYLEREFS="TXT_2"/>
            <SP ID="PAG_23_SP000955" HPOS="4947" VPOS="2235" WIDTH="27"/>
            <String HPOS="4974" VPOS="2235" HEIGHT="44" WIDTH="63" ID="PAG_23_ST001031" WC="1" CONTENT="qui" STYLEREFS="TXT_2"/>
            <SP ID="PAG_23_SP000956" HPOS="5037" VPOS="2236" WIDTH="28"/>
            <String HPOS="5065" VPOS="2236" HEIGHT="35" WIDTH="183" ID="PAG_23_ST001032" WC="1" CONTENT="m'attend" STYLEREFS="TXT_2"/>
            <SP ID="PAG_23_SP000957" HPOS="5248" VPOS="2237" WIDTH="28"/>
            <String HPOS="5276" VPOS="2237" HEIGHT="35" WIDTH="91" ID="PAG_23_ST001033" WC="1" CONTENT="chez" STYLEREFS="TXT_2"/>
            <SP ID="PAG_23_SP000958" HPOS="5367" VPOS="2238" WIDTH="27"/>
            <String HPOS="5394" VPOS="2238" HEIGHT="41" WIDTH="88" ID="PAG_23_ST001034" WC="1" CONTENT="moi," STYLEREFS="TXT_2"/>
            <SP ID="PAG_23_SP000959" HPOS="5482" VPOS="2239" WIDTH="28"/>
            <String HPOS="5510" VPOS="2239" HEIGHT="35" WIDTH="22" ID="PAG_23_ST001035" WC="1" CONTENT="à" STYLEREFS="TXT_2"/>
            <SP ID="PAG_23_SP000960" HPOS="5532" VPOS="2240" WIDTH="28"/>
            <String HPOS="5560" VPOS="2240" HEIGHT="39" WIDTH="202" ID="PAG_23_ST001036" WC="1" CONTENT="cinquante" STYLEREFS="TXT_2"/>
            <SP ID="PAG_23_SP000961" HPOS="5762" VPOS="2241" WIDTH="27"/>
            <String HPOS="5789" VPOS="2241" HEIGHT="36" WIDTH="140" ID="PAG_23_ST001037" WC="1" CONTENT="mètres" STYLEREFS="TXT_2"/>
            <SP ID="PAG_23_SP000962" HPOS="5929" VPOS="2243" WIDTH="28"/>
            <String HPOS="5957" VPOS="2243" HEIGHT="34" WIDTH="45" ID="PAG_23_ST001038" WC="1" CONTENT="de" STYLEREFS="TXT_2"/>
            <SP ID="PAG_23_SP000963" HPOS="6002" VPOS="2243" WIDTH="29"/>
            <String HPOS="6031" VPOS="2243" HEIGHT="35" WIDTH="46" ID="PAG_23_ST001039" WC="1" CONTENT="là." STYLEREFS="TXT_2"/>
            <SP ID="PAG_23_SP000964" HPOS="6077" VPOS="2243" WIDTH="28"/>
            <String HPOS="6105" VPOS="2243" HEIGHT="36" WIDTH="45" ID="PAG_23_ST001040" WC="1" CONTENT="Je" STYLEREFS="TXT_2"/>
            <SP ID="PAG_23_SP000965" HPOS="6150" VPOS="2255" WIDTH="28"/>
            <String HPOS="6178" VPOS="2255" HEIGHT="24" WIDTH="96" ID="PAG_23_ST001041" WC="1" CONTENT="vous" STYLEREFS="TXT_2"/>
            <SP ID="PAG_23_SP000966" HPOS="6274" VPOS="2256" WIDTH="29"/>
            <String HPOS="6303" VPOS="2256" HEIGHT="23" WIDTH="46" ID="PAG_23_ST001042" WC="1" CONTENT="en" STYLEREFS="TXT_2"/>
          </TextLine>
          <TextLine HPOS="4462" VPOS="2277" HEIGHT="60" WIDTH="1886" ID="PAG_23_TL000077" STYLEREFS="TXT_2">
            <String HPOS="4462" VPOS="2277" HEIGHT="42" WIDTH="174" ID="PAG_23_ST001043" WC="1" CONTENT="souhaite" STYLEREFS="TXT_2"/>
            <SP ID="PAG_23_SP000967" HPOS="4636" VPOS="2290" WIDTH="22"/>
            <String HPOS="4658" VPOS="2290" HEIGHT="29" WIDTH="144" ID="PAG_23_ST001044" WC="1" CONTENT="autant." STYLEREFS="TXT_2"/>
            <SP ID="PAG_23_SP000968" HPOS="4802" VPOS="2285" WIDTH="24"/>
            <String HPOS="4826" VPOS="2285" HEIGHT="35" WIDTH="48" ID="PAG_23_ST001045" WC="1" CONTENT="Et" STYLEREFS="TXT_2"/>
            <SP ID="PAG_23_SP000969" HPOS="4874" VPOS="2285" WIDTH="21"/>
            <String HPOS="4895" VPOS="2285" HEIGHT="36" WIDTH="201" ID="PAG_23_ST001046" WC="1" CONTENT="n'omettez" STYLEREFS="TXT_2"/>
            <SP ID="PAG_23_SP000970" HPOS="5096" VPOS="2298" WIDTH="23"/>
            <String HPOS="5119" VPOS="2298" HEIGHT="32" WIDTH="67" ID="PAG_23_ST001047" WC="1" CONTENT="pas" STYLEREFS="TXT_2"/>
            <SP ID="PAG_23_SP000971" HPOS="5186" VPOS="2288" WIDTH="22"/>
            <String HPOS="5208" VPOS="2288" HEIGHT="35" WIDTH="36" ID="PAG_23_ST001048" WC="1" CONTENT="la" STYLEREFS="TXT_2"/>
            <SP ID="PAG_23_SP000972" HPOS="5244" VPOS="2294" WIDTH="22"/>
            <String HPOS="5266" VPOS="2294" HEIGHT="30" WIDTH="100" ID="PAG_23_ST001049" WC="1" CONTENT="tasse" STYLEREFS="TXT_2"/>
            <SP ID="PAG_23_SP000973" HPOS="5366" VPOS="2290" WIDTH="23"/>
            <String HPOS="5389" VPOS="2290" HEIGHT="34" WIDTH="45" ID="PAG_23_ST001050" WC="1" CONTENT="de" STYLEREFS="TXT_2"/>
            <SP ID="PAG_23_SP000974" HPOS="5434" VPOS="2289" WIDTH="22"/>
            <String HPOS="5456" VPOS="2289" HEIGHT="36" WIDTH="98" ID="PAG_23_ST001051" WC="1" CONTENT="café." STYLEREFS="TXT_2"/>
            <SP ID="PAG_23_SP000975" HPOS="5554" VPOS="2290" WIDTH="24"/>
            <String HPOS="5578" VPOS="2290" HEIGHT="42" WIDTH="135" ID="PAG_23_ST001052" WC="1" CONTENT="Notez," STYLEREFS="TXT_2"/>
            <SP ID="PAG_23_SP000976" HPOS="5713" VPOS="2292" WIDTH="21"/>
            <String HPOS="5734" VPOS="2292" HEIGHT="43" WIDTH="40" ID="PAG_23_ST001053" WC="1" CONTENT="je" STYLEREFS="TXT_2"/>
            <SP ID="PAG_23_SP000977" HPOS="5774" VPOS="2303" WIDTH="22"/>
            <String HPOS="5796" VPOS="2303" HEIGHT="24" WIDTH="95" ID="PAG_23_ST001054" WC="1" CONTENT="vous" STYLEREFS="TXT_2"/>
            <SP ID="PAG_23_SP000978" HPOS="5891" VPOS="2293" WIDTH="22"/>
            <String HPOS="5913" VPOS="2293" HEIGHT="43" WIDTH="81" ID="PAG_23_ST001055" WC="1" CONTENT="prie" STYLEREFS="TXT_2"/>
            <SP ID="PAG_23_SP000979" HPOS="5994" VPOS="2314" WIDTH="20"/>
            <String HPOS="6014" VPOS="2314" HEIGHT="5" WIDTH="48" ID="PAG_23_ST001056" WC="0.88" CONTENT="—" STYLEREFS="TXT_2"/>
            <SP ID="PAG_23_SP000980" HPOS="6062" VPOS="2294" WIDTH="20"/>
            <String HPOS="6082" VPOS="2294" HEIGHT="43" WIDTH="40" ID="PAG_23_ST001057" WC="1" CONTENT="je" STYLEREFS="TXT_2"/>
            <SP ID="PAG_23_SP000981" HPOS="6122" VPOS="2294" WIDTH="22"/>
            <String HPOS="6144" VPOS="2294" HEIGHT="36" WIDTH="204" ID="PAG_23_ST001058" WC="1" CONTENT="m'adresse" STYLEREFS="TXT_2"/>
          </TextLine>
          <TextLine HPOS="4460" VPOS="2335" HEIGHT="52" WIDTH="1887" ID="PAG_23_TL000078" STYLEREFS="TXT_2">
            <String HPOS="4460" VPOS="2347" HEIGHT="22" WIDTH="77" ID="PAG_23_ST001059" WC="1" CONTENT="aux" STYLEREFS="TXT_2"/>
            <SP ID="PAG_23_SP000982" HPOS="4537" VPOS="2335" WIDTH="20"/>
            <String HPOS="4557" VPOS="2335" HEIGHT="35" WIDTH="173" ID="PAG_23_ST001060" WC="1" CONTENT="lectrices" STYLEREFS="TXT_2"/>
            <SP ID="PAG_23_SP000983" HPOS="4730" VPOS="2336" WIDTH="21"/>
            <String HPOS="4751" VPOS="2336" HEIGHT="44" WIDTH="63" ID="PAG_23_ST001061" WC="1" CONTENT="qui" STYLEREFS="TXT_2"/>
            <SP ID="PAG_23_SP000984" HPOS="4814" VPOS="2336" WIDTH="21"/>
            <String HPOS="4835" VPOS="2336" HEIGHT="45" WIDTH="207" ID="PAG_23_ST001062" WC="1" CONTENT="déjeunent" STYLEREFS="TXT_2"/>
            <SP ID="PAG_23_SP000985" HPOS="5042" VPOS="2337" WIDTH="22"/>
            <String HPOS="5064" VPOS="2337" HEIGHT="37" WIDTH="91" ID="PAG_23_ST001063" WC="1" CONTENT="chez" STYLEREFS="TXT_2"/>
            <SP ID="PAG_23_SP000986" HPOS="5155" VPOS="2339" WIDTH="21"/>
            <String HPOS="5176" VPOS="2339" HEIGHT="35" WIDTH="90" ID="PAG_23_ST001064" WC="1" CONTENT="elles" STYLEREFS="TXT_2"/>
            <SP ID="PAG_23_SP000987" HPOS="5266" VPOS="2360" WIDTH="19"/>
            <String HPOS="5285" VPOS="2360" HEIGHT="4" WIDTH="49" ID="PAG_23_ST001065" WC="0.88" CONTENT="—" STYLEREFS="TXT_2"/>
            <SP ID="PAG_23_SP000988" HPOS="5334" VPOS="2351" WIDTH="19"/>
            <String HPOS="5353" VPOS="2351" HEIGHT="30" WIDTH="70" ID="PAG_23_ST001066" WC="1" CONTENT="que" STYLEREFS="TXT_2"/>
            <SP ID="PAG_23_SP000989" HPOS="5423" VPOS="2340" WIDTH="22"/>
            <String HPOS="5445" VPOS="2340" HEIGHT="36" WIDTH="33" ID="PAG_23_ST001067" WC="1" CONTENT="le" STYLEREFS="TXT_2"/>
            <SP ID="PAG_23_SP000990" HPOS="5478" VPOS="2341" WIDTH="22"/>
            <String HPOS="5500" VPOS="2341" HEIGHT="36" WIDTH="88" ID="PAG_23_ST001068" WC="1" CONTENT="café" STYLEREFS="TXT_2"/>
            <SP ID="PAG_23_SP000991" HPOS="5588" VPOS="2342" WIDTH="21"/>
            <String HPOS="5609" VPOS="2342" HEIGHT="37" WIDTH="190" ID="PAG_23_ST001069" WC="1" CONTENT="médiocre" STYLEREFS="TXT_2"/>
            <SP ID="PAG_23_SP000992" HPOS="5799" VPOS="2343" WIDTH="22"/>
            <String HPOS="5821" VPOS="2343" HEIGHT="37" WIDTH="109" ID="PAG_23_ST001070" WC="1" CONTENT="coûte" STYLEREFS="TXT_2"/>
            <SP ID="PAG_23_SP000993" HPOS="5930" VPOS="2356" WIDTH="22"/>
            <String HPOS="5952" VPOS="2356" HEIGHT="31" WIDTH="160" ID="PAG_23_ST001071" WC="1" CONTENT="presque" STYLEREFS="TXT_2"/>
            <SP ID="PAG_23_SP000994" HPOS="6112" VPOS="2346" WIDTH="20"/>
            <String HPOS="6132" VPOS="2346" HEIGHT="36" WIDTH="104" ID="PAG_23_ST001072" WC="1" CONTENT="aussi" STYLEREFS="TXT_2"/>
            <SP ID="PAG_23_SP000995" HPOS="6236" VPOS="2346" WIDTH="21"/>
            <String HPOS="6257" VPOS="2346" HEIGHT="36" WIDTH="90" ID="PAG_23_ST001073" WC="1" CONTENT="cher" STYLEREFS="TXT_2"/>
          </TextLine>
          <TextLine HPOS="4461" VPOS="2385" HEIGHT="51" WIDTH="1887" ID="PAG_23_TL000079" STYLEREFS="TXT_2">
            <String HPOS="4461" VPOS="2396" HEIGHT="32" WIDTH="72" ID="PAG_23_ST001074" WC="1" CONTENT="que" STYLEREFS="TXT_2"/>
            <SP ID="PAG_23_SP000996" HPOS="4533" VPOS="2385" WIDTH="23"/>
            <String HPOS="4556" VPOS="2385" HEIGHT="35" WIDTH="33" ID="PAG_23_ST001075" WC="1" CONTENT="le" STYLEREFS="TXT_2"/>
            <SP ID="PAG_23_SP000997" HPOS="4589" VPOS="2385" WIDTH="22"/>
            <String HPOS="4611" VPOS="2385" HEIGHT="36" WIDTH="74" ID="PAG_23_ST001076" WC="1" CONTENT="bon" STYLEREFS="TXT_2"/>
            <SP ID="PAG_23_SP000998" HPOS="4685" VPOS="2386" WIDTH="24"/>
            <String HPOS="4709" VPOS="2386" HEIGHT="36" WIDTH="98" ID="PAG_23_ST001077" WC="1" CONTENT="café." STYLEREFS="TXT_2"/>
            <SP ID="PAG_23_SP000999" HPOS="4807" VPOS="2387" WIDTH="24"/>
            <String HPOS="4831" VPOS="2387" HEIGHT="36" WIDTH="109" ID="PAG_23_ST001078" WC="1" CONTENT="Vous" STYLEREFS="TXT_2"/>
            <SP ID="PAG_23_SP001000" HPOS="4940" VPOS="2388" WIDTH="22"/>
            <String HPOS="4962" VPOS="2388" HEIGHT="36" WIDTH="200" ID="PAG_23_ST001079" WC="1" CONTENT="achèterez" STYLEREFS="TXT_2"/>
            <SP ID="PAG_23_SP001001" HPOS="5162" VPOS="2390" WIDTH="21"/>
            <String HPOS="5183" VPOS="2390" HEIGHT="35" WIDTH="99" ID="PAG_23_ST001080" WC="1" CONTENT="donc" STYLEREFS="TXT_2"/>
            <SP ID="PAG_23_SP001002" HPOS="5282" VPOS="2391" WIDTH="22"/>
            <String HPOS="5304" VPOS="2391" HEIGHT="35" WIDTH="49" ID="PAG_23_ST001081" WC="1" CONTENT="du" STYLEREFS="TXT_2"/>
            <SP ID="PAG_23_SP001003" HPOS="5353" VPOS="2391" WIDTH="23"/>
            <String HPOS="5376" VPOS="2391" HEIGHT="36" WIDTH="89" ID="PAG_23_ST001082" WC="1" CONTENT="café" STYLEREFS="TXT_2"/>
            <SP ID="PAG_23_SP001004" HPOS="5465" VPOS="2403" WIDTH="21"/>
            <String HPOS="5486" VPOS="2403" HEIGHT="30" WIDTH="72" ID="PAG_23_ST001083" WC="1" CONTENT="peu" STYLEREFS="TXT_2"/>
            <SP ID="PAG_23_SP001005" HPOS="5558" VPOS="2392" WIDTH="23"/>
            <String HPOS="5581" VPOS="2392" HEIGHT="41" WIDTH="175" ID="PAG_23_ST001084" WC="1" CONTENT="torréfié," STYLEREFS="TXT_2"/>
            <SP ID="PAG_23_SP001006" HPOS="5756" VPOS="2393" WIDTH="22"/>
            <String HPOS="5778" VPOS="2393" HEIGHT="36" WIDTH="22" ID="PAG_23_ST001085" WC="1" CONTENT="à" STYLEREFS="TXT_2"/>
            <SP ID="PAG_23_SP001007" HPOS="5800" VPOS="2394" WIDTH="22"/>
            <String HPOS="5822" VPOS="2394" HEIGHT="41" WIDTH="113" ID="PAG_23_ST001086" WC="1" CONTENT="petits" STYLEREFS="TXT_2"/>
            <SP ID="PAG_23_SP001008" HPOS="5935" VPOS="2395" WIDTH="22"/>
            <String HPOS="5957" VPOS="2395" HEIGHT="41" WIDTH="144" ID="PAG_23_ST001087" WC="1" CONTENT="grains," STYLEREFS="TXT_2"/>
            <SP ID="PAG_23_SP001009" HPOS="6101" VPOS="2397" WIDTH="23"/>
            <String HPOS="6124" VPOS="2397" HEIGHT="36" WIDTH="155" ID="PAG_23_ST001088" WC="1" CONTENT="couleur" STYLEREFS="TXT_2"/>
            <SP ID="PAG_23_SP001010" HPOS="6279" VPOS="2398" WIDTH="22"/>
            <String HPOS="6301" VPOS="2398" HEIGHT="35" WIDTH="47" ID="PAG_23_ST001089" WC="1" CONTENT="de" STYLEREFS="TXT_2"/>
          </TextLine>
          <TextLine HPOS="4462" VPOS="2435" HEIGHT="46" WIDTH="697" ID="PAG_23_TL000080" STYLEREFS="TXT_2">
            <String HPOS="4462" VPOS="2435" HEIGHT="45" WIDTH="128" ID="PAG_23_ST001090" WC="1" CONTENT="cigare" STYLEREFS="TXT_2"/>
            <SP ID="PAG_23_SP001011" HPOS="4590" VPOS="2442" WIDTH="23"/>
            <String HPOS="4613" VPOS="2442" HEIGHT="29" WIDTH="37" ID="PAG_23_ST001091" WC="1" CONTENT="et" STYLEREFS="TXT_2"/>
            <SP ID="PAG_23_SP001012" HPOS="4650" VPOS="2448" WIDTH="23"/>
            <String HPOS="4673" VPOS="2448" HEIGHT="23" WIDTH="76" ID="PAG_23_ST001092" WC="1" CONTENT="non" STYLEREFS="TXT_2"/>
            <SP ID="PAG_23_SP001013" HPOS="4749" VPOS="2448" WIDTH="22"/>
            <String HPOS="4771" VPOS="2448" HEIGHT="33" WIDTH="69" ID="PAG_23_ST001093" WC="1" CONTENT="pas" STYLEREFS="TXT_2"/>
            <SP ID="PAG_23_SP001014" HPOS="4840" VPOS="2437" WIDTH="23"/>
            <String HPOS="4863" VPOS="2437" HEIGHT="37" WIDTH="75" ID="PAG_23_ST001094" WC="0.99" CONTENT="tête" STYLEREFS="TXT_2"/>
            <SP ID="PAG_23_SP001015" HPOS="4938" VPOS="2439" WIDTH="23"/>
            <String HPOS="4961" VPOS="2439" HEIGHT="35" WIDTH="46" ID="PAG_23_ST001095" WC="1" CONTENT="de" STYLEREFS="TXT_2"/>
            <SP ID="PAG_23_SP001016" HPOS="5007" VPOS="2439" WIDTH="23"/>
            <String HPOS="5030" VPOS="2439" HEIGHT="36" WIDTH="129" ID="PAG_23_ST001096" WC="0.85" CONTENT="nèere." STYLEREFS="TXT_2"/>
          </TextLine>
        </TextBlock>
        <TextBlock HPOS="4227" VPOS="2608" HEIGHT="50" WIDTH="1720" ID="PAG_23_TB000016" LANG="fr" STYLEREFS="TXT_2">
          <TextLine HPOS="4227" VPOS="2608" HEIGHT="50" WIDTH="1720" ID="PAG_23_TL000081" STYLEREFS="TXT_2">
            <String HPOS="4227" VPOS="2619" HEIGHT="25" WIDTH="85" ID="PAG_23_ST001097" WC="0.97" CONTENT="INSI" STYLEREFS="TXT_18"/>
            <SP ID="PAG_23_SP001017" HPOS="4312" VPOS="2608" WIDTH="20"/>
            <String HPOS="4332" VPOS="2608" HEIGHT="43" WIDTH="128" ID="PAG_23_ST001098" WC="1" CONTENT="lestée," STYLEREFS="TXT_2"/>
            <SP ID="PAG_23_SP001018" HPOS="4460" VPOS="2609" WIDTH="17"/>
            <String HPOS="4477" VPOS="2609" HEIGHT="45" WIDTH="40" ID="PAG_23_ST001099" WC="1" CONTENT="je" STYLEREFS="TXT_18"/>
            <SP ID="PAG_23_SP001019" HPOS="4517" VPOS="2622" WIDTH="18"/>
            <String HPOS="4535" VPOS="2622" HEIGHT="33" WIDTH="101" ID="PAG_23_ST001100" WC="1" CONTENT="peux" STYLEREFS="TXT_2"/>
            <SP ID="PAG_23_SP001020" HPOS="4636" VPOS="2623" WIDTH="18"/>
            <String HPOS="4654" VPOS="2623" HEIGHT="24" WIDTH="59" ID="PAG_23_ST001101" WC="1" CONTENT="me" STYLEREFS="TXT_2"/>
            <SP ID="PAG_23_SP001021" HPOS="4713" VPOS="2618" WIDTH="18"/>
            <String HPOS="4731" VPOS="2618" HEIGHT="29" WIDTH="136" ID="PAG_23_ST001102" WC="1" CONTENT="mettre" STYLEREFS="TXT_2"/>
            <SP ID="PAG_23_SP001022" HPOS="4867" VPOS="2624" WIDTH="19"/>
            <String HPOS="4886" VPOS="2624" HEIGHT="24" WIDTH="49" ID="PAG_23_ST001103" WC="1" CONTENT="au" STYLEREFS="TXT_2"/>
            <SP ID="PAG_23_SP001023" HPOS="4935" VPOS="2614" WIDTH="20"/>
            <String HPOS="4955" VPOS="2614" HEIGHT="35" WIDTH="137" ID="PAG_23_ST001104" WC="1" CONTENT="travail" STYLEREFS="TXT_2"/>
            <SP ID="PAG_23_SP001024" HPOS="5092" VPOS="2615" WIDTH="18"/>
            <String HPOS="5110" VPOS="2615" HEIGHT="34" WIDTH="66" ID="PAG_23_ST001105" WC="1" CONTENT="dès" STYLEREFS="TXT_2"/>
            <SP ID="PAG_23_SP001025" HPOS="5176" VPOS="2615" WIDTH="19"/>
            <String HPOS="5195" VPOS="2615" HEIGHT="35" WIDTH="101" ID="PAG_23_ST001106" WC="1" CONTENT="deux" STYLEREFS="TXT_2"/>
            <SP ID="PAG_23_SP001026" HPOS="5296" VPOS="2616" WIDTH="17"/>
            <String HPOS="5313" VPOS="2616" HEIGHT="42" WIDTH="149" ID="PAG_23_ST001107" WC="1" CONTENT="heures," STYLEREFS="TXT_2"/>
            <SP ID="PAG_23_SP001027" HPOS="5462" VPOS="2617" WIDTH="20"/>
            <String HPOS="5482" VPOS="2617" HEIGHT="35" WIDTH="100" ID="PAG_23_ST001108" WC="1" CONTENT="deux" STYLEREFS="TXT_2"/>
            <SP ID="PAG_23_SP001028" HPOS="5582" VPOS="2616" WIDTH="19"/>
            <String HPOS="5601" VPOS="2616" HEIGHT="37" WIDTH="138" ID="PAG_23_ST001109" WC="1" CONTENT="heures" STYLEREFS="TXT_2"/>
            <SP ID="PAG_23_SP001029" HPOS="5739" VPOS="2623" WIDTH="20"/>
            <String HPOS="5759" VPOS="2623" HEIGHT="30" WIDTH="36" ID="PAG_23_ST001110" WC="1" CONTENT="et" STYLEREFS="TXT_2"/>
            <SP ID="PAG_23_SP001030" HPOS="5795" VPOS="2617" WIDTH="19"/>
            <String HPOS="5814" VPOS="2617" HEIGHT="36" WIDTH="133" ID="PAG_23_ST001111" WC="1" CONTENT="demie." STYLEREFS="TXT_2"/>
          </TextLine>
        </TextBlock>
        <TextBlock HPOS="4227" VPOS="2659" HEIGHT="99" WIDTH="1750" ID="PAG_23_TB000017" LANG="fr" STYLEREFS="TXT_2">
          <TextLine HPOS="4227" VPOS="2659" HEIGHT="53" WIDTH="1750" ID="PAG_23_TL000082" STYLEREFS="TXT_2">
            <String HPOS="4227" VPOS="2659" HEIGHT="44" WIDTH="72" ID="PAG_23_ST001112" WC="1" CONTENT="J'ai" STYLEREFS="TXT_2"/>
            <SP ID="PAG_23_SP001031" HPOS="4299" VPOS="2660" WIDTH="24"/>
            <String HPOS="4323" VPOS="2660" HEIGHT="36" WIDTH="126" ID="PAG_23_ST001113" WC="1" CONTENT="oublié" STYLEREFS="TXT_2"/>
            <SP ID="PAG_23_SP001032" HPOS="4449" VPOS="2661" WIDTH="24"/>
            <String HPOS="4473" VPOS="2661" HEIGHT="35" WIDTH="54" ID="PAG_23_ST001114" WC="1" CONTENT="les" STYLEREFS="TXT_2"/>
            <SP ID="PAG_23_SP001033" HPOS="4527" VPOS="2662" WIDTH="26"/>
            <String HPOS="4553" VPOS="2662" HEIGHT="35" WIDTH="116" ID="PAG_23_ST001115" WC="1" CONTENT="fruits" STYLEREFS="TXT_2"/>
            <SP ID="PAG_23_SP001034" HPOS="4669" VPOS="2662" WIDTH="32"/>
            <String HPOS="4701" VPOS="2662" HEIGHT="35" WIDTH="15" ID="PAG_23_ST001116" WC="1" CONTENT="?" STYLEREFS="TXT_2"/>
            <SP ID="PAG_23_SP001035" HPOS="4716" VPOS="2662" WIDTH="26"/>
            <String HPOS="4742" VPOS="2662" HEIGHT="44" WIDTH="84" ID="PAG_23_ST001117" WC="1" CONTENT="Que" STYLEREFS="TXT_2"/>
            <SP ID="PAG_23_SP001036" HPOS="4826" VPOS="2675" WIDTH="24"/>
            <String HPOS="4850" VPOS="2675" HEIGHT="23" WIDTH="76" ID="PAG_23_ST001118" WC="1" CONTENT="non" STYLEREFS="TXT_2"/>
            <SP ID="PAG_23_SP001037" HPOS="4926" VPOS="2675" WIDTH="24"/>
            <String HPOS="4950" VPOS="2675" HEIGHT="32" WIDTH="78" ID="PAG_23_ST001119" WC="1" CONTENT="pas." STYLEREFS="TXT_2"/>
            <SP ID="PAG_23_SP001038" HPOS="5028" VPOS="2665" WIDTH="26"/>
            <String HPOS="5054" VPOS="2665" HEIGHT="35" WIDTH="73" ID="PAG_23_ST001120" WC="1" CONTENT="Les" STYLEREFS="TXT_2"/>
            <SP ID="PAG_23_SP001039" HPOS="5127" VPOS="2665" WIDTH="26"/>
            <String HPOS="5153" VPOS="2665" HEIGHT="36" WIDTH="115" ID="PAG_23_ST001121" WC="1" CONTENT="fruits" STYLEREFS="TXT_2"/>
            <SP ID="PAG_23_SP001040" HPOS="5268" VPOS="2667" WIDTH="24"/>
            <String HPOS="5292" VPOS="2667" HEIGHT="36" WIDTH="255" ID="PAG_23_ST001122" WC="1" CONTENT="conviennent" STYLEREFS="TXT_2"/>
            <SP ID="PAG_23_SP001041" HPOS="5547" VPOS="2668" WIDTH="24"/>
            <String HPOS="5571" VPOS="2668" HEIGHT="34" WIDTH="22" ID="PAG_23_ST001123" WC="1" CONTENT="à" STYLEREFS="TXT_2"/>
            <SP ID="PAG_23_SP001042" HPOS="5593" VPOS="2668" WIDTH="25"/>
            <String HPOS="5618" VPOS="2668" HEIGHT="35" WIDTH="35" ID="PAG_23_ST001124" WC="1" CONTENT="la" STYLEREFS="TXT_2"/>
            <SP ID="PAG_23_SP001043" HPOS="5653" VPOS="2668" WIDTH="25"/>
            <String HPOS="5678" VPOS="2668" HEIGHT="35" WIDTH="78" ID="PAG_23_ST001125" WC="1" CONTENT="soif" STYLEREFS="TXT_2"/>
            <SP ID="PAG_23_SP001044" HPOS="5756" VPOS="2668" WIDTH="25"/>
            <String HPOS="5781" VPOS="2668" HEIGHT="44" WIDTH="166" ID="PAG_23_ST001126" WC="1" CONTENT="d'après-" SUBS_TYPE="HypPart1" SUBS_CONTENT="d'après-midi," STYLEREFS="TXT_2"/>
            <HYP HPOS="5947" VPOS="2712" WIDTH="30" CONTENT="-"/>
          </TextLine>
          <TextLine HPOS="4227" VPOS="2711" HEIGHT="47" WIDTH="1721" ID="PAG_23_TL000083" STYLEREFS="TXT_2">
            <String HPOS="4227" VPOS="2711" HEIGHT="42" WIDTH="104" ID="PAG_23_ST001127" WC="1" CONTENT="midi," SUBS_TYPE="HypPart2" SUBS_CONTENT="d'après-midi," STYLEREFS="TXT_2"/>
            <SP ID="PAG_23_SP001045" HPOS="4331" VPOS="2711" WIDTH="27"/>
            <String HPOS="4358" VPOS="2711" HEIGHT="35" WIDTH="22" ID="PAG_23_ST001128" WC="1" CONTENT="à" STYLEREFS="TXT_2"/>
            <SP ID="PAG_23_SP001046" HPOS="4380" VPOS="2712" WIDTH="26"/>
            <String HPOS="4406" VPOS="2712" HEIGHT="35" WIDTH="36" ID="PAG_23_ST001129" WC="1" CONTENT="la" STYLEREFS="TXT_2"/>
            <SP ID="PAG_23_SP001047" HPOS="4442" VPOS="2712" WIDTH="26"/>
            <String HPOS="4468" VPOS="2712" HEIGHT="36" WIDTH="219" ID="PAG_23_ST001130" WC="1" CONTENT="sécheresse" STYLEREFS="TXT_2"/>
            <SP ID="PAG_23_SP001048" HPOS="4687" VPOS="2714" WIDTH="26"/>
            <String HPOS="4713" VPOS="2714" HEIGHT="35" WIDTH="51" ID="PAG_23_ST001131" WC="1" CONTENT="du" STYLEREFS="TXT_2"/>
            <SP ID="PAG_23_SP001049" HPOS="4764" VPOS="2714" WIDTH="27"/>
            <String HPOS="4791" VPOS="2714" HEIGHT="36" WIDTH="139" ID="PAG_23_ST001132" WC="1" CONTENT="travail" STYLEREFS="TXT_2"/>
            <SP ID="PAG_23_SP001050" HPOS="4930" VPOS="2722" WIDTH="26"/>
            <String HPOS="4956" VPOS="2722" HEIGHT="36" WIDTH="198" ID="PAG_23_ST001133" WC="1" CONTENT="nocturne," STYLEREFS="TXT_2"/>
            <SP ID="PAG_23_SP001051" HPOS="5154" VPOS="2723" WIDTH="27"/>
            <String HPOS="5181" VPOS="2723" HEIGHT="29" WIDTH="107" ID="PAG_23_ST001134" WC="1" CONTENT="entre" STYLEREFS="TXT_2"/>
            <SP ID="PAG_23_SP001052" HPOS="5288" VPOS="2729" WIDTH="27"/>
            <String HPOS="5315" VPOS="2729" HEIGHT="25" WIDTH="95" ID="PAG_23_ST001135" WC="1" CONTENT="onze" STYLEREFS="TXT_2"/>
            <SP ID="PAG_23_SP001053" HPOS="5410" VPOS="2719" WIDTH="25"/>
            <String HPOS="5435" VPOS="2719" HEIGHT="35" WIDTH="139" ID="PAG_23_ST001136" WC="1" CONTENT="heures" STYLEREFS="TXT_2"/>
            <SP ID="PAG_23_SP001054" HPOS="5574" VPOS="2720" WIDTH="26"/>
            <String HPOS="5600" VPOS="2720" HEIGHT="34" WIDTH="50" ID="PAG_23_ST001137" WC="1" CONTENT="du" STYLEREFS="TXT_2"/>
            <SP ID="PAG_23_SP001055" HPOS="5650" VPOS="2719" WIDTH="28"/>
            <String HPOS="5678" VPOS="2719" HEIGHT="35" WIDTH="78" ID="PAG_23_ST001138" WC="1" CONTENT="soir" STYLEREFS="TXT_2"/>
            <SP ID="PAG_23_SP001056" HPOS="5756" VPOS="2727" WIDTH="28"/>
            <String HPOS="5784" VPOS="2727" HEIGHT="28" WIDTH="36" ID="PAG_23_ST001139" WC="1" CONTENT="et" STYLEREFS="TXT_2"/>
            <SP ID="PAG_23_SP001057" HPOS="5820" VPOS="2721" WIDTH="25"/>
            <String HPOS="5845" VPOS="2721" HEIGHT="35" WIDTH="103" ID="PAG_23_ST001140" WC="1" CONTENT="deux" STYLEREFS="TXT_2"/>
          </TextLine>
        </TextBlock>
        <TextBlock HPOS="4129" VPOS="2751" HEIGHT="48" WIDTH="456" ID="PAG_23_TB000018" LANG="fr" STYLEREFS="TXT_2">
          <TextLine HPOS="4129" VPOS="2751" HEIGHT="48" WIDTH="456" ID="PAG_23_TL000084" STYLEREFS="TXT_2">
            <String HPOS="4129" VPOS="2751" HEIGHT="19" WIDTH="36" ID="PAG_23_ST001141" WC="0.00" CONTENT="*" STYLEREFS="TXT_2"/>
            <SP ID="PAG_23_SP001058" HPOS="4165" VPOS="2761" WIDTH="60"/>
            <String HPOS="4225" VPOS="2761" HEIGHT="36" WIDTH="139" ID="PAG_23_ST001142" WC="1" CONTENT="heures" STYLEREFS="TXT_2"/>
            <SP ID="PAG_23_SP001059" HPOS="4364" VPOS="2763" WIDTH="21"/>
            <String HPOS="4385" VPOS="2763" HEIGHT="34" WIDTH="50" ID="PAG_23_ST001143" WC="1" CONTENT="du" STYLEREFS="TXT_2"/>
            <SP ID="PAG_23_SP001060" HPOS="4435" VPOS="2764" WIDTH="20"/>
            <String HPOS="4455" VPOS="2764" HEIGHT="35" WIDTH="130" ID="PAG_23_ST001144" WC="1" CONTENT="matin." STYLEREFS="TXT_2"/>
          </TextLine>
        </TextBlock>
        <TextBlock HPOS="4056" VPOS="2812" HEIGHT="105" WIDTH="1890" ID="PAG_23_TB000019" LANG="fr" STYLEREFS="TXT_2">
          <TextLine HPOS="4138" VPOS="2812" HEIGHT="51" WIDTH="1808" ID="PAG_23_TL000085" STYLEREFS="TXT_2">
            <String HPOS="4138" VPOS="2812" HEIGHT="35" WIDTH="54" ID="PAG_23_ST001145" WC="1" CONTENT="Le" STYLEREFS="TXT_2"/>
            <SP ID="PAG_23_SP001061" HPOS="4192" VPOS="2812" WIDTH="25"/>
            <String HPOS="4217" VPOS="2812" HEIGHT="36" WIDTH="110" ID="PAG_23_ST001146" WC="1" CONTENT="dîner" STYLEREFS="TXT_2"/>
            <SP ID="PAG_23_SP001062" HPOS="4327" VPOS="2813" WIDTH="32"/>
            <String HPOS="4359" VPOS="2813" HEIGHT="35" WIDTH="16" ID="PAG_23_ST001147" WC="1" CONTENT="?" STYLEREFS="TXT_2"/>
            <SP ID="PAG_23_SP001063" HPOS="4375" VPOS="2813" WIDTH="25"/>
            <String HPOS="4400" VPOS="2813" HEIGHT="36" WIDTH="62" ID="PAG_23_ST001148" WC="1" CONTENT="Oh" STYLEREFS="TXT_2"/>
            <SP ID="PAG_23_SP001064" HPOS="4462" VPOS="2815" WIDTH="37"/>
            <String HPOS="4499" VPOS="2815" HEIGHT="34" WIDTH="7" ID="PAG_23_ST001149" WC="1" CONTENT="!" STYLEREFS="TXT_2"/>
            <SP ID="PAG_23_SP001065" HPOS="4506" VPOS="2826" WIDTH="28"/>
            <String HPOS="4534" VPOS="2826" HEIGHT="24" WIDTH="89" ID="PAG_23_ST001150" WC="1" CONTENT="mon" STYLEREFS="TXT_2"/>
            <SP ID="PAG_23_SP001066" HPOS="4623" VPOS="2815" WIDTH="25"/>
            <String HPOS="4648" VPOS="2815" HEIGHT="43" WIDTH="121" ID="PAG_23_ST001151" WC="1" CONTENT="dîner," STYLEREFS="TXT_2"/>
            <SP ID="PAG_23_SP001067" HPOS="4769" VPOS="2827" WIDTH="25"/>
            <String HPOS="4794" VPOS="2827" HEIGHT="33" WIDTH="218" ID="PAG_23_ST001152" WC="1" CONTENT="prenez-en," STYLEREFS="TXT_2"/>
            <SP ID="PAG_23_SP001068" HPOS="5012" VPOS="2817" WIDTH="26"/>
            <String HPOS="5038" VPOS="2817" HEIGHT="37" WIDTH="203" ID="PAG_23_ST001153" WC="1" CONTENT="laissez-en" STYLEREFS="TXT_2"/>
            <SP ID="PAG_23_SP001069" HPOS="5241" VPOS="2830" WIDTH="25"/>
            <String HPOS="5266" VPOS="2830" HEIGHT="25" WIDTH="42" ID="PAG_23_ST001154" WC="1" CONTENT="ce" STYLEREFS="TXT_2"/>
            <SP ID="PAG_23_SP001070" HPOS="5308" VPOS="2831" WIDTH="24"/>
            <String HPOS="5332" VPOS="2831" HEIGHT="32" WIDTH="72" ID="PAG_23_ST001155" WC="1" CONTENT="que" STYLEREFS="TXT_2"/>
            <SP ID="PAG_23_SP001071" HPOS="5404" VPOS="2831" WIDTH="24"/>
            <String HPOS="5428" VPOS="2831" HEIGHT="25" WIDTH="96" ID="PAG_23_ST001156" WC="1" CONTENT="vous" STYLEREFS="TXT_2"/>
            <SP ID="PAG_23_SP001072" HPOS="5524" VPOS="2822" WIDTH="24"/>
            <String HPOS="5548" VPOS="2822" HEIGHT="34" WIDTH="179" ID="PAG_23_ST001157" WC="1" CONTENT="voudrez." STYLEREFS="TXT_2"/>
            <SP ID="PAG_23_SP001073" HPOS="5727" VPOS="2821" WIDTH="26"/>
            <String HPOS="5753" VPOS="2821" HEIGHT="36" WIDTH="143" ID="PAG_23_ST001158" WC="1" CONTENT="Tantôt" STYLEREFS="TXT_2"/>
            <SP ID="PAG_23_SP001074" HPOS="5896" VPOS="2822" WIDTH="26"/>
            <String HPOS="5922" VPOS="2822" HEIGHT="35" WIDTH="24" ID="PAG_23_ST001159" WC="1" CONTENT="il" STYLEREFS="TXT_2"/>
          </TextLine>
          <TextLine HPOS="4056" VPOS="2865" HEIGHT="52" WIDTH="1890" ID="PAG_23_TL000086" STYLEREFS="TXT_2">
            <String HPOS="4056" VPOS="2876" HEIGHT="23" WIDTH="40" ID="PAG_23_ST001160" WC="1" CONTENT="se" STYLEREFS="TXT_2"/>
            <SP ID="PAG_23_SP001075" HPOS="4096" VPOS="2874" WIDTH="30"/>
            <String HPOS="4126" VPOS="2874" HEIGHT="34" WIDTH="177" ID="PAG_23_ST001161" WC="1" CONTENT="compose" STYLEREFS="TXT_2"/>
            <SP ID="PAG_23_SP001076" HPOS="4303" VPOS="2865" WIDTH="29"/>
            <String HPOS="4332" VPOS="2865" HEIGHT="36" WIDTH="111" ID="PAG_23_ST001162" WC="1" CONTENT="d'une" STYLEREFS="TXT_2"/>
            <SP ID="PAG_23_SP001077" HPOS="4443" VPOS="2877" WIDTH="29"/>
            <String HPOS="4472" VPOS="2877" HEIGHT="33" WIDTH="134" ID="PAG_23_ST001163" WC="1" CONTENT="grosse" STYLEREFS="TXT_2"/>
            <SP ID="PAG_23_SP001078" HPOS="4606" VPOS="2879" WIDTH="30"/>
            <String HPOS="4636" VPOS="2879" HEIGHT="32" WIDTH="117" ID="PAG_23_ST001164" WC="1" CONTENT="soupe" STYLEREFS="TXT_2"/>
            <SP ID="PAG_23_SP001079" HPOS="4753" VPOS="2868" WIDTH="29"/>
            <String HPOS="4782" VPOS="2868" HEIGHT="36" WIDTH="46" ID="PAG_23_ST001165" WC="1" CONTENT="de" STYLEREFS="TXT_2"/>
            <SP ID="PAG_23_SP001080" HPOS="4828" VPOS="2868" WIDTH="30"/>
            <String HPOS="4858" VPOS="2868" HEIGHT="45" WIDTH="169" ID="PAG_23_ST001166" WC="1" CONTENT="légumes" STYLEREFS="TXT_2"/>
            <SP ID="PAG_23_SP001081" HPOS="5027" VPOS="2869" WIDTH="29"/>
            <String HPOS="5056" VPOS="2869" HEIGHT="46" WIDTH="155" ID="PAG_23_ST001167" WC="1" CONTENT="mijotés" STYLEREFS="TXT_2"/>
            <SP ID="PAG_23_SP001082" HPOS="5211" VPOS="2871" WIDTH="29"/>
            <String HPOS="5240" VPOS="2871" HEIGHT="44" WIDTH="63" ID="PAG_23_ST001168" WC="1" CONTENT="qui" STYLEREFS="TXT_2"/>
            <SP ID="PAG_23_SP001083" HPOS="5303" VPOS="2871" WIDTH="29"/>
            <String HPOS="5332" VPOS="2871" HEIGHT="46" WIDTH="138" ID="PAG_23_ST001169" WC="1" CONTENT="baigne" STYLEREFS="TXT_2"/>
            <SP ID="PAG_23_SP001084" HPOS="5470" VPOS="2884" WIDTH="29"/>
            <String HPOS="5499" VPOS="2884" HEIGHT="24" WIDTH="75" ID="PAG_23_ST001170" WC="1" CONTENT="une" STYLEREFS="TXT_2"/>
            <SP ID="PAG_23_SP001085" HPOS="5574" VPOS="2880" WIDTH="30"/>
            <String HPOS="5604" VPOS="2880" HEIGHT="29" WIDTH="132" ID="PAG_23_ST001171" WC="1" CONTENT="courte" STYLEREFS="TXT_2"/>
            <SP ID="PAG_23_SP001086" HPOS="5736" VPOS="2874" WIDTH="30"/>
            <String HPOS="5766" VPOS="2874" HEIGHT="36" WIDTH="180" ID="PAG_23_ST001172" WC="1" CONTENT="saucisse." STYLEREFS="TXT_2"/>
          </TextLine>
        </TextBlock>
        <TextBlock HPOS="4054" VPOS="2914" HEIGHT="94" WIDTH="1893" ID="PAG_23_TB000020" LANG="fr" STYLEREFS="TXT_2">
          <TextLine HPOS="4055" VPOS="2914" HEIGHT="52" WIDTH="1892" ID="PAG_23_TL000087" STYLEREFS="TXT_2">
            <String HPOS="4055" VPOS="2914" HEIGHT="37" WIDTH="63" ID="PAG_23_ST001173" WC="1" CONTENT="Ou" STYLEREFS="TXT_2"/>
            <SP ID="PAG_23_SP001087" HPOS="4118" VPOS="2915" WIDTH="21"/>
            <String HPOS="4139" VPOS="2915" HEIGHT="42" WIDTH="99" ID="PAG_23_ST001174" WC="1" CONTENT="bien," STYLEREFS="TXT_2"/>
            <SP ID="PAG_23_SP001088" HPOS="4238" VPOS="2915" WIDTH="23"/>
            <String HPOS="4261" VPOS="2915" HEIGHT="36" WIDTH="91" ID="PAG_23_ST001175" WC="1" CONTENT="c'est" STYLEREFS="TXT_2"/>
            <SP ID="PAG_23_SP001089" HPOS="4352" VPOS="2928" WIDTH="21"/>
            <String HPOS="4373" VPOS="2928" HEIGHT="24" WIDTH="75" ID="PAG_23_ST001176" WC="1" CONTENT="une" STYLEREFS="TXT_2"/>
            <SP ID="PAG_23_SP001090" HPOS="4448" VPOS="2917" WIDTH="21"/>
            <String HPOS="4469" VPOS="2917" HEIGHT="44" WIDTH="109" ID="PAG_23_ST001177" WC="1" CONTENT="orgie" STYLEREFS="TXT_2"/>
            <SP ID="PAG_23_SP001091" HPOS="4578" VPOS="2917" WIDTH="22"/>
            <String HPOS="4600" VPOS="2917" HEIGHT="37" WIDTH="46" ID="PAG_23_ST001178" WC="1" CONTENT="de" STYLEREFS="TXT_2"/>
            <SP ID="PAG_23_SP001092" HPOS="4646" VPOS="2918" WIDTH="23"/>
            <String HPOS="4669" VPOS="2918" HEIGHT="36" WIDTH="134" ID="PAG_23_ST001179" WC="1" CONTENT="dattes." STYLEREFS="TXT_2"/>
            <SP ID="PAG_23_SP001093" HPOS="4803" VPOS="2918" WIDTH="25"/>
            <String HPOS="4828" VPOS="2918" HEIGHT="38" WIDTH="62" ID="PAG_23_ST001180" WC="1" CONTENT="Ou" STYLEREFS="TXT_2"/>
            <SP ID="PAG_23_SP001094" HPOS="4890" VPOS="2931" WIDTH="22"/>
            <String HPOS="4912" VPOS="2931" HEIGHT="29" WIDTH="150" ID="PAG_23_ST001181" WC="1" CONTENT="encore," STYLEREFS="TXT_2"/>
            <SP ID="PAG_23_SP001095" HPOS="5062" VPOS="2921" WIDTH="23"/>
            <String HPOS="5085" VPOS="2921" HEIGHT="35" WIDTH="65" ID="PAG_23_ST001182" WC="1" CONTENT="des" STYLEREFS="TXT_2"/>
            <SP ID="PAG_23_SP001096" HPOS="5150" VPOS="2923" WIDTH="23"/>
            <String HPOS="5173" VPOS="2923" HEIGHT="40" WIDTH="365" ID="PAG_23_ST001183" WC="1" CONTENT="croque-monsieur." STYLEREFS="TXT_2"/>
            <SP ID="PAG_23_SP001097" HPOS="5538" VPOS="2923" WIDTH="25"/>
            <String HPOS="5563" VPOS="2923" HEIGHT="37" WIDTH="62" ID="PAG_23_ST001184" WC="1" CONTENT="Ou" STYLEREFS="TXT_2"/>
            <SP ID="PAG_23_SP001098" HPOS="5625" VPOS="2936" WIDTH="23"/>
            <String HPOS="5648" VPOS="2936" HEIGHT="24" WIDTH="50" ID="PAG_23_ST001185" WC="1" CONTENT="un" STYLEREFS="TXT_2"/>
            <SP ID="PAG_23_SP001099" HPOS="5698" VPOS="2924" WIDTH="22"/>
            <String HPOS="5720" VPOS="2924" HEIGHT="36" WIDTH="84" ID="PAG_23_ST001186" WC="0.68" CONTENT="oeuf" STYLEREFS="TXT_2"/>
            <SP ID="PAG_23_SP001100" HPOS="5804" VPOS="2924" WIDTH="22"/>
            <String HPOS="5826" VPOS="2924" HEIGHT="42" WIDTH="121" ID="PAG_23_ST001187" WC="1" CONTENT="poché" STYLEREFS="TXT_2"/>
          </TextLine>
          <TextLine HPOS="4054" VPOS="2965" HEIGHT="43" WIDTH="1211" ID="PAG_23_TL000088" STYLEREFS="TXT_2">
            <String HPOS="4054" VPOS="2977" HEIGHT="24" WIDTH="50" ID="PAG_23_ST001188" WC="1" CONTENT="au" STYLEREFS="TXT_2"/>
            <SP ID="PAG_23_SP001101" HPOS="4104" VPOS="2965" WIDTH="24"/>
            <String HPOS="4128" VPOS="2965" HEIGHT="35" WIDTH="65" ID="PAG_23_ST001189" WC="1" CONTENT="vin" STYLEREFS="TXT_2"/>
            <SP ID="PAG_23_SP001102" HPOS="4193" VPOS="2977" WIDTH="25"/>
            <String HPOS="4218" VPOS="2977" HEIGHT="31" WIDTH="130" ID="PAG_23_ST001190" WC="1" CONTENT="rouge." STYLEREFS="TXT_2"/>
            <SP ID="PAG_23_SP001103" HPOS="4348" VPOS="2966" WIDTH="25"/>
            <String HPOS="4373" VPOS="2966" HEIGHT="36" WIDTH="63" ID="PAG_23_ST001191" WC="1" CONTENT="Ou" STYLEREFS="TXT_2"/>
            <SP ID="PAG_23_SP001104" HPOS="4436" VPOS="2967" WIDTH="23"/>
            <String HPOS="4459" VPOS="2967" HEIGHT="36" WIDTH="67" ID="PAG_23_ST001192" WC="1" CONTENT="des" STYLEREFS="TXT_2"/>
            <SP ID="PAG_23_SP001105" HPOS="4526" VPOS="2968" WIDTH="23"/>
            <String HPOS="4549" VPOS="2968" HEIGHT="36" WIDTH="213" ID="PAG_23_ST001193" WC="1" CONTENT="artichauts" STYLEREFS="TXT_2"/>
            <SP ID="PAG_23_SP001106" HPOS="4762" VPOS="2969" WIDTH="26"/>
            <String HPOS="4788" VPOS="2969" HEIGHT="36" WIDTH="119" ID="PAG_23_ST001194" WC="1" CONTENT="farcis" STYLEREFS="TXT_2"/>
            <SP ID="PAG_23_SP001107" HPOS="4907" VPOS="2970" WIDTH="25"/>
            <String HPOS="4932" VPOS="2970" HEIGHT="36" WIDTH="45" ID="PAG_23_ST001195" WC="1" CONTENT="de" STYLEREFS="TXT_2"/>
            <SP ID="PAG_23_SP001108" HPOS="4977" VPOS="2970" WIDTH="24"/>
            <String HPOS="5001" VPOS="2970" HEIGHT="36" WIDTH="56" ID="PAG_23_ST001196" WC="1" CONTENT="riz" STYLEREFS="TXT_2"/>
            <SP ID="PAG_23_SP001109" HPOS="5057" VPOS="2977" WIDTH="24"/>
            <String HPOS="5081" VPOS="2977" HEIGHT="30" WIDTH="37" ID="PAG_23_ST001197" WC="1" CONTENT="et" STYLEREFS="TXT_2"/>
            <SP ID="PAG_23_SP001110" HPOS="5118" VPOS="2971" WIDTH="23"/>
            <String HPOS="5141" VPOS="2971" HEIGHT="36" WIDTH="124" ID="PAG_23_ST001198" WC="1" CONTENT="d'ail..." STYLEREFS="TXT_2"/>
          </TextLine>
        </TextBlock>
        <TextBlock HPOS="4434" VPOS="3139" HEIGHT="454" WIDTH="1914" ID="PAG_23_TB000021" LANG="fr" STYLEREFS="TXT_2">
          <TextLine HPOS="4626" VPOS="3139" HEIGHT="52" WIDTH="1721" ID="PAG_23_TL000089" STYLEREFS="TXT_2">
            <String HPOS="4626" VPOS="3149" HEIGHT="33" WIDTH="147" ID="PAG_23_ST001199" WC="0.96" CONTENT="ARFOIS," STYLEREFS="TXT_18"/>
            <SP ID="PAG_23_SP001111" HPOS="4773" VPOS="3139" WIDTH="23"/>
            <String HPOS="4796" VPOS="3139" HEIGHT="36" WIDTH="22" ID="PAG_23_ST001200" WC="1" CONTENT="à" STYLEREFS="TXT_2"/>
            <SP ID="PAG_23_SP001112" HPOS="4818" VPOS="3140" WIDTH="22"/>
            <String HPOS="4840" VPOS="3140" HEIGHT="35" WIDTH="96" ID="PAG_23_ST001201" WC="1" CONTENT="trois" STYLEREFS="TXT_2"/>
            <SP ID="PAG_23_SP001113" HPOS="4936" VPOS="3153" WIDTH="21"/>
            <String HPOS="4957" VPOS="3153" HEIGHT="23" WIDTH="49" ID="PAG_23_ST001202" WC="1" CONTENT="ou" STYLEREFS="TXT_2"/>
            <SP ID="PAG_23_SP001114" HPOS="5006" VPOS="3147" WIDTH="22"/>
            <String HPOS="5028" VPOS="3147" HEIGHT="38" WIDTH="134" ID="PAG_23_ST001203" WC="1" CONTENT="quatre" STYLEREFS="TXT_2"/>
            <SP ID="PAG_23_SP001115" HPOS="5162" VPOS="3142" WIDTH="23"/>
            <String HPOS="5185" VPOS="3142" HEIGHT="43" WIDTH="108" ID="PAG_23_ST001204" WC="1" CONTENT="amis," STYLEREFS="TXT_2"/>
            <SP ID="PAG_23_SP001116" HPOS="5293" VPOS="3149" WIDTH="23"/>
            <String HPOS="5316" VPOS="3149" HEIGHT="29" WIDTH="36" ID="PAG_23_ST001205" WC="1" CONTENT="et" STYLEREFS="TXT_2"/>
            <SP ID="PAG_23_SP001117" HPOS="5352" VPOS="3144" WIDTH="23"/>
            <String HPOS="5375" VPOS="3144" HEIGHT="43" WIDTH="157" ID="PAG_23_ST001206" WC="1" CONTENT="poussés" STYLEREFS="TXT_2"/>
            <SP ID="PAG_23_SP001118" HPOS="5532" VPOS="3155" WIDTH="22"/>
            <String HPOS="5554" VPOS="3155" HEIGHT="33" WIDTH="69" ID="PAG_23_ST001207" WC="1" CONTENT="par" STYLEREFS="TXT_2"/>
            <SP ID="PAG_23_SP001119" HPOS="5623" VPOS="3145" WIDTH="23"/>
            <String HPOS="5646" VPOS="3145" HEIGHT="44" WIDTH="168" ID="PAG_23_ST001208" WC="1" CONTENT="l'appétit" STYLEREFS="TXT_2"/>
            <SP ID="PAG_23_SP001120" HPOS="5814" VPOS="3158" WIDTH="24"/>
            <String HPOS="5838" VPOS="3158" HEIGHT="33" WIDTH="168" ID="PAG_23_ST001209" WC="1" CONTENT="sauvage" STYLEREFS="TXT_2"/>
            <SP ID="PAG_23_SP001121" HPOS="6006" VPOS="3147" WIDTH="22"/>
            <String HPOS="6028" VPOS="3147" HEIGHT="44" WIDTH="64" ID="PAG_23_ST001210" WC="1" CONTENT="qui" STYLEREFS="TXT_2"/>
            <SP ID="PAG_23_SP001122" HPOS="6092" VPOS="3147" WIDTH="23"/>
            <String HPOS="6115" VPOS="3147" HEIGHT="36" WIDTH="153" ID="PAG_23_ST001211" WC="1" CONTENT="tenaille" STYLEREFS="TXT_2"/>
            <SP ID="PAG_23_SP001123" HPOS="6268" VPOS="3149" WIDTH="25"/>
            <String HPOS="6293" VPOS="3149" HEIGHT="36" WIDTH="54" ID="PAG_23_ST001212" WC="1" CONTENT="les" STYLEREFS="TXT_2"/>
          </TextLine>
          <TextLine HPOS="4454" VPOS="3190" HEIGHT="52" WIDTH="1891" ID="PAG_23_TL000090" STYLEREFS="TXT_2">
            <String HPOS="4454" VPOS="3194" HEIGHT="4" WIDTH="7" ID="PAG_23_ST001213" WC="0.5" CONTENT="-" STYLEREFS="TXT_2"/>
            <SP ID="PAG_23_SP001124" HPOS="4461" VPOS="3190" WIDTH="166"/>
            <String HPOS="4627" VPOS="3190" HEIGHT="36" WIDTH="245" ID="PAG_23_ST001214" WC="1" CONTENT="travailleurs" STYLEREFS="TXT_2"/>
            <SP ID="PAG_23_SP001125" HPOS="4872" VPOS="3192" WIDTH="32"/>
            <String HPOS="4904" VPOS="3192" HEIGHT="36" WIDTH="184" ID="PAG_23_ST001215" WC="1" CONTENT="rassasiés" STYLEREFS="TXT_2"/>
            <SP ID="PAG_23_SP001126" HPOS="5088" VPOS="3193" WIDTH="32"/>
            <String HPOS="5120" VPOS="3193" HEIGHT="35" WIDTH="46" ID="PAG_23_ST001216" WC="1" CONTENT="de" STYLEREFS="TXT_2"/>
            <SP ID="PAG_23_SP001127" HPOS="5166" VPOS="3193" WIDTH="32"/>
            <String HPOS="5198" VPOS="3193" HEIGHT="43" WIDTH="210" ID="PAG_23_ST001217" WC="1" CONTENT="travailler," STYLEREFS="TXT_2"/>
            <SP ID="PAG_23_SP001128" HPOS="5408" VPOS="3206" WIDTH="32"/>
            <String HPOS="5440" VPOS="3206" HEIGHT="24" WIDTH="95" ID="PAG_23_ST001218" WC="1" CONTENT="nous" STYLEREFS="TXT_2"/>
            <SP ID="PAG_23_SP001129" HPOS="5535" VPOS="3202" WIDTH="33"/>
            <String HPOS="5568" VPOS="3202" HEIGHT="35" WIDTH="168" ID="PAG_23_ST001219" WC="1" CONTENT="partons," STYLEREFS="TXT_2"/>
            <SP ID="PAG_23_SP001130" HPOS="5736" VPOS="3208" WIDTH="33"/>
            <String HPOS="5769" VPOS="3208" HEIGHT="24" WIDTH="145" ID="PAG_23_ST001220" WC="1" CONTENT="comme" STYLEREFS="TXT_2"/>
            <SP ID="PAG_23_SP001131" HPOS="5914" VPOS="3209" WIDTH="32"/>
            <String HPOS="5946" VPOS="3209" HEIGHT="24" WIDTH="97" ID="PAG_23_ST001221" WC="1" CONTENT="nous" STYLEREFS="TXT_2"/>
            <SP ID="PAG_23_SP001132" HPOS="6043" VPOS="3198" WIDTH="32"/>
            <String HPOS="6075" VPOS="3198" HEIGHT="42" WIDTH="141" ID="PAG_23_ST001222" WC="1" CONTENT="disons," STYLEREFS="TXT_2"/>
            <SP ID="PAG_23_SP001133" HPOS="6216" VPOS="3211" WIDTH="33"/>
            <String HPOS="6249" VPOS="3211" HEIGHT="31" WIDTH="96" ID="PAG_23_ST001223" WC="1" CONTENT="pour" STYLEREFS="TXT_2"/>
          </TextLine>
          <TextLine HPOS="4629" VPOS="3240" HEIGHT="53" WIDTH="1719" ID="PAG_23_TL000091" STYLEREFS="TXT_2">
            <String HPOS="4629" VPOS="3240" HEIGHT="36" WIDTH="120" ID="PAG_23_ST001224" WC="1" CONTENT="Paris." STYLEREFS="TXT_2"/>
            <SP ID="PAG_23_SP001134" HPOS="4749" VPOS="3241" WIDTH="22"/>
            <String HPOS="4771" VPOS="3241" HEIGHT="35" WIDTH="64" ID="PAG_23_ST001225" WC="1" CONTENT="Un" STYLEREFS="TXT_2"/>
            <SP ID="PAG_23_SP001135" HPOS="4835" VPOS="3242" WIDTH="22"/>
            <String HPOS="4857" VPOS="3242" HEIGHT="35" WIDTH="109" ID="PAG_23_ST001226" WC="1" CONTENT="Paris" STYLEREFS="TXT_2"/>
            <SP ID="PAG_23_SP001136" HPOS="4966" VPOS="3242" WIDTH="22"/>
            <String HPOS="4988" VPOS="3242" HEIGHT="45" WIDTH="135" ID="PAG_23_ST001227" WC="1" CONTENT="ignoré" STYLEREFS="TXT_2"/>
            <SP ID="PAG_23_SP001137" HPOS="5123" VPOS="3244" WIDTH="19"/>
            <String HPOS="5142" VPOS="3244" HEIGHT="35" WIDTH="46" ID="PAG_23_ST001228" WC="1" CONTENT="de" STYLEREFS="TXT_2"/>
            <SP ID="PAG_23_SP001138" HPOS="5188" VPOS="3255" WIDTH="22"/>
            <String HPOS="5210" VPOS="3255" HEIGHT="24" WIDTH="96" ID="PAG_23_ST001229" WC="1" CONTENT="ceux" STYLEREFS="TXT_2"/>
            <SP ID="PAG_23_SP001139" HPOS="5306" VPOS="3245" WIDTH="20"/>
            <String HPOS="5326" VPOS="3245" HEIGHT="44" WIDTH="64" ID="PAG_23_ST001230" WC="1" CONTENT="qui" STYLEREFS="TXT_2"/>
            <SP ID="PAG_23_SP001140" HPOS="5390" VPOS="3245" WIDTH="21"/>
            <String HPOS="5411" VPOS="3245" HEIGHT="36" WIDTH="153" ID="PAG_23_ST001231" WC="1" CONTENT="mènent" STYLEREFS="TXT_2"/>
            <SP ID="PAG_23_SP001141" HPOS="5564" VPOS="3246" WIDTH="21"/>
            <String HPOS="5585" VPOS="3246" HEIGHT="35" WIDTH="34" ID="PAG_23_ST001232" WC="1" CONTENT="le" STYLEREFS="TXT_2"/>
            <SP ID="PAG_23_SP001142" HPOS="5619" VPOS="3247" WIDTH="20"/>
            <String HPOS="5639" VPOS="3247" HEIGHT="35" WIDTH="101" ID="PAG_23_ST001233" WC="1" CONTENT="deuil" STYLEREFS="TXT_2"/>
            <SP ID="PAG_23_SP001143" HPOS="5740" VPOS="3248" WIDTH="21"/>
            <String HPOS="5761" VPOS="3248" HEIGHT="34" WIDTH="48" ID="PAG_23_ST001234" WC="1" CONTENT="du" STYLEREFS="TXT_2"/>
            <SP ID="PAG_23_SP001144" HPOS="5809" VPOS="3247" WIDTH="22"/>
            <String HPOS="5831" VPOS="3247" HEIGHT="45" WIDTH="266" ID="PAG_23_ST001235" WC="1" CONTENT="bien-manger" STYLEREFS="TXT_2"/>
            <SP ID="PAG_23_SP001145" HPOS="6097" VPOS="3255" WIDTH="21"/>
            <String HPOS="6118" VPOS="3255" HEIGHT="29" WIDTH="35" ID="PAG_23_ST001236" WC="1" CONTENT="et" STYLEREFS="TXT_2"/>
            <SP ID="PAG_23_SP001146" HPOS="6153" VPOS="3249" WIDTH="21"/>
            <String HPOS="6174" VPOS="3249" HEIGHT="44" WIDTH="174" ID="PAG_23_ST001237" WC="1" CONTENT="pleurent" STYLEREFS="TXT_2"/>
          </TextLine>
          <TextLine HPOS="4434" VPOS="3291" HEIGHT="52" WIDTH="1912" ID="PAG_23_TL000092" STYLEREFS="TXT_2">
            <String HPOS="4434" VPOS="3293" HEIGHT="28" WIDTH="43" ID="PAG_23_ST001238" WC="0.5" CONTENT="*" STYLEREFS="TXT_2"/>
            <SP ID="PAG_23_SP001147" HPOS="4477" VPOS="3291" WIDTH="151"/>
            <String HPOS="4628" VPOS="3291" HEIGHT="36" WIDTH="36" ID="PAG_23_ST001239" WC="1" CONTENT="la" STYLEREFS="TXT_2"/>
            <SP ID="PAG_23_SP001148" HPOS="4664" VPOS="3292" WIDTH="26"/>
            <String HPOS="4690" VPOS="3292" HEIGHT="35" WIDTH="50" ID="PAG_23_ST001240" WC="1" CONTENT="fin" STYLEREFS="TXT_2"/>
            <SP ID="PAG_23_SP001149" HPOS="4740" VPOS="3293" WIDTH="26"/>
            <String HPOS="4766" VPOS="3293" HEIGHT="36" WIDTH="49" ID="PAG_23_ST001241" WC="1" CONTENT="du" STYLEREFS="TXT_2"/>
            <SP ID="PAG_23_SP001150" HPOS="4815" VPOS="3293" WIDTH="28"/>
            <String HPOS="4843" VPOS="3293" HEIGHT="37" WIDTH="153" ID="PAG_23_ST001242" WC="1" CONTENT="dernier" STYLEREFS="TXT_2"/>
            <SP ID="PAG_23_SP001151" HPOS="4996" VPOS="3294" WIDTH="27"/>
            <String HPOS="5023" VPOS="3294" HEIGHT="35" WIDTH="74" ID="PAG_23_ST001243" WC="1" CONTENT="bon" STYLEREFS="TXT_2"/>
            <SP ID="PAG_23_SP001152" HPOS="5097" VPOS="3295" WIDTH="28"/>
            <String HPOS="5125" VPOS="3295" HEIGHT="35" WIDTH="131" ID="PAG_23_ST001244" WC="1" CONTENT="bistro." STYLEREFS="TXT_2"/>
            <SP ID="PAG_23_SP001153" HPOS="5256" VPOS="3296" WIDTH="28"/>
            <String HPOS="5284" VPOS="3296" HEIGHT="34" WIDTH="37" ID="PAG_23_ST001245" WC="1" CONTENT="A" STYLEREFS="TXT_2"/>
            <SP ID="PAG_23_SP001154" HPOS="5321" VPOS="3296" WIDTH="29"/>
            <String HPOS="5350" VPOS="3296" HEIGHT="41" WIDTH="121" ID="PAG_23_ST001246" WC="1" CONTENT="Paris," STYLEREFS="TXT_2"/>
            <SP ID="PAG_23_SP001155" HPOS="5471" VPOS="3297" WIDTH="27"/>
            <String HPOS="5498" VPOS="3297" HEIGHT="40" WIDTH="169" ID="PAG_23_ST001247" WC="1" CONTENT="d'abord," STYLEREFS="TXT_2"/>
            <SP ID="PAG_23_SP001156" HPOS="5667" VPOS="3310" WIDTH="29"/>
            <String HPOS="5696" VPOS="3310" HEIGHT="23" WIDTH="49" ID="PAG_23_ST001248" WC="1" CONTENT="un" STYLEREFS="TXT_2"/>
            <SP ID="PAG_23_SP001157" HPOS="5745" VPOS="3298" WIDTH="28"/>
            <String HPOS="5773" VPOS="3298" HEIGHT="36" WIDTH="73" ID="PAG_23_ST001249" WC="1" CONTENT="bon" STYLEREFS="TXT_2"/>
            <SP ID="PAG_23_SP001158" HPOS="5846" VPOS="3299" WIDTH="28"/>
            <String HPOS="5874" VPOS="3299" HEIGHT="36" WIDTH="120" ID="PAG_23_ST001250" WC="0.99" CONTENT="bistro" STYLEREFS="TXT_2"/>
            <SP ID="PAG_23_SP001159" HPOS="5994" VPOS="3300" WIDTH="28"/>
            <String HPOS="6022" VPOS="3300" HEIGHT="36" WIDTH="96" ID="PAG_23_ST001251" WC="1" CONTENT="n'est" STYLEREFS="TXT_2"/>
            <SP ID="PAG_23_SP001160" HPOS="6118" VPOS="3301" WIDTH="26"/>
            <String HPOS="6144" VPOS="3301" HEIGHT="42" WIDTH="140" ID="PAG_23_ST001252" WC="1" CONTENT="jamais" STYLEREFS="TXT_2"/>
            <SP ID="PAG_23_SP001161" HPOS="6284" VPOS="3302" WIDTH="27"/>
            <String HPOS="6311" VPOS="3302" HEIGHT="35" WIDTH="35" ID="PAG_23_ST001253" WC="1" CONTENT="le" STYLEREFS="TXT_2"/>
          </TextLine>
          <TextLine HPOS="4456" VPOS="3341" HEIGHT="53" WIDTH="1891" ID="PAG_23_TL000093" STYLEREFS="TXT_2">
            <String HPOS="4456" VPOS="3341" HEIGHT="37" WIDTH="164" ID="PAG_23_ST001254" WC="1" CONTENT="dernier." STYLEREFS="TXT_2"/>
            <SP ID="PAG_23_SP001162" HPOS="4620" VPOS="3343" WIDTH="23"/>
            <String HPOS="4643" VPOS="3343" HEIGHT="42" WIDTH="117" ID="PAG_23_ST001255" WC="1" CONTENT="Mort," STYLEREFS="TXT_2"/>
            <SP ID="PAG_23_SP001163" HPOS="4760" VPOS="3343" WIDTH="20"/>
            <String HPOS="4780" VPOS="3343" HEIGHT="35" WIDTH="27" ID="PAG_23_ST001256" WC="1" CONTENT="il" STYLEREFS="TXT_2"/>
            <SP ID="PAG_23_SP001164" HPOS="4807" VPOS="3343" WIDTH="20"/>
            <String HPOS="4827" VPOS="3343" HEIGHT="36" WIDTH="124" ID="PAG_23_ST001257" WC="1" CONTENT="renaît" STYLEREFS="TXT_2"/>
            <SP ID="PAG_23_SP001165" HPOS="4951" VPOS="3345" WIDTH="20"/>
            <String HPOS="4971" VPOS="3345" HEIGHT="35" WIDTH="45" ID="PAG_23_ST001258" WC="1" CONTENT="de" STYLEREFS="TXT_2"/>
            <SP ID="PAG_23_SP001166" HPOS="5016" VPOS="3356" WIDTH="21"/>
            <String HPOS="5037" VPOS="3356" HEIGHT="24" WIDTH="60" ID="PAG_23_ST001259" WC="1" CONTENT="ses" STYLEREFS="TXT_2"/>
            <SP ID="PAG_23_SP001167" HPOS="5097" VPOS="3346" WIDTH="21"/>
            <String HPOS="5118" VPOS="3346" HEIGHT="41" WIDTH="170" ID="PAG_23_ST001260" WC="1" CONTENT="cendres," STYLEREFS="TXT_2"/>
            <SP ID="PAG_23_SP001168" HPOS="5288" VPOS="3358" WIDTH="21"/>
            <String HPOS="5309" VPOS="3358" HEIGHT="24" WIDTH="89" ID="PAG_23_ST001261" WC="1" CONTENT="sous" STYLEREFS="TXT_2"/>
            <SP ID="PAG_23_SP001169" HPOS="5398" VPOS="3347" WIDTH="21"/>
            <String HPOS="5419" VPOS="3347" HEIGHT="35" WIDTH="35" ID="PAG_23_ST001262" WC="1" CONTENT="la" STYLEREFS="TXT_2"/>
            <SP ID="PAG_23_SP001170" HPOS="5454" VPOS="3347" WIDTH="22"/>
            <String HPOS="5476" VPOS="3347" HEIGHT="36" WIDTH="124" ID="PAG_23_ST001263" WC="1" CONTENT="forme" STYLEREFS="TXT_2"/>
            <SP ID="PAG_23_SP001171" HPOS="5600" VPOS="3348" WIDTH="20"/>
            <String HPOS="5620" VPOS="3348" HEIGHT="35" WIDTH="88" ID="PAG_23_ST001264" WC="1" CONTENT="d'un" STYLEREFS="TXT_2"/>
            <SP ID="PAG_23_SP001172" HPOS="5708" VPOS="3349" WIDTH="21"/>
            <String HPOS="5729" VPOS="3349" HEIGHT="44" WIDTH="175" ID="PAG_23_ST001265" WC="1" CONTENT="pionnier" STYLEREFS="TXT_2"/>
            <SP ID="PAG_23_SP001173" HPOS="5904" VPOS="3350" WIDTH="20"/>
            <String HPOS="5924" VPOS="3350" HEIGHT="35" WIDTH="102" ID="PAG_23_ST001266" WC="1" CONTENT="natif" STYLEREFS="TXT_2"/>
            <SP ID="PAG_23_SP001174" HPOS="6026" VPOS="3351" WIDTH="21"/>
            <String HPOS="6047" VPOS="3351" HEIGHT="35" WIDTH="46" ID="PAG_23_ST001267" WC="1" CONTENT="de" STYLEREFS="TXT_2"/>
            <SP ID="PAG_23_SP001175" HPOS="6093" VPOS="3351" WIDTH="20"/>
            <String HPOS="6113" VPOS="3351" HEIGHT="35" WIDTH="36" ID="PAG_23_ST001268" WC="1" CONTENT="la" STYLEREFS="TXT_2"/>
            <SP ID="PAG_23_SP001176" HPOS="6149" VPOS="3350" WIDTH="21"/>
            <String HPOS="6170" VPOS="3350" HEIGHT="44" WIDTH="177" ID="PAG_23_ST001269" WC="1" CONTENT="Corrèze," STYLEREFS="TXT_2"/>
          </TextLine>
          <TextLine HPOS="4455" VPOS="3393" HEIGHT="52" WIDTH="1889" ID="PAG_23_TL000094" STYLEREFS="TXT_2">
            <String HPOS="4455" VPOS="3393" HEIGHT="35" WIDTH="46" ID="PAG_23_ST001270" WC="1" CONTENT="de" STYLEREFS="TXT_2"/>
            <SP ID="PAG_23_SP001177" HPOS="4501" VPOS="3394" WIDTH="29"/>
            <String HPOS="4530" VPOS="3394" HEIGHT="35" WIDTH="36" ID="PAG_23_ST001271" WC="1" CONTENT="la" STYLEREFS="TXT_2"/>
            <SP ID="PAG_23_SP001178" HPOS="4566" VPOS="3393" WIDTH="28"/>
            <String HPOS="4594" VPOS="3393" HEIGHT="37" WIDTH="196" ID="PAG_23_ST001272" WC="1" CONTENT="crémeuse" STYLEREFS="TXT_2"/>
            <SP ID="PAG_23_SP001179" HPOS="4790" VPOS="3394" WIDTH="29"/>
            <String HPOS="4819" VPOS="3394" HEIGHT="44" WIDTH="249" ID="PAG_23_ST001273" WC="1" CONTENT="Normandie," STYLEREFS="TXT_2"/>
            <SP ID="PAG_23_SP001180" HPOS="5068" VPOS="3396" WIDTH="29"/>
            <String HPOS="5097" VPOS="3396" HEIGHT="36" WIDTH="51" ID="PAG_23_ST001274" WC="1" CONTENT="du" STYLEREFS="TXT_2"/>
            <SP ID="PAG_23_SP001181" HPOS="5148" VPOS="3396" WIDTH="29"/>
            <String HPOS="5177" VPOS="3396" HEIGHT="46" WIDTH="188" ID="PAG_23_ST001275" WC="1" CONTENT="Périgord" STYLEREFS="TXT_2"/>
            <SP ID="PAG_23_SP001182" HPOS="5365" VPOS="3398" WIDTH="29"/>
            <String HPOS="5394" VPOS="3398" HEIGHT="42" WIDTH="96" ID="PAG_23_ST001276" WC="1" CONTENT="noir," STYLEREFS="TXT_2"/>
            <SP ID="PAG_23_SP001183" HPOS="5490" VPOS="3399" WIDTH="29"/>
            <String HPOS="5519" VPOS="3399" HEIGHT="35" WIDTH="45" ID="PAG_23_ST001277" WC="1" CONTENT="de" STYLEREFS="TXT_2"/>
            <SP ID="PAG_23_SP001184" HPOS="5564" VPOS="3399" WIDTH="30"/>
            <String HPOS="5594" VPOS="3399" HEIGHT="35" WIDTH="36" ID="PAG_23_ST001278" WC="1" CONTENT="la" STYLEREFS="TXT_2"/>
            <SP ID="PAG_23_SP001185" HPOS="5630" VPOS="3399" WIDTH="30"/>
            <String HPOS="5660" VPOS="3399" HEIGHT="36" WIDTH="197" ID="PAG_23_ST001279" WC="1" CONTENT="Provence" STYLEREFS="TXT_2"/>
            <SP ID="PAG_23_SP001186" HPOS="5857" VPOS="3401" WIDTH="28"/>
            <String HPOS="5885" VPOS="3401" HEIGHT="44" WIDTH="202" ID="PAG_23_ST001280" WC="1" CONTENT="parfumée" STYLEREFS="TXT_2"/>
            <SP ID="PAG_23_SP001187" HPOS="6087" VPOS="3402" WIDTH="29"/>
            <String HPOS="6116" VPOS="3402" HEIGHT="35" WIDTH="87" ID="PAG_23_ST001281" WC="1" CONTENT="d'ail" STYLEREFS="TXT_2"/>
            <SP ID="PAG_23_SP001188" HPOS="6203" VPOS="3409" WIDTH="31"/>
            <String HPOS="6234" VPOS="3409" HEIGHT="28" WIDTH="36" ID="PAG_23_ST001282" WC="1" CONTENT="et" STYLEREFS="TXT_2"/>
            <SP ID="PAG_23_SP001189" HPOS="6270" VPOS="3403" WIDTH="29"/>
            <String HPOS="6299" VPOS="3403" HEIGHT="35" WIDTH="45" ID="PAG_23_ST001283" WC="1" CONTENT="de" STYLEREFS="TXT_2"/>
          </TextLine>
          <TextLine HPOS="4456" VPOS="3444" HEIGHT="51" WIDTH="1889" ID="PAG_23_TL000095" STYLEREFS="TXT_2">
            <String HPOS="4456" VPOS="3444" HEIGHT="45" WIDTH="236" ID="PAG_23_ST001284" WC="1" CONTENT="frigoulette." STYLEREFS="TXT_2"/>
            <SP ID="PAG_23_SP001190" HPOS="4692" VPOS="3445" WIDTH="32"/>
            <String HPOS="4724" VPOS="3445" HEIGHT="35" WIDTH="32" ID="PAG_23_ST001285" WC="1" CONTENT="Il" STYLEREFS="TXT_2"/>
            <SP ID="PAG_23_SP001191" HPOS="4756" VPOS="3452" WIDTH="29"/>
            <String HPOS="4785" VPOS="3452" HEIGHT="29" WIDTH="76" ID="PAG_23_ST001286" WC="1" CONTENT="met" STYLEREFS="TXT_2"/>
            <SP ID="PAG_23_SP001192" HPOS="4861" VPOS="3458" WIDTH="28"/>
            <String HPOS="4889" VPOS="3458" HEIGHT="24" WIDTH="43" ID="PAG_23_ST001287" WC="1" CONTENT="sa" STYLEREFS="TXT_2"/>
            <SP ID="PAG_23_SP001193" HPOS="4932" VPOS="3446" WIDTH="32"/>
            <String HPOS="4964" VPOS="3446" HEIGHT="36" WIDTH="139" ID="PAG_23_ST001288" WC="1" CONTENT="femme" STYLEREFS="TXT_2"/>
            <SP ID="PAG_23_SP001194" HPOS="5103" VPOS="3459" WIDTH="29"/>
            <String HPOS="5132" VPOS="3459" HEIGHT="24" WIDTH="77" ID="PAG_23_ST001289" WC="1" CONTENT="aux" STYLEREFS="TXT_2"/>
            <SP ID="PAG_23_SP001195" HPOS="5209" VPOS="3448" WIDTH="32"/>
            <String HPOS="5241" VPOS="3448" HEIGHT="43" WIDTH="230" ID="PAG_23_ST001290" WC="1" CONTENT="fourneaux," STYLEREFS="TXT_2"/>
            <SP ID="PAG_23_SP001196" HPOS="5471" VPOS="3461" WIDTH="29"/>
            <String HPOS="5500" VPOS="3461" HEIGHT="23" WIDTH="69" ID="PAG_23_ST001291" WC="1" CONTENT="son" STYLEREFS="TXT_2"/>
            <SP ID="PAG_23_SP001197" HPOS="5569" VPOS="3461" WIDTH="30"/>
            <String HPOS="5599" VPOS="3461" HEIGHT="34" WIDTH="144" ID="PAG_23_ST001292" WC="1" CONTENT="garçon" STYLEREFS="TXT_2"/>
            <SP ID="PAG_23_SP001198" HPOS="5743" VPOS="3457" WIDTH="31"/>
            <String HPOS="5774" VPOS="3457" HEIGHT="29" WIDTH="36" ID="PAG_23_ST001293" WC="1" CONTENT="et" STYLEREFS="TXT_2"/>
            <SP ID="PAG_23_SP001199" HPOS="5810" VPOS="3463" WIDTH="29"/>
            <String HPOS="5839" VPOS="3463" HEIGHT="25" WIDTH="42" ID="PAG_23_ST001294" WC="1" CONTENT="sa" STYLEREFS="TXT_2"/>
            <SP ID="PAG_23_SP001200" HPOS="5881" VPOS="3451" WIDTH="32"/>
            <String HPOS="5913" VPOS="3451" HEIGHT="37" WIDTH="81" ID="PAG_23_ST001295" WC="1" CONTENT="fille" STYLEREFS="TXT_2"/>
            <SP ID="PAG_23_SP001201" HPOS="5994" VPOS="3464" WIDTH="29"/>
            <String HPOS="6023" VPOS="3464" HEIGHT="24" WIDTH="49" ID="PAG_23_ST001296" WC="1" CONTENT="au" STYLEREFS="TXT_2"/>
            <SP ID="PAG_23_SP001202" HPOS="6072" VPOS="3453" WIDTH="30"/>
            <String HPOS="6102" VPOS="3453" HEIGHT="36" WIDTH="147" ID="PAG_23_ST001297" WC="1" CONTENT="service" STYLEREFS="TXT_2"/>
            <SP ID="PAG_23_SP001203" HPOS="6249" VPOS="3454" WIDTH="29"/>
            <String HPOS="6278" VPOS="3454" HEIGHT="34" WIDTH="67" ID="PAG_23_ST001298" WC="1" CONTENT="des" STYLEREFS="TXT_2"/>
          </TextLine>
          <TextLine HPOS="4451" VPOS="3496" HEIGHT="51" WIDTH="1890" ID="PAG_23_TL000096" STYLEREFS="TXT_2">
            <String HPOS="4451" VPOS="3496" HEIGHT="42" WIDTH="112" ID="PAG_23_ST001299" WC="1" CONTENT="table," STYLEREFS="TXT_2"/>
            <SP ID="PAG_23_SP001204" HPOS="4563" VPOS="3496" WIDTH="26"/>
            <String HPOS="4589" VPOS="3496" HEIGHT="36" WIDTH="148" ID="PAG_23_ST001300" WC="1" CONTENT="fournit" STYLEREFS="TXT_2"/>
            <SP ID="PAG_23_SP001205" HPOS="4737" VPOS="3497" WIDTH="22"/>
            <String HPOS="4759" VPOS="3497" HEIGHT="36" WIDTH="36" ID="PAG_23_ST001301" WC="1" CONTENT="la" STYLEREFS="TXT_2"/>
            <SP ID="PAG_23_SP001206" HPOS="4795" VPOS="3509" WIDTH="24"/>
            <String HPOS="4819" VPOS="3509" HEIGHT="24" WIDTH="93" ID="PAG_23_ST001302" WC="1" CONTENT="cave" STYLEREFS="TXT_2"/>
            <SP ID="PAG_23_SP001207" HPOS="4912" VPOS="3510" WIDTH="24"/>
            <String HPOS="4936" VPOS="3510" HEIGHT="24" WIDTH="47" ID="PAG_23_ST001303" WC="1" CONTENT="en" STYLEREFS="TXT_2"/>
            <SP ID="PAG_23_SP001208" HPOS="4983" VPOS="3498" WIDTH="22"/>
            <String HPOS="5005" VPOS="3498" HEIGHT="36" WIDTH="86" ID="PAG_23_ST001304" WC="1" CONTENT="vins" STYLEREFS="TXT_2"/>
            <SP ID="PAG_23_SP001209" HPOS="5091" VPOS="3499" WIDTH="21"/>
            <String HPOS="5112" VPOS="3499" HEIGHT="44" WIDTH="148" ID="PAG_23_ST001305" WC="1" CONTENT="jeunes," STYLEREFS="TXT_2"/>
            <SP ID="PAG_23_SP001210" HPOS="5260" VPOS="3499" WIDTH="27"/>
            <String HPOS="5287" VPOS="3499" HEIGHT="44" WIDTH="149" ID="PAG_23_ST001306" WC="1" CONTENT="fruités," STYLEREFS="TXT_2"/>
            <SP ID="PAG_23_SP001211" HPOS="5436" VPOS="3509" WIDTH="25"/>
            <String HPOS="5461" VPOS="3509" HEIGHT="29" WIDTH="36" ID="PAG_23_ST001307" WC="1" CONTENT="et" STYLEREFS="TXT_2"/>
            <SP ID="PAG_23_SP001212" HPOS="5497" VPOS="3501" WIDTH="23"/>
            <String HPOS="5520" VPOS="3501" HEIGHT="35" WIDTH="34" ID="PAG_23_ST001308" WC="1" CONTENT="le" STYLEREFS="TXT_2"/>
            <SP ID="PAG_23_SP001213" HPOS="5554" VPOS="3501" WIDTH="25"/>
            <String HPOS="5579" VPOS="3501" HEIGHT="44" WIDTH="186" ID="PAG_23_ST001309" WC="1" CONTENT="Parisien," STYLEREFS="TXT_2"/>
            <SP ID="PAG_23_SP001214" HPOS="5765" VPOS="3502" WIDTH="24"/>
            <String HPOS="5789" VPOS="3502" HEIGHT="45" WIDTH="62" ID="PAG_23_ST001310" WC="1" CONTENT="qui" STYLEREFS="TXT_2"/>
            <SP ID="PAG_23_SP001215" HPOS="5851" VPOS="3503" WIDTH="25"/>
            <String HPOS="5876" VPOS="3503" HEIGHT="36" WIDTH="145" ID="PAG_23_ST001311" WC="1" CONTENT="cuisine" STYLEREFS="TXT_2"/>
            <SP ID="PAG_23_SP001216" HPOS="6021" VPOS="3504" WIDTH="24"/>
            <String HPOS="6045" VPOS="3504" HEIGHT="36" WIDTH="75" ID="PAG_23_ST001312" WC="1" CONTENT="mal" STYLEREFS="TXT_2"/>
            <SP ID="PAG_23_SP001217" HPOS="6120" VPOS="3505" WIDTH="23"/>
            <String HPOS="6143" VPOS="3505" HEIGHT="36" WIDTH="96" ID="PAG_23_ST001313" WC="1" CONTENT="mais" STYLEREFS="TXT_2"/>
            <SP ID="PAG_23_SP001218" HPOS="6239" VPOS="3518" WIDTH="22"/>
            <String HPOS="6261" VPOS="3518" HEIGHT="23" WIDTH="23" ID="PAG_23_ST001314" WC="1" CONTENT="a" STYLEREFS="TXT_2"/>
            <SP ID="PAG_23_SP001219" HPOS="6284" VPOS="3505" WIDTH="22"/>
            <String HPOS="6306" VPOS="3505" HEIGHT="37" WIDTH="35" ID="PAG_23_ST001315" WC="1" CONTENT="le" STYLEREFS="TXT_2"/>
          </TextLine>
          <TextLine HPOS="4452" VPOS="3547" HEIGHT="46" WIDTH="1146" ID="PAG_23_TL000097" STYLEREFS="TXT_2">
            <String HPOS="4452" VPOS="3557" HEIGHT="24" WIDTH="70" ID="PAG_23_ST001316" WC="1" CONTENT="nez" STYLEREFS="TXT_2"/>
            <SP ID="PAG_23_SP001220" HPOS="4522" VPOS="3557" WIDTH="25"/>
            <String HPOS="4547" VPOS="3557" HEIGHT="33" WIDTH="130" ID="PAG_23_ST001317" WC="1" CONTENT="creux," STYLEREFS="TXT_2"/>
            <SP ID="PAG_23_SP001221" HPOS="4677" VPOS="3547" WIDTH="23"/>
            <String HPOS="4700" VPOS="3547" HEIGHT="35" WIDTH="52" ID="PAG_23_ST001318" WC="1" CONTENT="lui" STYLEREFS="TXT_2"/>
            <SP ID="PAG_23_SP001222" HPOS="4752" VPOS="3547" WIDTH="26"/>
            <String HPOS="4778" VPOS="3547" HEIGHT="36" WIDTH="73" ID="PAG_23_ST001319" WC="1" CONTENT="fait" STYLEREFS="TXT_2"/>
            <SP ID="PAG_23_SP001223" HPOS="4851" VPOS="3560" WIDTH="24"/>
            <String HPOS="4875" VPOS="3560" HEIGHT="24" WIDTH="46" ID="PAG_23_ST001320" WC="1" CONTENT="en" STYLEREFS="TXT_2"/>
            <SP ID="PAG_23_SP001224" HPOS="4921" VPOS="3549" WIDTH="23"/>
            <String HPOS="4944" VPOS="3549" HEIGHT="35" WIDTH="95" ID="PAG_23_ST001321" WC="1" CONTENT="trois" STYLEREFS="TXT_2"/>
            <SP ID="PAG_23_SP001225" HPOS="5039" VPOS="3550" WIDTH="22"/>
            <String HPOS="5061" VPOS="3550" HEIGHT="35" WIDTH="188" ID="PAG_23_ST001322" WC="1" CONTENT="semaines" STYLEREFS="TXT_2"/>
            <SP ID="PAG_23_SP001226" HPOS="5249" VPOS="3561" WIDTH="24"/>
            <String HPOS="5273" VPOS="3561" HEIGHT="24" WIDTH="73" ID="PAG_23_ST001323" WC="1" CONTENT="une" STYLEREFS="TXT_2"/>
            <SP ID="PAG_23_SP001227" HPOS="5346" VPOS="3550" WIDTH="24"/>
            <String HPOS="5370" VPOS="3550" HEIGHT="43" WIDTH="228" ID="PAG_23_ST001324" WC="1" CONTENT="réputation." STYLEREFS="TXT_2"/>
          </TextLine>
        </TextBlock>
        <TextBlock HPOS="4013" VPOS="3724" HEIGHT="363" WIDTH="2049" ID="PAG_23_TB000022" LANG="fr" STYLEREFS="TXT_2">
          <TextLine HPOS="4013" VPOS="3724" HEIGHT="55" WIDTH="2049" ID="PAG_23_TL000098" STYLEREFS="TXT_2">
            <String HPOS="4013" VPOS="3731" HEIGHT="48" WIDTH="112" ID="PAG_23_ST001325" WC="0.64" CONTENT="AI" STYLEREFS="TXT_27"/>
            <SP ID="PAG_23_SP001228" HPOS="4125" VPOS="3731" WIDTH="1"/>
            <String HPOS="4125" VPOS="3731" HEIGHT="48" WIDTH="151" ID="PAG_23_ST001326" WC="0.64" CONTENT="ON" STYLEREFS="TXT_27"/>
            <SP ID="PAG_23_SP001229" HPOS="4276" VPOS="3725" WIDTH="22"/>
            <String HPOS="4298" VPOS="3725" HEIGHT="37" WIDTH="92" ID="PAG_23_ST001327" WC="1" CONTENT="cher" STYLEREFS="TXT_2"/>
            <SP ID="PAG_23_SP001230" HPOS="4390" VPOS="3727" WIDTH="21"/>
            <String HPOS="4411" VPOS="3727" HEIGHT="43" WIDTH="166" ID="PAG_23_ST001328" WC="1" CONTENT="premier" STYLEREFS="TXT_2"/>
            <SP ID="PAG_23_SP001231" HPOS="4577" VPOS="3728" WIDTH="21"/>
            <String HPOS="4598" VPOS="3728" HEIGHT="38" WIDTH="326" ID="PAG_23_ST001329" WC="1" CONTENT="arrondissement" STYLEREFS="TXT_2"/>
            <SP ID="PAG_23_SP001232" HPOS="4924" VPOS="3736" WIDTH="24"/>
            <String HPOS="4948" VPOS="3736" HEIGHT="30" WIDTH="55" ID="PAG_23_ST001330" WC="1" CONTENT="est" STYLEREFS="TXT_2"/>
            <SP ID="PAG_23_SP001233" HPOS="5003" VPOS="3730" WIDTH="23"/>
            <String HPOS="5026" VPOS="3730" HEIGHT="36" WIDTH="118" ID="PAG_23_ST001331" WC="1" CONTENT="truffé" STYLEREFS="TXT_2"/>
            <SP ID="PAG_23_SP001234" HPOS="5144" VPOS="3731" WIDTH="22"/>
            <String HPOS="5166" VPOS="3731" HEIGHT="38" WIDTH="45" ID="PAG_23_ST001332" WC="1" CONTENT="de" STYLEREFS="TXT_2"/>
            <SP ID="PAG_23_SP001235" HPOS="5211" VPOS="3731" WIDTH="22"/>
            <String HPOS="5233" VPOS="3731" HEIGHT="36" WIDTH="144" ID="PAG_23_ST001333" WC="1" CONTENT="trésors" STYLEREFS="TXT_2"/>
            <SP ID="PAG_23_SP001236" HPOS="5377" VPOS="3733" WIDTH="21"/>
            <String HPOS="5398" VPOS="3733" HEIGHT="45" WIDTH="333" ID="PAG_23_ST001334" WC="1" CONTENT="gastronomiques" STYLEREFS="TXT_2"/>
            <SP ID="PAG_23_SP001237" HPOS="5731" VPOS="3746" WIDTH="21"/>
            <String HPOS="5752" VPOS="3746" HEIGHT="25" WIDTH="89" ID="PAG_23_ST001335" WC="1" CONTENT="sans" STYLEREFS="TXT_2"/>
            <SP ID="PAG_23_SP001238" HPOS="5841" VPOS="3734" WIDTH="21"/>
            <String HPOS="5862" VPOS="3734" HEIGHT="45" WIDTH="86" ID="PAG_23_ST001336" WC="1" CONTENT="pré-" STYLEREFS="TXT_2"/>
            <SP ID="PAG_23_SP001239" HPOS="5948" VPOS="3724" WIDTH="70"/>
            <String HPOS="6018" VPOS="3724" HEIGHT="32" WIDTH="44" ID="PAG_23_ST001337" WC="0.06" CONTENT="&quot;&quot;" STYLEREFS="TXT_2"/>
          </TextLine>
          <TextLine HPOS="4226" VPOS="3777" HEIGHT="52" WIDTH="1725" ID="PAG_23_TL000099" STYLEREFS="TXT_2">
            <String HPOS="4226" VPOS="3777" HEIGHT="37" WIDTH="158" ID="PAG_23_ST001338" WC="1" CONTENT="tention." STYLEREFS="TXT_2"/>
            <SP ID="PAG_23_SP001240" HPOS="4384" VPOS="3777" WIDTH="29"/>
            <String HPOS="4413" VPOS="3777" HEIGHT="36" WIDTH="52" ID="PAG_23_ST001339" WC="1" CONTENT="Le" STYLEREFS="TXT_2"/>
            <SP ID="PAG_23_SP001241" HPOS="4465" VPOS="3778" WIDTH="29"/>
            <String HPOS="4494" VPOS="3778" HEIGHT="45" WIDTH="137" ID="PAG_23_ST001340" WC="1" CONTENT="ragoût" STYLEREFS="TXT_2"/>
            <SP ID="PAG_23_SP001242" HPOS="4631" VPOS="3779" WIDTH="27"/>
            <String HPOS="4658" VPOS="3779" HEIGHT="36" WIDTH="46" ID="PAG_23_ST001341" WC="1" CONTENT="de" STYLEREFS="TXT_2"/>
            <SP ID="PAG_23_SP001243" HPOS="4704" VPOS="3787" WIDTH="26"/>
            <String HPOS="4730" VPOS="3787" HEIGHT="28" WIDTH="157" ID="PAG_23_ST001342" WC="1" CONTENT="mouton" STYLEREFS="TXT_2"/>
            <SP ID="PAG_23_SP001244" HPOS="4887" VPOS="3793" WIDTH="27"/>
            <String HPOS="4914" VPOS="3793" HEIGHT="31" WIDTH="24" ID="PAG_23_ST001343" WC="1" CONTENT="y" STYLEREFS="TXT_2"/>
            <SP ID="PAG_23_SP001245" HPOS="4938" VPOS="3788" WIDTH="28"/>
            <String HPOS="4966" VPOS="3788" HEIGHT="28" WIDTH="56" ID="PAG_23_ST001344" WC="1" CONTENT="est" STYLEREFS="TXT_2"/>
            <SP ID="PAG_23_SP001246" HPOS="5022" VPOS="3781" WIDTH="28"/>
            <String HPOS="5050" VPOS="3781" HEIGHT="44" WIDTH="214" ID="PAG_23_ST001345" WC="1" CONTENT="immuable," STYLEREFS="TXT_2"/>
            <SP ID="PAG_23_SP001247" HPOS="5264" VPOS="3782" WIDTH="28"/>
            <String HPOS="5292" VPOS="3782" HEIGHT="46" WIDTH="84" ID="PAG_23_ST001346" WC="1" CONTENT="égal" STYLEREFS="TXT_2"/>
            <SP ID="PAG_23_SP001248" HPOS="5376" VPOS="3783" WIDTH="28"/>
            <String HPOS="5404" VPOS="3783" HEIGHT="35" WIDTH="23" ID="PAG_23_ST001347" WC="1" CONTENT="à" STYLEREFS="TXT_2"/>
            <SP ID="PAG_23_SP001249" HPOS="5427" VPOS="3784" WIDTH="28"/>
            <String HPOS="5455" VPOS="3784" HEIGHT="43" WIDTH="205" ID="PAG_23_ST001348" WC="1" CONTENT="lui-même," STYLEREFS="TXT_2"/>
            <SP ID="PAG_23_SP001250" HPOS="5660" VPOS="3785" WIDTH="28"/>
            <String HPOS="5688" VPOS="3785" HEIGHT="44" WIDTH="123" ID="PAG_23_ST001349" WC="1" CONTENT="nappé" STYLEREFS="TXT_2"/>
            <SP ID="PAG_23_SP001251" HPOS="5811" VPOS="3785" WIDTH="28"/>
            <String HPOS="5839" VPOS="3785" HEIGHT="37" WIDTH="112" ID="PAG_23_ST001350" WC="1" CONTENT="d'une" STYLEREFS="TXT_2"/>
          </TextLine>
          <TextLine HPOS="4226" VPOS="3828" HEIGHT="51" WIDTH="1753" ID="PAG_23_TL000100" STYLEREFS="TXT_2">
            <String HPOS="4226" VPOS="3838" HEIGHT="25" WIDTH="113" ID="PAG_23_ST001351" WC="1" CONTENT="sauce" STYLEREFS="TXT_2"/>
            <SP ID="PAG_23_SP001252" HPOS="4339" VPOS="3828" WIDTH="24"/>
            <String HPOS="4363" VPOS="3828" HEIGHT="34" WIDTH="39" ID="PAG_23_ST001352" WC="1" CONTENT="ni" STYLEREFS="TXT_2"/>
            <SP ID="PAG_23_SP001253" HPOS="4402" VPOS="3834" WIDTH="25"/>
            <String HPOS="4427" VPOS="3834" HEIGHT="39" WIDTH="87" ID="PAG_23_ST001353" WC="1" CONTENT="trop" STYLEREFS="TXT_2"/>
            <SP ID="PAG_23_SP001254" HPOS="4514" VPOS="3836" WIDTH="25"/>
            <String HPOS="4539" VPOS="3836" HEIGHT="29" WIDTH="131" ID="PAG_23_ST001354" WC="1" CONTENT="courte" STYLEREFS="TXT_2"/>
            <SP ID="PAG_23_SP001255" HPOS="4670" VPOS="3830" WIDTH="25"/>
            <String HPOS="4695" VPOS="3830" HEIGHT="35" WIDTH="38" ID="PAG_23_ST001355" WC="1" CONTENT="ni" STYLEREFS="TXT_2"/>
            <SP ID="PAG_23_SP001256" HPOS="4733" VPOS="3837" WIDTH="26"/>
            <String HPOS="4759" VPOS="3837" HEIGHT="38" WIDTH="86" ID="PAG_23_ST001356" WC="1" CONTENT="trop" STYLEREFS="TXT_2"/>
            <SP ID="PAG_23_SP001257" HPOS="4845" VPOS="3831" WIDTH="25"/>
            <String HPOS="4870" VPOS="3831" HEIGHT="43" WIDTH="150" ID="PAG_23_ST001357" WC="1" CONTENT="longue." STYLEREFS="TXT_2"/>
            <SP ID="PAG_23_SP001258" HPOS="5020" VPOS="3832" WIDTH="27"/>
            <String HPOS="5047" VPOS="3832" HEIGHT="36" WIDTH="52" ID="PAG_23_ST001358" WC="1" CONTENT="Le" STYLEREFS="TXT_2"/>
            <SP ID="PAG_23_SP001259" HPOS="5099" VPOS="3833" WIDTH="27"/>
            <String HPOS="5126" VPOS="3833" HEIGHT="36" WIDTH="190" ID="PAG_23_ST001359" WC="1" CONTENT="cassoulet" STYLEREFS="TXT_2"/>
            <SP ID="PAG_23_SP001260" HPOS="5316" VPOS="3834" WIDTH="24"/>
            <String HPOS="5340" VPOS="3834" HEIGHT="43" WIDTH="128" ID="PAG_23_ST001360" WC="1" CONTENT="gratin" STYLEREFS="TXT_2"/>
            <SP ID="PAG_23_SP001261" HPOS="5468" VPOS="3835" WIDTH="27"/>
            <String HPOS="5495" VPOS="3835" HEIGHT="36" WIDTH="94" ID="PAG_23_ST001361" WC="1" CONTENT="dans" STYLEREFS="TXT_2"/>
            <SP ID="PAG_23_SP001262" HPOS="5589" VPOS="3847" WIDTH="25"/>
            <String HPOS="5614" VPOS="3847" HEIGHT="25" WIDTH="61" ID="PAG_23_ST001362" WC="1" CONTENT="ses" STYLEREFS="TXT_2"/>
            <SP ID="PAG_23_SP001263" HPOS="5675" VPOS="3837" WIDTH="26"/>
            <String HPOS="5701" VPOS="3837" HEIGHT="42" WIDTH="136" ID="PAG_23_ST001363" WC="1" CONTENT="petites" STYLEREFS="TXT_2"/>
            <SP ID="PAG_23_SP001264" HPOS="5837" VPOS="3849" WIDTH="26"/>
            <String HPOS="5863" VPOS="3849" HEIGHT="24" WIDTH="86" ID="PAG_23_ST001364" WC="1" CONTENT="sou-" SUBS_TYPE="HypPart1" SUBS_CONTENT="soupières" STYLEREFS="TXT_2"/>
            <HYP HPOS="5949" VPOS="3873" WIDTH="30" CONTENT="-"/>
          </TextLine>
          <TextLine HPOS="4227" VPOS="3877" HEIGHT="52" WIDTH="1724" ID="PAG_23_TL000101" STYLEREFS="TXT_2">
            <String HPOS="4227" VPOS="3877" HEIGHT="45" WIDTH="124" ID="PAG_23_ST001365" WC="1" CONTENT="pières" SUBS_TYPE="HypPart2" SUBS_CONTENT="soupières" STYLEREFS="TXT_2"/>
            <SP ID="PAG_23_SP001265" HPOS="4351" VPOS="3879" WIDTH="31"/>
            <String HPOS="4382" VPOS="3879" HEIGHT="37" WIDTH="267" ID="PAG_23_ST001366" WC="1" CONTENT="individuelles" STYLEREFS="TXT_2"/>
            <SP ID="PAG_23_SP001266" HPOS="4649" VPOS="3892" WIDTH="24"/>
            <String HPOS="4673" VPOS="3892" HEIGHT="31" WIDTH="8" ID="PAG_23_ST001367" WC="1" CONTENT=";" STYLEREFS="TXT_2"/>
            <SP ID="PAG_23_SP001267" HPOS="4681" VPOS="3893" WIDTH="30"/>
            <String HPOS="4711" VPOS="3893" HEIGHT="24" WIDTH="74" ID="PAG_23_ST001368" WC="1" CONTENT="une" STYLEREFS="TXT_2"/>
            <SP ID="PAG_23_SP001268" HPOS="4785" VPOS="3888" WIDTH="31"/>
            <String HPOS="4816" VPOS="3888" HEIGHT="30" WIDTH="103" ID="PAG_23_ST001369" WC="1" CONTENT="sorte" STYLEREFS="TXT_2"/>
            <SP ID="PAG_23_SP001269" HPOS="4919" VPOS="3884" WIDTH="29"/>
            <String HPOS="4948" VPOS="3884" HEIGHT="36" WIDTH="45" ID="PAG_23_ST001370" WC="1" CONTENT="de" STYLEREFS="TXT_2"/>
            <SP ID="PAG_23_SP001270" HPOS="4993" VPOS="3895" WIDTH="30"/>
            <String HPOS="5023" VPOS="3895" HEIGHT="32" WIDTH="157" ID="PAG_23_ST001371" WC="1" CONTENT="caveau," STYLEREFS="TXT_2"/>
            <SP ID="PAG_23_SP001271" HPOS="5180" VPOS="3883" WIDTH="29"/>
            <String HPOS="5209" VPOS="3883" HEIGHT="36" WIDTH="23" ID="PAG_23_ST001372" WC="1" CONTENT="à" STYLEREFS="TXT_2"/>
            <SP ID="PAG_23_SP001272" HPOS="5232" VPOS="3884" WIDTH="27"/>
            <String HPOS="5259" VPOS="3884" HEIGHT="36" WIDTH="101" ID="PAG_23_ST001373" WC="1" CONTENT="demi" STYLEREFS="TXT_2"/>
            <SP ID="PAG_23_SP001273" HPOS="5360" VPOS="3886" WIDTH="31"/>
            <String HPOS="5391" VPOS="3886" HEIGHT="43" WIDTH="229" ID="PAG_23_ST001374" WC="1" CONTENT="souterrain," STYLEREFS="TXT_2"/>
            <SP ID="PAG_23_SP001274" HPOS="5620" VPOS="3893" WIDTH="32"/>
            <String HPOS="5652" VPOS="3893" HEIGHT="31" WIDTH="180" ID="PAG_23_ST001375" WC="1" CONTENT="retourne" STYLEREFS="TXT_2"/>
            <SP ID="PAG_23_SP001275" HPOS="5832" VPOS="3900" WIDTH="29"/>
            <String HPOS="5861" VPOS="3900" HEIGHT="24" WIDTH="90" ID="PAG_23_ST001376" WC="1" CONTENT="sans" STYLEREFS="TXT_2"/>
          </TextLine>
          <TextLine HPOS="4056" VPOS="3928" HEIGHT="50" WIDTH="1896" ID="PAG_23_TL000102" STYLEREFS="TXT_2">
            <String HPOS="4056" VPOS="3928" HEIGHT="35" WIDTH="105" ID="PAG_23_ST001377" WC="1" CONTENT="arrêt" STYLEREFS="TXT_2"/>
            <SP ID="PAG_23_SP001276" HPOS="4161" VPOS="3929" WIDTH="29"/>
            <String HPOS="4190" VPOS="3929" HEIGHT="35" WIDTH="66" ID="PAG_23_ST001378" WC="1" CONTENT="des" STYLEREFS="TXT_2"/>
            <SP ID="PAG_23_SP001277" HPOS="4256" VPOS="3929" WIDTH="31"/>
            <String HPOS="4287" VPOS="3929" HEIGHT="44" WIDTH="132" ID="PAG_23_ST001379" WC="1" CONTENT="crêpes" STYLEREFS="TXT_2"/>
            <SP ID="PAG_23_SP001278" HPOS="4419" VPOS="3942" WIDTH="38"/>
            <String HPOS="4457" VPOS="3942" HEIGHT="29" WIDTH="9" ID="PAG_23_ST001380" WC="1" CONTENT=";" STYLEREFS="TXT_2"/>
            <SP ID="PAG_23_SP001279" HPOS="4466" VPOS="3931" WIDTH="31"/>
            <String HPOS="4497" VPOS="3931" HEIGHT="35" WIDTH="34" ID="PAG_23_ST001381" WC="1" CONTENT="le" STYLEREFS="TXT_2"/>
            <SP ID="PAG_23_SP001280" HPOS="4531" VPOS="3931" WIDTH="30"/>
            <String HPOS="4561" VPOS="3931" HEIGHT="44" WIDTH="86" ID="PAG_23_ST001382" WC="1" CONTENT="pied" STYLEREFS="TXT_2"/>
            <SP ID="PAG_23_SP001281" HPOS="4647" VPOS="3932" WIDTH="30"/>
            <String HPOS="4677" VPOS="3932" HEIGHT="36" WIDTH="45" ID="PAG_23_ST001383" WC="1" CONTENT="de" STYLEREFS="TXT_2"/>
            <SP ID="PAG_23_SP001282" HPOS="4722" VPOS="3932" WIDTH="32"/>
            <String HPOS="4754" VPOS="3932" HEIGHT="44" WIDTH="157" ID="PAG_23_ST001384" WC="1" CONTENT="cochon," STYLEREFS="TXT_2"/>
            <SP ID="PAG_23_SP001283" HPOS="4911" VPOS="3933" WIDTH="30"/>
            <String HPOS="4941" VPOS="3933" HEIGHT="36" WIDTH="34" ID="PAG_23_ST001385" WC="1" CONTENT="le" STYLEREFS="TXT_2"/>
            <SP ID="PAG_23_SP001284" HPOS="4975" VPOS="3933" WIDTH="31"/>
            <String HPOS="5006" VPOS="3933" HEIGHT="45" WIDTH="87" ID="PAG_23_ST001386" WC="1" CONTENT="pied" STYLEREFS="TXT_2"/>
            <SP ID="PAG_23_SP001285" HPOS="5093" VPOS="3935" WIDTH="30"/>
            <String HPOS="5123" VPOS="3935" HEIGHT="35" WIDTH="45" ID="PAG_23_ST001387" WC="1" CONTENT="de" STYLEREFS="TXT_2"/>
            <SP ID="PAG_23_SP001286" HPOS="5168" VPOS="3941" WIDTH="30"/>
            <String HPOS="5198" VPOS="3941" HEIGHT="29" WIDTH="157" ID="PAG_23_ST001388" WC="1" CONTENT="mouton" STYLEREFS="TXT_2"/>
            <SP ID="PAG_23_SP001287" HPOS="5355" VPOS="3936" WIDTH="31"/>
            <String HPOS="5386" VPOS="3936" HEIGHT="36" WIDTH="199" ID="PAG_23_ST001389" WC="1" CONTENT="rivalisent" STYLEREFS="TXT_2"/>
            <SP ID="PAG_23_SP001288" HPOS="5585" VPOS="3937" WIDTH="30"/>
            <String HPOS="5615" VPOS="3937" HEIGHT="36" WIDTH="46" ID="PAG_23_ST001390" WC="1" CONTENT="de" STYLEREFS="TXT_2"/>
            <SP ID="PAG_23_SP001289" HPOS="5661" VPOS="3938" WIDTH="32"/>
            <String HPOS="5693" VPOS="3938" HEIGHT="36" WIDTH="259" ID="PAG_23_ST001391" WC="1" CONTENT="succulence..." STYLEREFS="TXT_2"/>
          </TextLine>
          <TextLine HPOS="4056" VPOS="3977" HEIGHT="54" WIDTH="1897" ID="PAG_23_TL000103" STYLEREFS="TXT_2">
            <String HPOS="4056" VPOS="3977" HEIGHT="38" WIDTH="253" ID="PAG_23_ST001392" WC="1" CONTENT="Saint-Denis" STYLEREFS="TXT_2"/>
            <SP ID="PAG_23_SP001290" HPOS="4309" VPOS="3986" WIDTH="26"/>
            <String HPOS="4335" VPOS="3986" HEIGHT="30" WIDTH="37" ID="PAG_23_ST001393" WC="1" CONTENT="et" STYLEREFS="TXT_2"/>
            <SP ID="PAG_23_SP001291" HPOS="4372" VPOS="3980" WIDTH="25"/>
            <String HPOS="4397" VPOS="3980" HEIGHT="38" WIDTH="279" ID="PAG_23_ST001394" WC="1" CONTENT="Saint-Martin" STYLEREFS="TXT_2"/>
            <SP ID="PAG_23_SP001292" HPOS="4676" VPOS="3989" WIDTH="25"/>
            <String HPOS="4701" VPOS="3989" HEIGHT="30" WIDTH="87" ID="PAG_23_ST001395" WC="1" CONTENT="sont" STYLEREFS="TXT_2"/>
            <SP ID="PAG_23_SP001293" HPOS="4788" VPOS="3984" WIDTH="23"/>
            <String HPOS="4811" VPOS="3984" HEIGHT="43" WIDTH="175" ID="PAG_23_ST001396" WC="1" CONTENT="propices" STYLEREFS="TXT_2"/>
            <SP ID="PAG_23_SP001294" HPOS="4986" VPOS="3984" WIDTH="24"/>
            <String HPOS="5010" VPOS="3984" HEIGHT="36" WIDTH="23" ID="PAG_23_ST001397" WC="1" CONTENT="à" STYLEREFS="TXT_2"/>
            <SP ID="PAG_23_SP001295" HPOS="5033" VPOS="3985" WIDTH="23"/>
            <String HPOS="5056" VPOS="3985" HEIGHT="36" WIDTH="35" ID="PAG_23_ST001398" WC="1" CONTENT="la" STYLEREFS="TXT_2"/>
            <SP ID="PAG_23_SP001296" HPOS="5091" VPOS="3984" WIDTH="24"/>
            <String HPOS="5115" VPOS="3984" HEIGHT="37" WIDTH="96" ID="PAG_23_ST001399" WC="1" CONTENT="belle" STYLEREFS="TXT_2"/>
            <SP ID="PAG_23_SP001297" HPOS="5211" VPOS="3986" WIDTH="25"/>
            <String HPOS="5236" VPOS="3986" HEIGHT="36" WIDTH="79" ID="PAG_23_ST001400" WC="1" CONTENT="sole" STYLEREFS="TXT_2"/>
            <SP ID="PAG_23_SP001298" HPOS="5315" VPOS="3986" WIDTH="25"/>
            <String HPOS="5340" VPOS="3986" HEIGHT="44" WIDTH="160" ID="PAG_23_ST001401" WC="1" CONTENT="épaisse," STYLEREFS="TXT_2"/>
            <SP ID="PAG_23_SP001299" HPOS="5500" VPOS="4000" WIDTH="24"/>
            <String HPOS="5524" VPOS="4000" HEIGHT="23" WIDTH="49" ID="PAG_23_ST001402" WC="1" CONTENT="au" STYLEREFS="TXT_2"/>
            <SP ID="PAG_23_SP001300" HPOS="5573" VPOS="3988" WIDTH="23"/>
            <String HPOS="5596" VPOS="3988" HEIGHT="43" WIDTH="129" ID="PAG_23_ST001403" WC="1" CONTENT="poulet" STYLEREFS="TXT_2"/>
            <SP ID="PAG_23_SP001301" HPOS="5725" VPOS="3989" WIDTH="25"/>
            <String HPOS="5750" VPOS="3989" HEIGHT="36" WIDTH="203" ID="PAG_23_ST001404" WC="1" CONTENT="embroché" STYLEREFS="TXT_2"/>
          </TextLine>
          <TextLine HPOS="4047" VPOS="4029" HEIGHT="58" WIDTH="1897" ID="PAG_23_TL000104" STYLEREFS="TXT_2">
            <String HPOS="4047" VPOS="4040" HEIGHT="33" WIDTH="73" ID="PAG_23_ST001405" WC="1" CONTENT="que" STYLEREFS="TXT_2"/>
            <SP ID="PAG_23_SP001302" HPOS="4120" VPOS="4029" WIDTH="19"/>
            <String HPOS="4139" VPOS="4029" HEIGHT="37" WIDTH="151" ID="PAG_23_ST001406" WC="1" CONTENT="lèchent" STYLEREFS="TXT_2"/>
            <SP ID="PAG_23_SP001303" HPOS="4290" VPOS="4032" WIDTH="20"/>
            <String HPOS="4310" VPOS="4032" HEIGHT="35" WIDTH="46" ID="PAG_23_ST001407" WC="1" CONTENT="de" STYLEREFS="TXT_2"/>
            <SP ID="PAG_23_SP001304" HPOS="4356" VPOS="4032" WIDTH="20"/>
            <String HPOS="4376" VPOS="4032" HEIGHT="36" WIDTH="137" ID="PAG_23_ST001408" WC="1" CONTENT="hautes" STYLEREFS="TXT_2"/>
            <SP ID="PAG_23_SP001305" HPOS="4513" VPOS="4033" WIDTH="21"/>
            <String HPOS="4534" VPOS="4033" HEIGHT="37" WIDTH="183" ID="PAG_23_ST001409" WC="1" CONTENT="flammes." STYLEREFS="TXT_2"/>
            <SP ID="PAG_23_SP001306" HPOS="4717" VPOS="4034" WIDTH="22"/>
            <String HPOS="4739" VPOS="4034" HEIGHT="45" WIDTH="157" ID="PAG_23_ST001410" WC="1" CONTENT="Neuilly" STYLEREFS="TXT_2"/>
            <SP ID="PAG_23_SP001307" HPOS="4896" VPOS="4048" WIDTH="19"/>
            <String HPOS="4915" VPOS="4048" HEIGHT="23" WIDTH="23" ID="PAG_23_ST001411" WC="1" CONTENT="a" STYLEREFS="TXT_2"/>
            <SP ID="PAG_23_SP001308" HPOS="4938" VPOS="4048" WIDTH="21"/>
            <String HPOS="4959" VPOS="4048" HEIGHT="24" WIDTH="60" ID="PAG_23_ST001412" WC="1" CONTENT="ses" STYLEREFS="TXT_2"/>
            <SP ID="PAG_23_SP001309" HPOS="5019" VPOS="4036" WIDTH="20"/>
            <String HPOS="5039" VPOS="4036" HEIGHT="45" WIDTH="115" ID="PAG_23_ST001413" WC="1" CONTENT="petits" STYLEREFS="TXT_2"/>
            <SP ID="PAG_23_SP001310" HPOS="5154" VPOS="4038" WIDTH="20"/>
            <String HPOS="5174" VPOS="4038" HEIGHT="44" WIDTH="171" ID="PAG_23_ST001414" WC="1" CONTENT="temples," STYLEREFS="TXT_2"/>
            <SP ID="PAG_23_SP001311" HPOS="5345" VPOS="4050" WIDTH="21"/>
            <String HPOS="5366" VPOS="4050" HEIGHT="25" WIDTH="61" ID="PAG_23_ST001415" WC="1" CONTENT="ses" STYLEREFS="TXT_2"/>
            <SP ID="PAG_23_SP001312" HPOS="5427" VPOS="4038" WIDTH="20"/>
            <String HPOS="5447" VPOS="4038" HEIGHT="38" WIDTH="174" ID="PAG_23_ST001416" WC="1" CONTENT="habitués" STYLEREFS="TXT_2"/>
            <SP ID="PAG_23_SP001313" HPOS="5621" VPOS="4040" WIDTH="22"/>
            <String HPOS="5643" VPOS="4040" HEIGHT="47" WIDTH="301" ID="PAG_23_ST001417" WC="1" CONTENT="intransigeants" STYLEREFS="TXT_2"/>
          </TextLine>
        </TextBlock>
      </PrintSpace>
    </Page>
  </Layout>
</alto>