7618 5004
464 293 1442 328 POURQUOI
1906 293 480 328 JE
2386 293 640 328 LES
3026 293 803 328 AIME

1244 646 216 66 PAR

969 712 778 217 COLETTE

689 1022 168 40 Colelte
884 1031 65 31 est
978 1037 61 25 un
1064 1021 147 51 grand
1237 1024 192 48 critique
1454 1022 285 50 dramatique
1770 1037 13 24 :
1814 1037 110 24 vous
1952 1024 42 37 le

687 1104 124 24 savez
838 1098 159 31 toutes.
1027 1090 112 38 Mais
1168 1091 229 48 pourquoi
1424 1090 167 40 est-elle
1618 1104 65 24 un
1707 1089 145 51 grand
1879 1091 115 38 criti-

686 1170 87 36 que
792 1156 24 39 ?
853 1156 139 39 Parce
1027 1155 163 51 qu'elle
1225 1165 130 39 reste,
1390 1155 162 40 devant
1588 1171 62 24 un
1684 1158 233 49 spectacle,
1952 1158 41 39 le

684 1224 207 38 meilleur
920 1219 78 43 des
1031 1223 189 50 publics,
1253 1224 116 38 celui
1402 1225 79 48 qui
1512 1223 198 40 n'admet
1739 1239 81 35 pas
1853 1224 139 50 qu'on

683 1291 213 47 l'ennuie,
920 1292 112 37 mais
1057 1292 78 48 qui
1157 1305 48 25 se
1226 1290 130 39 laisse
1380 1290 235 40 émouvoir
1637 1290 355 52 profondément

681 1358 183 50 lorsque
907 1356 193 41 l'auteur
1142 1367 42 30 et
1229 1356 187 41 l'acteur
1459 1367 79 29 ont
1583 1358 101 39 créé
1727 1358 262 40 l'illusion...

681 1425 126 38 Celui
852 1426 78 48 qui
972 1425 83 38 sait
1097 1424 182 48 choisir,
1323 1439 137 35 parce
1519 1424 112 51 qu'il
1689 1427 84 37 sait
1831 1428 157 37 aimer.

731 1561 46 49 Je
815 1563 184 38 voudrais
1033 1564 124 39 avoir,
1195 1578 100 34 pour
1330 1564 34 38 la
1400 1564 182 49 préférer
1616 1579 80 23 aux
1732 1571 147 36 autres,
1916 1578 75 25 une

680 1620 129 38 raison
835 1620 129 38 moins
989 1621 139 49 simple
1151 1636 76 36 que
1254 1637 63 23 ma
1341 1623 224 39 conviction
1592 1622 141 50 qu'elle
1758 1630 58 31 est
1842 1624 35 36 la
1904 1623 86 49 plus

676 1679 150 48 grande
856 1679 144 38 actrice
1031 1680 52 37 du
1115 1679 164 39 cinéma.
1315 1680 103 37 Sans
1450 1681 120 37 doute
1602 1681 52 37 du
1686 1679 154 39 théâtre
1871 1680 118 40 aussi.

678 1735 220 49 lorsqu'elle
927 1737 93 47 joue
1049 1737 33 37 la
1111 1736 187 39 comédie.
1330 1737 112 38 Cette
1470 1738 99 37 dure
1598 1737 118 49 petite
1747 1737 75 38 fille
1850 1737 139 39 d'Eve.

676 1792 65 49 qui
763 1792 173 39 déhorde
956 1794 47 37 de
1028 1793 191 41 féminité,
1242 1807 47 25 ne
1311 1794 113 38 laisse
1445 1794 122 49 guère
1586 1794 22 37 à
1629 1794 174 38 d'autres
1825 1793 165 39 actrices

677 1850 83 37 leur
790 1850 144 38 chance
965 1851 48 37 de
1045 1851 121 48 plaire
1197 1865 51 24 ou
1279 1850 125 39 d'être
1437 1851 251 48 remarquées
1719 1850 21 38 à
1775 1864 61 24 ses
1866 1850 123 39 côtés.

676 1907 137 46 Voyez
855 1907 263 38 L'itisoiiiiiise
1140 1921 11 24 :
1195 1908 113 38 Bette
1361 1903 124 42 Davis
1537 1921 215 35 gouverne,
1792 1907 196 41 décolore,

676 1962 119 39 éteint
824 1970 84 31 tout
936 1978 42 23 ce
1004 1964 65 49 qui
1101 1965 202 40 l'entoure,
1334 1964 91 39 sauf
1455 1965 35 37 la
1518 1963 140 39 beauté
1685 1965 69 37 des
1783 1977 205 36 paysages.

675 2020 67 37 des
769 2020 187 39 animaux
985 2029 36 30 et
1049 2021 69 38 des
1144 2021 174 42 enfants,
1348 2021 92 38 sauf
1467 2035 44 24 ce
1538 2021 65 49 qui
1633 2027 70 34 est,
1731 2034 142 25 encore
1900 2022 88 48 plus

674 2077 150 48 qu'elle,
849 2078 144 48 proche
1015 2078 48 38 de
1085 2079 36 37 la
1143 2085 140 31 nature
1306 2078 115 38 sinon
1444 2078 49 38 de
1515 2078 99 39 l'art.

727 2133 111 38 Dans
874 2134 275 41 L'insoumise,
1186 2135 113 37 Bette
1334 2134 126 39 Davis
1494 2142 111 31 entre
1638 2135 99 37 dans
1771 2134 158 38 l'action
1964 2133 22 39 à

674 2191 34 37 la
737 2190 174 38 manière
939 2190 93 39 d'un
1063 2199 166 30 courant
1260 2190 109 39 d'air.
1403 2191 81 38 Son
1516 2191 171 49 premier
1718 2192 144 48 regard
1887 2205 23 24 a
1939 2192 48 37 de

671 2247 92 49 quoi
793 2247 100 38 faire
918 2248 158 49 claquer
1103 2248 54 37 les
1184 2255 144 42 portes,
1358 2261 207 25 renverser
1592 2249 54 37 les
1672 2256 91 41 pots
1790 2248 49 38 de
1865 2247 120 39 fleurs

671 2310 36 31 et
737 2303 190 39 décoiffer
956 2305 55 37 les
1038 2311 194 38 passants.
1265 2304 85 39 FIle
1379 2312 135 31 monte
1544 2318 51 25 un
1625 2305 127 49 grand
1781 2305 136 37 cheval
1947 2312 38 31 et

672 2360 51 38 lui
753 2361 193 38 malmène
975 2364 34 35 la
1037 2361 163 39 bouche.
1232 2361 105 38 Sous
1367 2375 42 24 sa
1437 2361 120 42 main.
1586 2375 78 25 une
1692 2368 186 32 monture
1906 2360 80 39 fine

672 2417 222 49 pointerait.
926 2418 85 38 Elle
1037 2418 126 45 quitte
1192 2419 55 37 les
1277 2418 113 38 rênes
1419 2425 38 31 et
1486 2432 40 23 se
1559 2418 93 45 jette
1681 2418 99 38 dans
1810 2418 54 38 les
1893 2418 92 38 bras

672 2481 258 42 respectueux
965 2475 92 38 d'un
1091 2475 103 38 valet
1227 2474 100 43 noir,
1360 2488 155 24 comme
1548 2475 70 38 elle
1651 2489 40 24 se
1724 2474 175 49 jetterait
1931 2475 52 38 du

669 2531 94 38 haut
790 2530 93 40 d'un
912 2539 108 37 pont.
1049 2532 46 47 Je
1122 2545 48 25 ne
1197 2538 142 32 trouve
1367 2545 53 24 un
1448 2540 255 31 mouvement
1731 2531 106 39 aussi
1866 2545 119 24 snon-

669 2587 101 41 tané,
808 2588 106 38 aussi
953 2588 160 39 brûlant
1151 2588 48 39 de
1239 2588 132 50 risque
1409 2601 76 32 que
1524 2590 98 36 dans
1663 2587 320 43 Beaumarchais.

668 2644 157 41 lorsque
865 2644 203 39 Chérubin
1109 2644 166 39 s'élance
1314 2658 72 36 par
1424 2645 36 38 la
1501 2644 155 39 fenêtre
1684 2657 7 25 :
1738 2659 19 22 «
1778 2645 111 38 Dans
1930 2658 53 25 un

667 2701 156 48 gouffre
854 2701 145 39 allumé
1027 2716 7 23 :
1068 2702 134 39 Suzon
1232 2702 46 38 !...
1301 2716 20 21 »
1358 2701 68 39 Un
1461 2702 133 48 rappel
1628 2715 154 24 comme
1813 2701 170 41 celui-là.

667 2758 127 38 même
824 2758 155 41 fortuit,
1007 2766 58 31 est
1092 2758 22 38 à
1141 2758 211 39 l'honneur
1379 2759 48 37 de
1455 2759 36 37 la
1520 2765 81 31 star
1628 2757 249 40 américaine.

721 2816 59 38 De
814 2823 100 32 cette
947 2817 224 50 apparition
1208 2832 80 25 aux
1326 2818 125 46 lignes
1486 2827 228 42 coupantes,
1757 2820 154 49 jusqu'à
1949 2821 33 38 la

666 2873 196 39 charrette
896 2873 116 39 finale
1045 2875 67 46 qui
1148 2883 178 41 emporte
1362 2875 190 40 l'héroïne
1588 2883 37 32 et
1661 2891 71 24 son
1768 2878 215 38 bien-aimé

667 2930 219 50 reconquis,
920 2931 206 48 pêle-mêle
1156 2946 94 25 avec
1282 2933 69 37 des
1383 2940 126 31 morts
1539 2941 37 30 et
1608 2934 69 38 des
1708 2942 220 33 mourants,
1959 2934 23 40 à

666 2993 151 32 travers
845 2988 35 37 la
908 2988 89 38 ville
1022 2988 175 39 décimée
1223 3003 72 35 par
1320 2991 35 37 la
1382 2997 121 42 peste.
1533 2991 115 38 Bette
1673 2991 126 39 Davis
1824 2991 64 39 n'a
1916 3006 67 24 sur

664 3042 144 39 l'écran
833 3044 36 37 ni
896 3044 109 49 égale
1029 3045 37 38 ni
1091 3045 139 40 émule.
1259 3047 33 37 A
1319 3047 114 42 peine
1459 3047 105 49 jolie,
1590 3048 71 38 elle
1686 3047 150 40 détient
1862 3063 119 35 pour-

665 3107 82 31 tant
779 3101 34 37 le
844 3102 169 46 pouvoir
1044 3103 47 37 de
1123 3103 164 38 devenir
1318 3103 99 38 belle
1450 3117 72 35 par
1553 3105 242 49 explosions,
1830 3105 152 50 chaque

667 3157 78 37 fois
782 3157 140 50 qu'elle
959 3158 48 39 l'a
1047 3159 143 41 résolu,
1230 3160 179 38 donnant
1447 3161 100 38 ainsi
1587 3175 80 25 aux
1707 3176 187 36 passages
1934 3164 47 37 de

663 3215 213 38 sensualité
902 3229 51 25 un
982 3217 112 48 poids
1121 3216 222 50 éphémère,
1373 3225 239 37 surprenant
1637 3226 37 31 et
1701 3219 138 49 précis.
1869 3220 113 38 Dans

662 3271 48 38 de
737 3272 141 48 pareils
903 3280 209 34 moments,
1139 3275 72 37 elle
1236 3288 62 24 me
1327 3275 173 48 rappelle
1528 3275 35 38 la
1592 3276 105 38 seule
1722 3275 259 41 comédienne

665 3328 196 42 française
889 3329 65 50 qui
984 3329 136 51 l'égale
1148 3344 101 36 pour
1276 3332 35 37 la
1340 3331 139 39 liberté
1507 3332 48 37 de
1583 3341 288 33 mouvements.
1901 3333 79 39 l'ir-

664 3384 157 40 réfléchi
851 3386 53 39 du
932 3394 109 41 geste
1068 3387 119 48 juste,
1216 3388 48 38 de
1292 3389 36 37 la
1358 3387 211 40 démarche
1597 3397 36 31 et
1663 3390 48 38 de
1738 3390 164 40 l'accent
1928 3414 54 6 —

662 3444 67 49 j'ai
758 3445 158 39 nommé
943 3447 212 39 Valentine
1181 3448 172 38 Tessier.

713 3502 176 50 J'espère
916 3505 146 50 qu'une
1091 3508 93 38 salle
1213 3508 225 45 parisienne
1468 3510 189 39 s'avisera
1686 3513 48 37 de
1765 3514 214 44 reprendre

664 3559 275 42 L'insoumise.
971 3562 130 40 Outre
1132 3565 33 37 le
1197 3565 143 49 public,
1373 3567 53 37 les
1457 3567 159 39 artistes
1647 3569 48 38 de
1725 3568 152 40 cinéma
1909 3578 69 30 ont

660 3616 134 39 besoin
820 3619 225 44 d'admirer,
1070 3622 48 38 de
1141 3624 263 48 comprendre
1428 3638 44 24 ce
1496 3639 76 36 que
1600 3626 73 38 fait
1700 3627 115 39 Bette
1840 3628 137 40 Davis.

660 3673 169 40 viotente
868 3675 22 38 à
930 3677 233 43 demi-voix,
1205 3680 270 49 majestueuse
1516 3683 100 37 dans
1656 3697 43 24 sa
1741 3691 150 32 stature
1931 3686 47 37 de

661 3732 154 42 fillette.
854 3736 229 50 pathétique
1123 3752 91 24 sans
1252 3739 147 46 qu'une
1440 3741 123 38 larme
1603 3741 176 39 déborde
1818 3743 48 38 de
1907 3757 70 24 son

657 3792 126 45 grand
808 3792 62 37 œil
897 3793 192 39 exorbité.
1119 3795 86 37 Nos
1231 3795 223 51 pépinières
1480 3798 49 37 de
1554 3799 189 41 vedettes,
1770 3813 147 26 neuves
1942 3809 35 30 et

659 3849 253 43 laborieuses,
950 3861 67 29 ont
1053 3860 87 32 tout
1175 3853 23 38 à
1234 3855 235 48 apprendre.
1510 3855 107 39 Elles
1653 3865 265 34 mesureront,
1955 3858 22 38 à

660 3907 186 47 regarder
871 3908 113 39 Bette
1009 3910 136 41 Davis.
1168 3925 43 24 ce
1234 3912 65 48 qui
1326 3911 138 49 sépare
1489 3926 51 25 un
1565 3912 95 50 âpre
1684 3915 134 42 talent,
1844 3914 133 39 dédai-

657 3978 133 32 gneux
822 3967 48 37 de
901 3968 34 38 la
966 3969 346 50 grandiloquence,
1345 3971 48 38 de
1424 3972 35 37 la
1492 3971 158 39 réserve
1682 3973 99 37 dans
1811 3974 166 49 laquelle

657 4021 136 39 Garbo
832 4023 169 44 confina,
1043 4025 164 50 déguisa
1248 4041 41 23 sa
1329 4027 171 38 timidité
1540 4028 106 38 aussi
1689 4029 88 38 bien
1819 4044 76 35 que
1936 4044 40 25 sa

659 4080 158 39 relative
843 4081 277 50 impuissance.

710 4137 54 38 Le
800 4138 67 49 jeu
903 4153 48 24 en
989 4141 148 38 dedans
1188 4144 48 37 de
1286 4144 148 43 Garbo.
1487 4147 196 40 influence
1719 4164 142 25 encore
1898 4166 77 24 une

655 4193 188 49 majorité
872 4195 205 43 féminine,
1106 4212 47 25 en
1186 4200 152 40 France
1366 4216 51 25 ou
1446 4203 173 41 ailleurs.
1651 4206 56 38 Ce
1733 4220 77 36 que
1839 4208 136 39 Garbo

656 4264 23 23 n
698 4265 67 25 'osa
801 4267 81 35 pas.
918 4268 48 25 ne
1001 4263 63 31 sut
1101 4271 69 33 pas
1204 4259 271 44 extérioriser,
1511 4263 71 38 elle
1619 4278 40 24 se
1694 4264 137 40 borna,
1869 4266 29 38 si
1936 4266 40 44 je

656 4308 88 49 puis
780 4309 136 43 écrire,
953 4311 23 39 à
1014 4313 33 38 le
1084 4316 166 40 ravaler,
1289 4316 81 39 s'en
1410 4325 211 33 remettant
1656 4334 106 32 pour
1799 4323 35 37 le
1874 4332 101 26 reste

655 4364 21 38 à
709 4380 42 24 sa
783 4367 140 40 beauté
955 4370 127 43 noble,
1116 4386 42 24 sa
1191 4374 144 45 longue
1366 4375 142 39 beauté
1539 4378 66 45 qui
1639 4379 193 45 craignait
1866 4380 109 45 l'agi-

656 4423 137 39 tation.
852 4425 165 45 L'école,
1074 4429 230 40 l'obsession
1361 4433 48 38 de
1463 4432 149 43 Garbo.
1670 4437 179 46 paralyse
1905 4451 71 25 nos

657 4481 140 48 jeunes
827 4483 97 39 filles
954 4488 198 48 prodiges,
1182 4490 65 48 qui
1278 4490 111 38 n'ont
1417 4505 144 25 encore
1593 4493 81 37 rien
1708 4494 73 38 fait
1809 4496 48 37 de
1887 4509 90 35 pro-

581 4608 11 27 )
1113 4610 12 14 .

4992 3617 21 23 «
5042 3603 33 37 A
5103 3603 133 50 peine
5259 3602 123 51 jolie,
5408 3602 127 39 Bette
5558 3601 133 40 Davis
5715 3600 168 41 détient
5917 3602 48 41 le
6002 3603 193 49 pouvoir
6231 3600 56 41 de
6322 3601 185 41 devenir
6543 3603 115 41 belle
6693 3619 84 36 par
6813 3619 69 25 ex-
6913 3493 27 27 lb
6958 3493 27 26 (b
7003 3494 25 25 &-

4988 3671 218 50 plosions,
5235 3670 175 51 chaque
5436 3670 90 51 fois
5556 3670 165 50 qu'elle
5747 3670 58 40 l'a
5834 3670 166 43 résolu.
6044 3685 24 23 »
6106 3670 60 39 La
6203 3672 114 38 voici
6356 3671 55 48 (à
6448 3671 198 51 gauche)
6686 3687 194 37 presque

4988 3738 119 40 laide
5129 3753 14 34 ;
5174 3738 250 40 admirable
5456 3738 53 48 (à
5538 3738 175 48 droite).
5746 3740 97 37 rien
5873 3754 92 35 que
5998 3753 83 36 par
6120 3753 63 24 un
6220 3739 295 51 changement
6553 3739 323 52 d'expression.

5757 3794 89 37 #1fI!"
6273 3801 16 15 x
6537 3817 2 2 ■
6569 3818 14 18 »

2137 3921 176 48 digieux.
2350 3922 126 38 Notre
2506 3923 154 39 cinéma
2690 3932 155 35 tourne,
2876 3927 141 49 depuis
3047 3928 191 50 quelques
3267 3929 160 44 années,
3458 3930 48 38 de
3537 3931 99 37 bons

2139 3977 103 38 films
2289 3986 36 30 et
2377 3979 131 39 forme
2555 3981 49 38 de
2651 3983 180 38 mauvais
2882 3983 102 39 rôles
3037 3984 202 39 féminins.
3303 3986 62 38 De
3413 3986 106 39 l'une
3566 3988 70 38 des

2137 4037 135 39 mieux
2295 4038 161 44 douées,
2479 4040 49 38 de
2550 4041 35 38 la
2607 4042 88 48 plus
2717 4043 153 43 adulée,
2894 4044 23 37 il
2945 4044 117 38 faillit
3088 4044 101 39 faire
3212 4058 77 25 une
3312 4052 107 31 sorte
3442 4046 195 49 d'exoph-

2137 4095 190 50 talmique
2349 4110 81 24 aux
2455 4111 103 24 yeux
2583 4098 102 39 fixes
2706 4107 37 30 et
2765 4100 243 39 démesurés.
3038 4101 88 38 Une
3147 4108 115 32 autre
3283 4102 66 49 qui
3373 4102 151 39 affiche
3546 4103 90 38 dix-

2138 4159 85 42 sept
2249 4166 85 27 ans.
2362 4167 47 24 va
2436 4168 40 24 se
2503 4155 87 37 voir
2616 4156 180 39 confinée
2822 4159 100 37 dans
2948 4171 53 25 un
3029 4158 145 50 emploi
3201 4159 263 50 dramatique,
3494 4161 142 48 regard

2138 4211 198 39 halluciné
2363 4219 36 31 et
2430 4213 153 39 bouche
2611 4215 145 39 amère.
2790 4217 107 37 Elles
2927 4225 89 30 sont
3046 4224 91 42 trop
3167 4218 141 48 jeunes
3336 4225 38 31 et
3403 4224 93 44 trop
3524 4219 113 43 igno-

2138 4276 133 30 rantes
2298 4282 102 36 pour
2427 4269 141 51 réagir.
2599 4271 174 40 Michèle
2800 4273 111 42 Alfa,
2940 4274 30 37 si
2997 4275 72 37 elle
3095 4287 49 25 ne
3171 4287 69 26 rue
3267 4288 70 35 pas
3363 4275 100 38 dans
3488 4276 35 37 le
3549 4276 85 38 bat-

2139 4327 113 41 flanc.
2274 4335 58 31 est
2353 4329 185 39 menacée
2559 4330 220 50 également
2802 4333 191 41 d'extase,
3015 4334 48 37 de
3086 4333 171 50 rigidité,
3279 4334 48 38 de
3348 4335 285 40 contraltisme.

2136 4393 36 30 et
2198 4386 49 37 de
2271 4385 206 51 désespoir
2501 4388 231 50 chronique.
2759 4390 91 49 Que
2878 4398 155 30 va-t-on
3064 4390 102 39 faire
3191 4392 48 37 de
3264 4392 36 37 la
3325 4391 121 50 petite
3470 4392 164 49 Juliette

2139 4441 138 42 Faber,
2298 4443 65 50 qui
2385 4444 126 49 jouait
2532 4445 36 38 la
2588 4446 178 38 comédie
2787 4447 286 49 parfaitement
3093 4461 93 25 sans
3207 4447 81 39 s'en
3309 4448 142 39 douter
3465 4449 15 38 ?
3502 4449 130 38 D'une

2135 4507 114 30 autre
2275 4501 251 38 adolescente
2552 4503 67 49 qui
2649 4504 146 38 semble
2823 4504 158 39 vouloir
3009 4518 40 25 se
3076 4504 228 50 spécialiser
3332 4506 99 38 dans
3459 4507 34 36 la
3521 4520 113 24 mau-

3834 3971 111 40 |V.use
3977 3958 169 39 humeur
4174 3960 22 37 à
4227 3975 138 34 grosse
4398 3962 91 37 voix
4518 3963 15 37 ?
4567 3964 74 37 Les
4671 3965 101 37 dons
4802 3967 48 36 de
4881 3966 258 38 comédienne
5170 3967 47 38 de
5256 3968 80 42 fea-

3834 4014 95 42 !nine
3958 4016 156 50 Darcey
4151 4021 306 37 trouveront-ils
4487 4021 109 48 place
4625 4034 68 25 sur
4721 4022 115 38 scène
4863 4023 14 38 ?
4907 4023 56 38 Le
4990 4023 156 39 théâtre
5173 4034 58 28 est
5261 4038 75 24 une

3839 4073 197 43 vocation,
4061 4075 99 37 mais
4185 4077 33 37 le
4240 4076 155 39 cinéma
4417 4092 22 24 a
4462 4079 69 37 des
4553 4088 234 40 arguments
4809 4080 324 39 convaincants...

3831 4164 7 87 1
4560 4157 49 51 ^

3834 4251 3 55 j
3894 4245 92 38 Une
4019 4247 106 37 seule
4156 4246 92 40 s'est
4280 4248 210 50 échappée,
4522 4263 22 25 a
4575 4263 126 26 couru
4733 4258 90 31 tous
4855 4252 55 37 les
4943 4251 152 50 risques
5125 4275 53 4 —
5208 4251 127 39 même

3834 4304 101 59 Icelui
3965 4305 48 38 de
4043 4305 207 39 s'enrichir
4278 4330 53 4 —
4358 4309 145 38 mordu
4533 4323 62 24 ses
4624 4310 145 39 doigts,
4799 4310 52 38 bu
4882 4324 60 24 ses
4973 4311 156 42 larmes,
5159 4310 110 39 cassé
5299 4311 35 37 la

3834 4361 117 52 jbride
3975 4363 88 38 d'or
4086 4363 318 50 qu'Hollywood
4429 4366 52 38 lui
4506 4366 106 40 avait
4637 4366 138 50 passée
4799 4381 51 24 au
4875 4381 86 24 cou.
4991 4367 164 38 Simone
5182 4367 153 40 Simon.

3834 4416 75 57 !son
3937 4432 72 26 nez
4036 4420 48 38 de
4111 4421 195 49 pékinois,
4336 4436 60 24 ses
4424 4436 104 25 yeux
4557 4437 89 36 pers
4672 4424 67 49 qui
4767 4434 90 28 sont
4884 4424 31 37 si
4944 4424 142 40 beaux,
5115 4438 42 24 sa
5184 4425 151 48 grande

3835 4478 157 39 bouche
4016 4493 81 25 aux
4123 4480 111 38 coins
4261 4481 75 37 fins
4361 4490 36 29 et
4427 4481 268 42 frémissants,
4722 4490 36 31 et
4786 4496 61 24 ses
4873 4482 180 39 cheveux
5079 4483 258 38 bondissants

3837 4558 53 5 —
3920 4549 61 25 ses
4012 4536 160 50 épaules
4203 4538 48 37 de
4283 4539 162 37 robuste
4476 4539 90 40 fille,
4598 4540 54 37 les
4685 4541 166 48 longues
4882 4548 37 30 et
4950 4540 120 38 belles
5105 4540 163 43 jambes,
5301 4541 33 37 la

5543 3974 125 36 gorge
5695 3961 140 50 qu'elle
5865 3963 187 37 montrait
6081 3963 99 37 dans
6211 3964 77 37 Lac
6317 3977 81 24 aux
6427 3964 149 36 Dames
6602 3986 53 3 —
6681 3973 85 28 tout
6796 3963 81 38 cela
6906 3962 126 38 s'était

5541 4020 152 38 soumis
5717 4033 51 25 au
5796 4021 182 37 laminoir
6004 4021 298 49 d'Hollywood.
6330 4029 35 30 et
6393 4035 100 24 nous
6521 4021 150 38 l'avons
6697 4020 174 50 déploré,
6898 4022 130 48 quand

5543 4077 224 38 arrivèrent
5798 4077 46 38 ici
5876 4091 62 24 ses
5969 4078 192 49 premiers
6191 4078 103 37 films
6323 4078 246 38 américains.
6603 4078 54 38 Ce
6685 4091 76 36 que
6791 4091 100 25 nous
6920 4078 112 48 igno-

5547 4137 119 40 rions,
5690 4136 95 39 c'est
5809 4137 118 49 qu'au
5952 4137 79 37 loin
6055 4138 72 38 elle
6151 4136 172 39 résistait
6347 4138 48 37 de
6419 4150 70 26 son
6514 4136 150 46 mieux,
6687 4136 141 50 qu'elle
6852 4136 180 49 pleurait,

5542 4201 38 30 et
5608 4194 234 48 languissait
5870 4194 94 38 d'un
5995 4195 76 37 mal
6099 4194 80 49 qui.
6209 4195 98 37 dans
6336 4203 89 30 tous
6454 4195 55 37 les
6537 4207 96 36 pays
6661 4194 53 37 du
6743 4193 157 43 monde,
6930 4192 101 49 s'ap-

5546 4252 99 48 pelle
5672 4252 34 37 le
5734 4252 75 37 mal
5839 4252 52 37 du
5922 4265 107 36 pays.
6061 4251 67 39 On
6158 4259 159 30 raconte
6344 4265 88 36 que,
6461 4264 69 25 sur
6557 4251 34 37 le
6618 4250 155 38 chemin
6804 4250 52 38 du
6887 4257 146 34 retour,

5542 4323 47 26 en
5624 4325 76 24 vue
5735 4311 69 38 des
5838 4311 108 38 côtes
5986 4311 228 45 françaises.
6253 4311 164 38 Simone
6453 4310 139 38 Simon
6628 4309 163 42 cachait,
6827 4308 205 39 enfermée

5545 4369 100 37 dans
5673 4381 42 25 sa
5742 4368 150 46 cabine,
5922 4382 60 25 ses
6012 4369 142 37 larmes
6183 4368 182 38 d'enfant
6395 4367 231 50 prodigue...
6658 4367 58 37 La
6744 4365 106 39 voilà
6859 4380 68 37 __au
6955 4373 79 30 tra-

5545 4426 90 45 vail,
5664 4425 249 39 inutilement
5941 4425 120 39 teinte
6088 4438 48 25 en
6163 4425 127 38 brune
6315 4447 53 4 —
6394 4424 52 38 où
6474 4424 34 38 le
6536 4431 151 42 respect
6715 4423 69 38 des
6809 4430 130 31 textes
6967 4436 67 25 va-

5545 4484 60 38 t-il
5635 4497 40 24 se
5702 4484 136 38 nicher
5864 4484 15 38 ?
5904 4507 52 4 —
5982 4483 99 38 mais
6107 4483 112 50 point
6246 4482 186 50 changée.
6461 4483 92 38 Une
6582 4495 240 26 savoureuse
6850 4480 185 51 inégalité

5543 4548 58 31 est
5622 4554 48 25 en
5690 4541 84 46 elle,
5796 4540 165 39 l'ombre
5980 4549 38 30 et
6040 4542 35 37 la
6095 4541 164 38 lumière
6281 4553 68 26 sur
6369 4553 72 25 son
6463 4539 136 50 visage
6619 4539 192 38 semblent
6833 4537 201 52 dépendre
7082 4557 10 8 -
