7618 5004
1557 487 375 38 COLETTE
1976 487 151 39 DIT
2168 497 22 28 :

1936 628 22 104 JE
1958 628 37 104 SUIS
1995 628 37 104 BIEN
2032 628 37 104 CHEZ
2069 628 29 104 MOI
2098 628 22 104 ET
2120 628 48 104 VOUS?

5619 443 242 26 COLETTE
5872 445 128 26 SAIT
6016 448 175 31 VIVRE,
6209 450 101 25 CAR
6325 452 139 25 ELLE
6483 454 140 24 AIME
6641 455 207 25 VIVRE...
6871 458 191 25 L'EXIS-

5620 505 185 32 TENCE,
5822 507 140 25 ELLE
5975 509 71 24 EN
6057 511 238 25 ADOUCIT
6307 514 99 24 LES
6417 514 278 27 RUDESSES
6708 518 72 23 EN
6791 518 274 27 TAMISANT

5616 566 68 24 LA
5706 563 248 30 LUMIÈRE
5973 571 72 23 ET
6062 572 72 23 EN
6153 573 325 33 COMBINANT,
6500 577 138 24 AVEC
6656 578 100 24 LES
6771 579 290 33 COULEURS,

5618 628 72 23 DE
5743 629 182 25 BEAUX
5985 633 242 26 ACCORDS
6283 636 277 26 SOUTENUS
6613 640 70 23 ET
6735 641 326 25 REPOSANTS.

5617 689 156 25 LISEZ
5811 692 64 23 CE
5907 693 224 30 QU'ELLE
6166 696 131 24 VOUS
6338 698 95 24 DIT
6463 699 70 24 ET
6565 700 253 26 TIREZ-EN
6849 704 213 24 PROFIT.

860 560 684 384 JlÉlili
2256 632 388 108 S'JIS
2748 632 272 108 iEII
3092 632 100 104 V
3280 668 12 44 '

1472 1003 8 15 v
1504 1008 23 23 Vi
1609 987 23 37 y
1663 981 61 30 est
1747 972 7 39 '
1788 972 76 52 J'ai
1897 986 56 24 un
1983 981 289 43 appartement
2295 971 7 39 !

1294 1018 27 78 I
1335 1027 11 51 ^
1361 1067 7 29 i
1398 1030 96 66 iïîffiv
1612 1034 111 39 C'est
1758 1047 57 25 un
1850 1034 56 39 cri
1942 1033 51 39 de
2028 1033 187 39 victoire.
2254 1034 56 38 Le
2346 1032 72 40 fait
2454 1032 163 39 d'avoir
2652 1033 117 52 signé
2804 1047 58 24 un
2897 1044 279 42 engagement
3211 1041 51 31 de

1293 1108 26 34 ^
1481 1112 38 36 ri
1557 1095 184 40 location
1774 1109 108 25 nous
1917 1094 170 40 confère
2122 1119 54 4 —
2208 1108 111 33 pour
2352 1109 57 25 un
2443 1104 134 37 temps
2614 1119 53 3 —
2701 1095 124 39 l'âme
2859 1094 71 40 des
2965 1098 295 49 conquérants,

848 1146 323 71 flfLf
1320 1191 33 26 m
1437 1146 25 68 I
1510 1146 9 66 !
1557 1167 94 30 tout
1682 1172 50 24 au
1765 1158 137 38 moins
1936 1156 71 40 des
2040 1157 315 39 colonisateurs.

836 1217 68 56 ml
933 1212 34 61 ni
1613 1220 188 39 —...Un
1837 1233 162 30 amour,
2036 1233 82 25 une
2155 1219 111 39 vraie
2304 1218 251 40 trouvaille!
2594 1219 124 38 Deux
2754 1218 217 40 chambres
3008 1221 21 37 à
3066 1219 195 44 coucher,

828 1273 57 114 Ê
920 1269 259 118 ILJÏÉS
1203 1287 56 100 Y)
1556 1282 292 53 living-room,
1882 1281 37 39 la
1950 1282 157 39 cuisine
2142 1305 54 4 —
2227 1295 58 25 un
2317 1294 81 41 peu
2431 1281 141 53 petite,
2607 1282 101 38 mais
2742 1283 80 38 très
2856 1281 121 40 claire
3011 1306 53 4 —
3096 1282 37 39 la
3166 1282 97 39 salle

828 1428 37 27 t
873 1405 292 53 l£33333=0=
1185 1396 17 33 '
1612 1406 92 39 Une
1729 1405 96 40 salle
1851 1407 21 37 à
1897 1420 173 39 manger
2088 1406 18 39 ?
2131 1406 38 39 A
2195 1406 116 53 quoi,
2339 1405 51 39 de
2416 1419 76 25 nos
2519 1406 128 50 jours,
2674 1415 82 29 sert
2781 1420 81 25 une
2888 1405 97 40 salle
3010 1407 21 37 à
3057 1420 173 40 manger
3248 1406 17 39 ?

832 1467 39 40 M
1629 1467 66 40 l'ai
1721 1468 121 39 biffée
1944 1482 87 25 mes
2058 1467 350 49 revendications,
2435 1468 27 38 il
2488 1483 24 37 y
2537 1482 21 25 a
2584 1482 81 25 une
2691 1469 203 39 trentaine
2920 1468 209 39 d'années.
3159 1469 106 39 Mais

1556 1544 81 25 une
1662 1530 105 39 amie
1793 1530 72 52 qui
1890 1544 23 25 a
1937 1543 103 26 mon
2069 1532 75 50 âge
2170 1531 170 52 soupire
2360 1545 7 24 :
2395 1543 21 25 «
2442 1530 149 39 C'était
2615 1531 32 38 si
2673 1530 227 39 commode
2926 1543 110 40 pour
3061 1531 35 39 le
3132 1544 134 39 repas-

887 1581 165 71 ^*7^^
1093 1581 81 63 /J!j
1247 1581 5 53 I
1278 1584 36 44 L
1557 1606 110 39 sage,
1698 1601 41 30 et
1769 1593 93 52 puis
1894 1606 56 25 on
1981 1607 25 38 y
2034 1592 197 39 installait
2262 1592 223 39 l'ouvrière
2516 1606 51 25 en
2599 1593 237 51 journées...
2862 1607 22 23 »

918 1660 56 30 -S
1139 1678 53 4 —
1215 1685 37 8 ...
1283 1656 53 36 Et
1362 1655 108 52 puis,
1499 1664 246 29 tenez-vous
1774 1653 110 49 bien,
1911 1654 29 39 il
1966 1668 24 38 y
2010 1668 22 25 a
2052 1655 122 47 aussi,
2195 1654 28 39 il
2244 1669 24 37 y
2288 1668 21 25 a
2330 1663 166 30 surtout
2516 1668 82 25 une
2625 1664 186 38 terrasse,
2842 1655 100 39 mais
2971 1654 108 40 alors
3107 1670 82 24 une
3217 1655 50 40 de

1083 1730 65 24 ces
1177 1725 192 30 terrasses
1394 1716 6 39 !
1431 1716 66 39 De
1524 1717 102 52 quoi
1654 1731 24 37 y
1705 1725 148 30 mettre
1880 1725 145 44 quatre
2052 1715 208 49 fauteuils,
2288 1730 83 25 une
2399 1715 122 49 table,
2550 1716 71 39 des
2650 1717 147 39 caisses
2825 1718 22 37 à
2874 1717 167 39 fleurs...
3078 1718 71 51 J'ai
3178 1717 90 54 déjà

1082 1778 101 38 écrit
1211 1791 52 25 en
1290 1777 249 54 Angleterre
1567 1791 111 40 pour
1705 1779 119 39 avoir
1852 1778 71 39 des
1952 1779 163 52 graines
2146 1778 50 39 de
2225 1779 93 53 pois
2349 1778 50 40 de
2429 1788 178 30 senteur.
2640 1778 240 49 Comment,
2910 1793 109 25 vous
3048 1793 52 26 ne
3129 1781 136 39 saviez

1082 1852 72 41 pas
1176 1853 81 41 que
1276 1840 57 39 les
1353 1839 94 54 plus
1468 1839 134 41 beaux
1622 1841 93 53 pois
1737 1840 50 40 de
1808 1850 168 30 senteur
1995 1841 201 39 viennent
2216 1840 294 55 d'Angleterre
2530 1841 17 39 ?
2568 1841 213 53 Déjeuner
2801 1841 171 49 là-haut,
2994 1855 51 26 au
3066 1843 200 53 septième

1082 1916 46 25 ce
1157 1915 88 26 sera
1273 1901 210 50 adorable,
1514 1902 301 40 adddorable...

1136 1964 120 39 Vous
1287 1978 134 39 voyez
1452 1978 81 41 que
1564 1966 36 52 je
1632 1966 77 38 sais
1741 1965 36 39 le
1808 1966 171 53 couplet
2009 1979 74 40 par
2112 1980 125 25 cœur.
2271 1966 48 52 Je
2352 1966 64 39 l'ai
2449 1966 244 40 moi-même
2725 1965 283 41 brillamment
3047 1967 138 40 débité
3244 1970 21 38 à

1083 2025 237 41 l'occasion.
1355 2026 158 41 Toutes
1545 2027 56 40 les
1632 2028 263 49 expériences
1927 2029 71 48 qui
2030 2038 186 39 peuvent
2245 2028 171 48 former,
2449 2030 21 37 à
2501 2043 62 25 ses
2596 2041 173 36 propres
2802 2028 171 49 dépens,
3005 2029 36 40 le
3072 2030 193 40 locataire

576 3536 107 20 C'EST
711 3537 41 18 LA
775 3530 170 26 FENÊTRE

651 3576 57 19 DES
731 3577 140 20 PIGEONS.

1665 2089 179 49 modèle,
1878 2091 36 52 je
1947 2090 57 39 les
2037 2091 36 38 ai
2107 2092 170 38 tentées.
2314 2091 100 48 Oui,
2449 2091 66 53 j'ai
2548 2092 133 52 quitté
2716 2091 319 53 l'appartement
3067 2106 110 40 pour
3210 2107 56 24 un

1665 2162 94 29 tout
1792 2153 105 52 petit
1931 2152 115 40 hôtel
2084 2168 21 23 «
2126 2152 88 40 bon
2251 2153 166 39 marché
2441 2168 36 34 »,
2514 2155 55 37 où
2609 2168 21 23 «
2652 2167 57 25 on
2745 2168 42 25 se
2822 2164 92 29 sent
2948 2153 100 40 chez
3084 2156 62 38 soi
3171 2170 21 23 »
3227 2165 41 30 et

1665 2214 172 40 délaissé
1862 2214 145 40 l'hôtel
2031 2228 122 41 parce
2178 2229 82 40 que
2284 2216 146 39 l'hôtel
2455 2225 61 31 est
2542 2231 21 23 «
2586 2216 176 39 ruineux
2786 2232 21 23 »
2832 2225 41 31 et
2899 2232 21 23 «
2942 2217 132 53 qu'on
3101 2232 23 38 y
3148 2231 119 40 passe

1664 2291 78 26 son
1782 2287 135 44 temps
1959 2277 102 40 dans
2102 2278 199 40 l'escalier
2323 2293 34 25 ».
2396 2279 94 52 Oui
2531 2279 66 53 j'ai
2643 2278 155 54 adopté
2836 2279 36 39 le
2909 2279 358 41 rez-de-chaussée

1664 2352 120 41 parce
1813 2354 81 39 que
1925 2355 20 23 «
1968 2341 101 39 c'est
2096 2340 213 40 tellement
2335 2342 193 53 pratique
2544 2356 35 34 »,
2608 2342 94 53 puis
2723 2342 36 53 je
2779 2341 67 40 l'ai
2867 2341 59 40 fui
2946 2355 122 41 parce
3089 2343 71 53 qu'
3174 2357 21 23 «
3211 2357 56 25 on

1664 2416 51 26 ne
1745 2403 61 39 vit
1834 2415 72 41 pas
1936 2402 103 40 dans
2069 2417 82 25 une
2180 2417 100 26 cave
2305 2419 34 24 ».

1717 2464 135 54 Après
1884 2466 101 53 quoi
2017 2466 66 52 j'ai
2113 2467 134 52 prôné
2278 2466 89 39 l'air
2395 2479 81 41 pur
2506 2466 71 40 des
2608 2467 142 49 cimes,
2781 2467 37 39 le
2848 2467 171 40 confort
3048 2468 217 49 moderne,

1663 2537 40 29 et
1726 2528 67 52 j'ai
1818 2542 51 25 eu
1893 2528 484 54 l'appartement-studio
2402 2543 51 25 au
2479 2529 200 40 huitième
2703 2532 133 51 étage,
2862 2530 37 39 la
2924 2531 341 53 terrasse-jardin,

1663 2589 71 40 des
1762 2589 110 41 baies
1898 2591 240 49 immenses,
2165 2604 180 41 presque
2371 2605 72 40 pas
2471 2592 50 40 de
2548 2605 129 35 murs,
2705 2592 36 39 la
2766 2592 114 54 pluie
2906 2592 51 40 de
2983 2592 187 41 charbon
3198 2608 70 25 sur

1662 2666 86 26 mes
1777 2653 157 39 zinnias
1964 2662 40 30 et
2032 2653 57 40 les
2119 2654 224 40 tartelettes
2380 2653 56 40 du
2471 2656 166 52 goûter,
2675 2655 216 54 l'ouragan
2930 2657 21 38 à
2986 2655 211 50 domicile,
3227 2667 40 29 et

1658 2715 187 53 pendant
1879 2715 56 41 les
1971 2715 133 41 froids
2139 2717 204 53 j'écrivais
2380 2716 102 41 dans
2520 2732 101 25 mon
2658 2718 45 39 lit
2738 2732 81 26 une
2854 2717 129 41 boule
3020 2733 79 25 aux
3132 2718 133 55 pieds.

2436 2779 46 44 ★

1715 2841 152 40 Douze
1897 2841 300 55 changements
2227 2841 52 41 de
2309 2842 198 40 domicile
2536 2857 52 26 en
2617 2844 319 54 quarante-cinq
2967 2858 87 35 ans,
3085 2859 46 25 ce
3161 2846 107 39 n'est

1660 2916 71 40 pas
1761 2903 187 40 excessif.
1979 2904 167 54 Auprès
2178 2904 51 40 de
2259 2906 174 39 certains
2464 2907 103 38 amis
2598 2907 202 38 casaniers
2832 2930 55 4 —
2916 2907 36 51 je
2982 2908 171 38 connais
3184 2921 82 26 une

1659 2965 157 40 femme
1849 2968 72 52 qui
1954 2968 147 53 naquit
2134 2966 102 41 dans
2270 2967 260 41 l'immeuble
2564 2968 152 54 qu'elle
2749 2967 140 41 habite
2922 2983 153 26 encore
3099 2970 7 39 !
3147 2994 55 4 —
3234 2971 37 53 je

1659 3028 75 40 fais
1764 3028 134 54 figure
1928 3028 334 55 d'exploratrice,
2292 3043 181 41 presque
2502 3030 51 40 de
2582 3032 233 53 pionnière.
2848 3032 73 38 On
2949 3034 150 37 écoute
3131 3048 20 23 «
3174 3033 93 39 Mes

1649 3101 220 31 aventures
1898 3105 71 26 sur
1995 3092 38 39 la
2060 3093 88 39 rive
2175 3092 163 54 gauche
2361 3108 21 24 »
2411 3103 40 30 et
2481 3109 21 23 «
2525 3093 145 40 Treize
2698 3107 72 26 ans
2799 3093 102 41 dans
2929 3094 37 40 le
2995 3095 127 39 XVIe
3146 3111 35 31 »,
3211 3110 57 25 ou

1649 3152 97 41 bien
1787 3169 21 24 «
1831 3154 56 40 les
1916 3154 157 40 Ternes
2101 3169 53 26 en
2191 3155 101 54 igo6
2317 3171 66 25 »...
2421 3156 69 39 Un
2528 3158 151 38 intérêt

1648 3215 317 42 documentaire
2001 3217 285 41 s'attache-t-il
2333 3231 110 41 pour
2491 3219 57 40 les
2598 3219 78 40 lec-

1651 3280 119 38 trices
1809 3279 52 40 de
1893 3279 282 41 Marie-Claire
2207 3283 22 37 à
2262 3295 87 26 mes
2383 3283 294 53 prospections

1648 3341 284 54 personnelles
1952 3343 18 39 ?
1997 3343 49 53 Je
2085 3344 158 39 n'aurai
2282 3343 113 41 donc
2429 3358 72 41 pas
2540 3344 140 41 démé-

1649 3407 107 51 nagé
1786 3419 52 25 en
1868 3406 111 39 vain.

1704 3467 69 39 Un
1799 3477 292 44 appartement
2116 3470 179 53 parisien
2323 3471 81 47 n'a,
2426 3485 51 25 en
2498 3484 178 35 somme,

1075 3538 81 40 que
1180 3527 80 38 très
1284 3539 83 41 peu
1391 3527 51 40 de
1465 3529 112 39 vices
1602 3528 308 51 rédhibitoires,
1935 3540 41 30 et
1999 3545 45 26 ce
2068 3542 97 29 sont
2188 3533 194 53 toujours
2407 3533 56 40 les
2488 3534 158 39 mêmes
2672 3549 7 24 :

1075 3587 35 40 le
1130 3587 125 50 bruit,
1276 3589 36 39 la
1333 3590 188 40 minceur
1539 3590 71 41 des
1630 3592 199 49 cloisons,
1850 3607 57 25 un
1927 3593 216 55 chauffage
2162 3595 236 40 insuffisant
2416 3605 40 30 et
2475 3595 206 41 l'absence

1074 3649 71 40 des
1172 3650 249 42 cheminées.
1450 3653 49 52 Je
1525 3653 188 41 n'oublie
1738 3668 73 40 pas
1838 3655 36 40 le
1900 3657 102 52 pire,
2029 3658 73 53 qui
2128 3667 62 30 est
2215 3658 287 40 l'orientation
2528 3658 150 41 froide.

1074 3712 172 41 Tourné
1264 3728 93 25 vers
1376 3715 37 39 le
1430 3715 126 40 Nord
1573 3726 41 29 et
1631 3716 36 40 le
1685 3717 237 50 Nord-Est,
1942 3733 57 24 un
2017 3719 108 54 logis
2144 3720 313 54 agréablement
2474 3723 204 38 construit

1074 3775 157 40 semble
1270 3776 145 54 frappé
1455 3777 127 41 d'une
1622 3779 270 40 malédiction
1932 3784 167 38 secrète.
2140 3783 72 39 Du
2255 3783 269 54 Septentrion
2573 3799 105 25 nous

1074 3838 202 40 viennent
1310 3853 82 26 une
1427 3841 179 40 certaine
1643 3842 199 40 méfiance
1877 3843 52 40 de
1963 3846 304 48 nous-mêmes,
2305 3847 55 39 les
2399 3862 21 23 «
2442 3848 37 52 je
2514 3861 52 26 ne
2601 3848 78 39 sais

1074 3912 71 40 pas
1174 3915 45 25 ce
1247 3915 81 40 que
1354 3903 68 53 j'ai
1446 3918 35 34 »,
1510 3903 56 40 les
1593 3907 207 51 prétextes
1829 3920 82 40 que
1938 3920 108 27 nous
2075 3921 108 27 nous
2212 3908 200 40 donnons
2440 3923 52 26 en
2519 3925 82 24 vue
2629 3910 51 40 de

1074 3964 125 38 sortir
1216 3964 287 53 l'après-midi,
1523 3965 52 41 de
1592 3979 142 41 passer
1751 3967 36 40 la
1805 3969 134 39 soirée
1957 3969 99 40 hors
2075 3970 52 40 de
2145 3970 100 40 chez
2264 3985 123 36 nous,
2407 3972 36 39 le
2462 3973 218 39 maussade

1074 4026 168 39 accueil.
1282 4027 104 39 Rien
1421 4029 97 53 qu'à
1552 4028 178 50 l'odeur,
1766 4045 58 24 un
1859 4041 144 44 expert
2038 4057 55 4 —
2127 4034 100 39 c'est
2262 4035 87 39 moi
2386 4034 174 55 l'expert
2595 4060 55 4 —

1075 4088 215 40 reconnaît
1325 4103 82 26 une
1441 4090 198 41 chambre
1675 4094 57 37 où
1767 4093 36 39 le
1838 4094 119 39 soleil
1991 4095 162 40 n'entre
2187 4110 87 40 pas.
2312 4097 157 40 Tandis
2505 4112 83 40 que
2624 4098 55 40 les

1074 4151 135 52 pièces
1243 4154 199 51 exposées
1475 4167 51 25 au
1559 4153 79 41 sud
1670 4155 177 39 fleurent
1878 4157 194 53 toujours
2105 4172 58 25 un
2195 4171 83 41 peu
2310 4159 37 40 le
2378 4159 67 40 blé
2478 4160 132 49 battu,
2645 4161 35 40 le

1073 4214 166 52 grenier
1279 4213 148 41 chaud.
1470 4216 73 38 Du
1583 4216 78 40 sud
1701 4227 41 29 et
1781 4217 51 41 de
1871 4219 167 50 l'ouest,
2080 4232 227 29 accourent
2348 4222 54 40 les
2443 4237 167 39 rayons,
2645 4224 35 39 la

1075 4275 212 40 meilleure
1318 4276 127 54 pluie,
1478 4278 56 40 les
1568 4288 120 31 vents
1721 4280 145 50 tièdès,
1899 4296 82 25 une
2014 4283 121 53 jaune
2167 4284 174 40 lumière
2373 4286 305 49 ensoleilleuse,

1073 4337 181 40 l'ardeur
1291 4348 40 30 et
1367 4339 37 39 la
1439 4353 166 41 paresse
1642 4352 99 30 tour
1777 4345 22 37 à
1836 4353 111 40 tour,
1986 4355 97 30 tous
2122 4346 56 40 les
2218 4361 169 27 secours
2426 4350 249 51 mystérieux

1072 4409 41 30 et
1146 4401 214 53 simples...

1128 4463 113 39 Pour
1270 4463 36 40 le
1335 4463 125 51 bruit,
1491 4480 45 26 ce
1565 4467 107 40 n'est
1700 4481 72 40 pas
1803 4469 105 40 celui
1938 4470 55 40 du
2025 4470 152 41 dehors
2217 4473 102 54 qu'il
2358 4473 87 40 faut
2483 4474 198 41 craindre.

3396 2995 309 24 DAGUERRÉOTYPE
3729 3000 38 19 DE

3395 3039 78 19 MON
3508 3033 113 29 PÈRE.
3656 3042 52 18 JUl
3718 3041 49 19 ES-

3393 3078 119 20 JOSEPH
3526 3079 148 26 COLETTE,
3688 3081 80 19 CAPI-

3393 3120 88 18 TAINE
3502 3120 37 19 AU
3562 3119 34 20 Ier
3617 3121 150 20 ZOUAVES.

4440 985 177 52 J'avoue
4645 988 156 53 qu'une
4830 992 176 38 certaine
5034 991 187 41 douceur
5249 1006 64 26 me
5340 994 120 39 berce
5488 1009 50 24 au
5567 1008 169 38 passage
5765 997 70 39 des
5865 1000 197 43 camions,
6092 1014 80 35 que
6202 1000 53 39 les
6285 1002 162 39 cloches
6476 1013 39 28 et
6542 1003 55 40 les

4440 1047 77 40 cris
4544 1047 27 40 d
4590 1049 181 50 'oiseaux,
4799 1050 37 40 la
4861 1053 100 39 voix
4987 1056 171 38 énorme
5185 1054 126 41 d'une
5336 1055 110 46 ville,
5474 1070 81 27 une
5582 1071 102 26 cour
5710 1057 158 41 d'école
5895 1074 50 24 en
5972 1060 134 50 pleine
6132 1062 296 38 effervescence
6455 1078 50 22 ne
6533 1078 63 23 me

4439 1108 94 41 font
4559 1122 71 35 pas
4658 1123 114 32 peur.
4802 1113 207 42 Peut-être
5036 1116 36 40 le
5098 1116 93 53 plus
5217 1117 244 41 intolérable
5488 1118 71 41 des
5587 1133 97 26 sons
5712 1123 115 49 après
5856 1122 35 38 la
5919 1122 46 39 T.
5992 1122 36 39 S.
6052 1124 42 38 F.
6123 1134 39 29 et
6189 1125 36 38 la
6251 1134 101 30 toux
6380 1125 54 39 du
6462 1128 136 38 voisin

3937 2582 41 18 MA
3999 2582 106 24 TABLE,
4128 2582 41 18 MA
4193 2583 115 18 CHATTE

3937 2622 39 18 ET
4016 2622 47 18 MA
4094 2622 142 19 LAMPE.
4270 2624 38 18 LA

3936 2662 114 18 CHATTE
4083 2662 35 18 ET
4148 2663 31 18 LA
4208 2664 99 18 LAMPE

4004 2701 80 19 SONT
4115 2703 127 19 BLEUES.

5020 1178 109 40 est-il
5147 1179 104 40 celui
5269 1179 51 40 de
5337 1189 120 31 notre
5474 1193 154 43 propre
5646 1196 123 35 cœur,
5789 1197 108 39 pour
5914 1197 80 40 peu
6013 1199 80 39 que
6111 1186 35 38 la
6164 1186 125 40 fièvre
6307 1198 39 28 et
6364 1187 235 42 l'insomnie

5021 1240 247 41 cravachent
5302 1255 42 26 sa
5378 1256 146 27 course
5559 1245 21 38 à
5615 1243 107 41 deux
5758 1254 175 45 temps...
5971 1247 186 39 Pendant
6191 1262 80 40 que
6306 1249 202 53 j'habitais
6543 1265 56 25 un

5020 1302 355 42 rez-de-chaussée
5400 1319 78 25 aux
5503 1305 169 49 Ternes,
5700 1307 35 39 la
5761 1321 70 26 rue
5857 1309 194 39 nouvelle
6076 1310 202 49 s'édifiait,
6304 1312 174 53 jonglait
6502 1327 99 25 avec

5021 1364 55 40 les
5113 1366 221 49 moellons,
5370 1366 56 40 les
5462 1378 170 43 poutres
5669 1368 49 40 de
5754 1369 73 49 fer,
5864 1384 66 25 ma
5971 1371 208 49 chambre,
6207 1372 173 41 fenêtres
6408 1385 193 29 ouvertes

5022 1426 177 41 derrière
5217 1427 56 40 les
5292 1430 236 52 persiennes
5548 1430 145 49 closes,
5713 1432 225 39 accueillait
5957 1433 55 39 les
6031 1432 168 41 boueux
6217 1444 39 29 et
6274 1435 55 39 les
6349 1436 253 40 travailleurs

5021 1488 57 40 du
5108 1488 218 51 bâtiment,
5358 1492 85 53 qui,
5464 1493 97 39 assis
5593 1507 70 24 sur
5692 1507 77 25 son
5800 1493 166 49 rebord,
5993 1495 295 54 échangeaient
6316 1498 21 38 à
6368 1498 133 39 l'aube
6532 1498 70 40 des

5023 1550 290 42 observations
5345 1554 396 55 météorologiques.
5775 1556 68 40 Un
5873 1555 96 41 bain
6000 1556 49 41 de
6081 1558 175 40 tumulte
6288 1558 95 40 bien
6414 1570 192 44 compact

5022 1627 23 26 a
5066 1613 56 41 les
5145 1624 141 31 vertus
5310 1615 126 41 d'une
5458 1631 96 26 cure
5577 1616 49 41 de
5649 1618 162 40 silence.

5832 1663 44 42 ★

5070 1716 92 39 Mes
5199 1716 182 41 lectrices
5420 1719 319 53 m'objecteront
5775 1735 81 38 que
5893 1724 33 38 le
5963 1734 120 41 quart
6118 1725 125 40 d'une
6278 1727 96 39 ville
6410 1729 21 38 à
6466 1730 133 49 peine,

5017 1777 171 54 regarde
5210 1779 36 40 le
5268 1779 77 40 sud
5367 1795 55 25 ou
5445 1781 162 41 l'ouest.
5632 1784 46 51 Je
5700 1783 36 40 le
5758 1785 75 38 sais
5857 1784 107 40 bien.
5989 1785 110 40 C'est
6120 1789 21 37 à
6163 1787 193 54 l'experte
6377 1804 52 24 en
6449 1794 149 36 emmé-

5016 1851 246 42 nagements
5294 1841 50 40 de
5375 1856 42 27 se
5448 1846 111 37 créer
5589 1844 70 40 des
5691 1848 337 51 compensations
6060 1858 39 30 et
6130 1849 274 54 d'apprendre
6435 1854 20 37 à
6486 1853 115 51 jouer
6635 1850 7 23 ;

5016 1915 100 26 avec
5151 1902 56 41 les
5243 1904 204 41 couleurs.
5484 1906 189 40 Habillez
5707 1907 50 41 de
5791 1918 90 30 vert
5914 1909 93 53 pâle
6041 1925 80 25 une
6154 1913 114 52 pièce
6302 1916 173 37 tournée
6508 1929 91 25 vers

5015 1963 37 40 le
5073 1965 124 55 ^nord
5233 1981 8 25 :
5277 1981 82 26 une
5392 1968 166 53 pareille
5592 1970 270 53 imprudence
5897 1971 140 41 donne
6072 1976 112 38 accès
6219 1976 21 38 à
6274 1975 36 39 la
6344 1976 253 41 mélancolie.

5075 2028 57 39 Le
5158 2027 96 41 bleu
5280 2029 94 54 pâle
5400 2044 51 26 ne
5477 2041 100 30 vaut
5601 2034 127 52 guère
5755 2034 137 39 mieux
5906 2047 109 40 pour
6029 2035 168 55 l'esprit.
6218 2038 70 38 On
6308 2052 51 25 ne
6375 2038 139 41 donne
6529 2053 70 40 pas

5017 2103 56 26 un
5105 2104 111 39 coup
5247 2091 51 40 de
5328 2092 142 40 collier
5500 2093 100 41 dans
5632 2094 56 40 du
5719 2095 94 40 bleu
5845 2096 160 48 céleste,
6037 2099 40 38 ni
6109 2098 99 41 dans
6240 2114 45 25 ce
6315 2111 90 29 vert
6435 2102 56 38 nil
6521 2116 80 38 que

5017 2152 269 41 recherchent
5330 2169 151 26 encore
5528 2158 173 39 certains
5746 2160 286 51 pensionnats,
6078 2160 56 41 les
6180 2162 325 41 établissements
6552 2164 50 40 de

5017 2213 116 42 bains
5159 2225 40 30 et
5224 2216 56 40 les
5306 2217 183 41 couloirs
5516 2218 71 40 des
5613 2219 213 54 hôpitaux.
5855 2221 47 52 Je
5928 2235 50 27 ne
6004 2223 134 40 confie
6163 2237 51 26 au
6239 2224 95 40 bleu
6360 2226 132 53 qu'un
6517 2226 85 40 rôle

5016 2277 227 41 accidentel
5265 2294 7 25 :
5309 2279 36 40 la
5379 2280 135 55 lampe
5550 2280 133 50 bleue,
5713 2282 36 40 le
5784 2282 169 41 fauteuil
5984 2285 193 53 crapaud,
6205 2286 55 40 les
6294 2287 168 40 rideaux
6487 2288 115 40 bleus

5017 2349 97 30 sont
5135 2341 208 41 aimables.
5369 2342 57 40 Ce
5448 2358 81 39 que
5552 2358 107 26 vous
5683 2346 144 39 retirez
5850 2360 51 25 au
5924 2348 105 48 noir,
6055 2347 221 41 donnez-le
6299 2364 50 25 au
6373 2349 229 48 bleu-noir;

5025 2403 101 39 ainsi
5173 2403 133 41 faisait
5357 2419 81 26 une
5490 2408 249 39 costumière
5791 2407 50 41 de
5893 2410 133 52 génie,

5024 2465 118 40 Mme
5175 2466 205 50 Landolff,
5411 2467 100 41 dans
5546 2469 51 40 de
5630 2469 132 41 beaux
5795 2471 230 41 ensembles

5025 2527 51 40 de
5115 2527 158 50 ballets,
5309 2531 150 46 qu'elle
5498 2533 134 39 créait.
5676 2534 76 39 Les
5793 2548 231 27 ressources

4439 2587 286 53 d'optimisme
4771 2589 289 53 qu'accumule
5106 2591 37 39 la
5188 2592 172 40 couleur
5406 2607 145 41 rouge,
5599 2609 106 26 nous
5752 2596 56 40 les
5862 2596 165 42 diluons

4439 2648 269 53 aujourd'hui
4728 2650 101 40 dans
4850 2650 56 40 du
4927 2651 120 41 blanc
5066 2667 86 35 cru,
5174 2655 70 53 qui
5265 2655 145 40 affame
5429 2656 36 40 le
5485 2671 186 26 cerveau.
5712 2659 55 39 La
5787 2658 241 42 décoration

4439 2710 174 41 blanche
4645 2722 41 29 et
4718 2727 145 40 rouge,
4897 2714 212 50 éclatante,
5143 2726 61 30 est
5236 2717 252 56 hygiénique
5521 2732 109 41 pour
5662 2720 35 40 le
5730 2731 178 43 passant,
5943 2737 85 25 non

4438 2786 110 41 pour
4576 2774 229 41 l'habitant.
4838 2776 75 40 Par
4942 2787 144 31 contre
5116 2793 56 25 on
5202 2794 51 26 ne
5282 2794 163 27 mesure
5474 2794 70 41 pas
5575 2784 21 37 à
5625 2784 201 53 première
5862 2798 80 26 vue
5973 2785 55 40 les

4438 2836 114 40 effets
4574 2837 219 41 excellents
4816 2838 102 40 d'un
4937 2840 169 41 velours
5128 2851 92 31 vert
5239 2856 112 27 assez
5372 2843 182 48 sombre,
5576 2846 21 38 à
5618 2846 134 40 reflets
5774 2858 253 41 vaguement

4439 2897 171 42 bleutés.
4646 2900 208 41 Peut-être
4885 2902 56 40 les
4974 2904 181 40 notaires
5188 2904 169 41 d'antan
5389 2908 272 50 puisaient-ils
5695 2909 88 39 leur
5814 2909 213 53 longévité

4439 2960 100 40 dans
4564 2976 58 25 un
4645 2972 92 30 vert
4761 2965 173 48 sérieux,
4959 2966 151 54 auquel
5133 2967 48 39 ils
5207 2982 41 25 se
5273 2970 253 39 montraient
5550 2970 238 41 fidèlement
5811 2973 179 40 attachés
6010 2974 17 39 ?

4438 3024 93 52 J'en
4548 3024 101 41 dirai
4666 3035 144 30 autant
4825 3039 110 41 pour
4951 3042 56 25 un
5024 3029 124 40 vieux
5164 3030 121 52 jaune
5302 3030 105 41 dont
5423 3032 163 40 l'abord
5602 3048 199 39 grognon
5817 3036 210 52 engendre

4437 3088 22 37 à
4489 3086 36 39 la
4556 3087 157 54 longue
4744 3103 58 25 un
4833 3088 202 43 bien-être
5067 3093 132 39 moral
5228 3093 231 41 inattendu.
5492 3095 161 40 Autant
5684 3110 109 40 pour
5823 3097 56 40 les
5912 3112 113 27 roses

4437 3163 56 25 un
4521 3163 81 38 peu
4631 3153 158 47 tannés,
4819 3151 143 42 brunis
4991 3163 40 30 et
5058 3155 201 51 quelques
5288 3156 161 41 dérivés
5479 3156 50 41 de
5558 3158 213 41 l'écarlate.
5804 3160 224 52 L'écharpe

4436 3210 118 42 d'Iris
4588 3213 67 39 n'a
4686 3228 81 39 que
4799 3224 91 45 sept
4921 3216 206 50 couleurs,
5155 3232 151 26 encore
5338 3233 70 26 sur
5439 3220 55 40 les
5528 3230 103 45 sept,
5665 3231 157 44 quatre,
5856 3225 20 37 à
5909 3225 119 52 peine

4436 3275 212 40 sont-elles
4688 3276 238 42 utilisables.
4966 3279 151 54 J'agite
5154 3282 65 47 ici,
5258 3296 50 25 en
5348 3282 203 41 touchant
5587 3285 21 38 à
5654 3284 34 39 la
5726 3285 184 49 couleur,
5950 3301 77 25 aux

4435 3338 192 40 couleurs
4660 3340 71 53 qui
4762 3339 183 42 bornent
4974 3351 44 30 et
5044 3344 164 52 égaient
5238 3344 36 40 le
5305 3344 127 41 décor
5462 3346 220 54 quotidien
5713 3347 51 40 de
5793 3358 121 30 notre
5946 3350 76 48 vie,

4433 3401 22 38 à
4481 3415 81 26 une
4589 3402 195 53 question
4811 3403 93 54 plus
4932 3418 127 40 grave
5086 3419 81 41 que
5194 3407 99 39 celle
5321 3407 199 54 du'style,
5548 3423 81 40 que
5650 3410 99 39 celle
5776 3410 51 40 de
5860 3411 167 40 l'ameu-

4434 3462 199 50 blement,
4675 3479 80 26 une
4795 3467 196 53 question
5031 3482 81 40 que
5151 3469 37 39 la
5226 3469 166 55 plupart
5436 3471 249 53 prétendent
5724 3473 198 40 résoudre
5956 3487 71 40 par

4435 3525 154 42 chance
4609 3536 40 31 et
4669 3529 173 53 caprice,
4859 3530 142 54 quand
5020 3531 48 40 ils
5084 3545 52 26 ne
5156 3532 86 40 s'en
5263 3543 221 31 remettent
5498 3547 71 41 pas
5591 3549 49 25 au
5660 3536 157 39 conseil
5832 3536 191 41 d'autrui.

5253 3606 46 44 ★

4488 3652 93 40 Une
4608 3653 174 41 couleur
4809 3654 245 42 dominante
5081 3667 101 44 peut
5210 3657 173 41 devenir
5410 3658 101 41 d'un
5540 3661 94 52 jour
5661 3662 21 38 à
5710 3661 145 40 l'autre
5883 3661 143 55 déplo-

4431 3715 124 40 rable.
4587 3716 226 41 L'absence
4833 3717 51 41 de
4905 3719 185 50 couleur,
5113 3744 54 5 —
5187 3720 194 41 blanches
5409 3723 221 49 murailles,
5653 3723 206 41 fantômes
5887 3724 138 41 blancs

4431 3777 50 40 de
4520 3779 131 53 sièges
4691 3793 70 26 sur
4797 3794 58 26 un
4892 3782 105 53 tapis
5034 3783 236 49 immaculé,
5309 3797 215 39 vaporeux
5553 3785 169 41 linceuls
5754 3786 71 40 des
5857 3788 168 39 rideaux

6703 3854 32 17 LF
6766 3850 13 9 "
6792 3855 39 17 LIT
6862 3854 38 19 DE
6932 3855 117 19 TRAVAIL
7069 3856 2 6 -

6703 3894 96 19 DANS
6827 3896 38 17 LA
6891 3896 180 19 CHAMBRE

6784 3935 76 19 SANS
6884 3935 104 20 PORTE.

4431 3841 176 40 conduit
4629 3843 22 38 à
4673 3842 37 40 la
4733 3843 303 42 neurasthénie.
5062 3846 107 40 Mais
5193 3846 36 40 le
5253 3846 148 41 hasard
5424 3848 211 54 engendre
5659 3849 71 40 des
5754 3849 125 40 chocs
5903 3851 163 52 joyeux.
6094 3853 55 38 Le
6173 3863 90 28 vert
6287 3852 120 39 mord
6434 3853 33 38 le
6491 3853 109 47 bleu,

4430 3904 72 53 qui
4534 3905 81 39 crie
4645 3905 108 53 juste
4784 3920 125 35 assez,
4941 3921 58 26 un
5029 3908 152 55 lasting
5210 3910 195 53 imprimé
5436 3910 50 40 de
5524 3915 99 46 1850
5655 3921 165 31 montre
5851 3927 81 40 que
5964 3913 70 40 des
6067 3913 187 54 digitales
6288 3917 178 37 rosâtres
6507 3926 95 29 sont

4430 3966 291 54 parfaitement
4752 3968 224 42 heureuses
5009 3970 224 55 d'épouser
5265 3972 71 40 des
5369 3974 138 39 soucis
5540 3978 191 51 orangés,
5765 3989 69 26 sur
5866 3990 56 25 un
5954 3976 104 40 fond
6092 3977 316 54 grenat-brun...

4485 4030 209 50 Délivrée,
4716 4044 75 41 par
4812 4032 286 55 l'expérience,
5121 4034 52 40 de
5194 4035 37 39 la
5252 4036 240 53 perplexité,
5516 4047 233 44 respectant
5769 4040 21 37 à
5811 4039 227 40 l'occasion
6060 4053 69 26 sur
6151 4040 70 40 des
6244 4055 113 25 murs
6381 4055 221 25 nouveaux

4429 4092 55 40 les
4504 4094 195 53 vestiges,
4719 4107 170 41 pourvu
4907 4096 123 54 qu'ils
5050 4097 136 40 soient
5203 4098 210 53 plaisants,
5434 4098 70 41 des
5524 4100 312 52 prédécesseurs
5856 4102 221 49 inconnus,
6098 4104 131 38 suivie
6248 4103 100 39 d'un
6377 4114 224 42 quarteron

4428 4154 51 40 de
4497 4155 185 41 meubles
4698 4156 196 42 familiers
4911 4168 41 30 et
4967 4158 126 41 d'une
5110 4160 262 41 demi-tonne
5389 4161 51 40 de
5456 4162 137 50 livres,
5610 4164 65 52 j'ai
5694 4163 219 41 déambulé
5930 4164 100 40 dans
6047 4165 123 40 Paris.
6194 4166 406 54 L'emménagement

4427 4227 61 30 est
4517 4233 57 24 un
4604 4220 251 40 mécanisme
4884 4222 149 53 simple
5061 4223 222 53 lorsqu'on
5312 4224 36 39 le
5377 4226 118 38 traite
5524 4239 91 26 sans
5645 4226 206 40 ambition
5881 4228 259 51 particulière
6170 4238 38 29 et
6238 4243 99 25 avec
6367 4229 229 53 simplicité.

4427 4280 56 40 Ce
4513 4282 71 53 qui
4615 4292 169 44 compte
4813 4283 37 40 le
4878 4283 93 55 plus
5001 4297 111 41 pour
5140 4300 57 25 un
5226 4287 96 39 vieil
5351 4288 196 49 écrivain,
5578 4302 45 26 ce
5651 4299 97 29 sont
5777 4289 56 40 les
5862 4291 124 52 petits
6015 4290 102 40 lares
6148 4292 71 52 qui
6249 4291 220 40 l'assistent
6498 4292 101 39 dans

4425 4358 78 25 son
4529 4345 158 48 travail,
4714 4359 42 26 sa
4781 4345 149 55 lampe,
4958 4361 41 26 sa
5025 4348 122 49 table,
5174 4363 62 26 ses
5284 4350 138 40 outils.
5451 4351 57 39 La
5532 4351 157 40 néfaste
5715 4361 171 44 posture
5911 4353 124 39 assise
6060 4353 246 49 s'améliore,
6333 4355 60 38 s'il
6420 4355 100 38 écrit
6544 4355 56 39 les

4424 4406 156 53 jambes
4606 4408 214 49 étendues,
4846 4423 81 26 une
4952 4410 109 40 table
5086 4425 51 25 en
5162 4421 156 31 travers
5344 4412 51 41 de
5421 4427 77 26 son
5524 4413 139 50 divan,
5690 4414 108 40 table
5824 4414 51 41 de
5901 4415 171 49 malade,
6099 4430 126 25 revue
6250 4427 39 29 et
6314 4419 246 51 augmentée
6581 4420 20 36 à

4425 4468 157 56 l'usage
4592 4470 126 40 d'une
4732 4470 97 42 bien
4844 4482 206 44 portante.
5064 4473 48 55 Je
5126 4474 66 40 l'ai
5208 4474 166 42 donnée
5389 4485 96 46 trop
5501 4477 89 39 tard
5605 4487 105 30 cette
5726 4477 178 49 table-là,
5916 4479 21 40 à
5952 4489 119 29 notre
6086 4479 97 39 cher
6198 4480 127 39 Henri
6344 4480 253 40 Duvernois.
