3882 5004
1378 825 36 38 *
1443 827 79 29 UNE
1576 825 194 31 ABONNEE
1824 825 46 29 DE
1922 835 16 19 «
1974 823 139 30 MARIE-

1379 871 143 30 CLAIRE
1552 881 25 20 ».
1605 869 204 32 Voulez-vous
1838 881 48 18 me
1916 868 66 30 dire
2011 867 104 39 quelle

1379 916 126 30 toilette
1533 918 26 36 je
1586 915 69 31 dois
1682 918 107 36 porter
1816 926 78 26 pour
1920 913 26 30 le
1974 915 141 36 mariage

1380 960 41 31 de
1452 973 47 18 ma
1530 960 74 36 fille,
1636 961 48 38 j'ai
1715 961 38 29 58
1784 971 54 18 ans
1867 962 34 27 et
1930 960 28 37 je
1988 960 59 28 suis
2077 969 37 18 en

1378 1005 95 31 deuil.

1416 1070 75 25 Une
1514 1069 81 26 robe
1618 1071 77 25 tout
1717 1076 41 19 en
1781 1068 150 26 dentelle
1955 1067 95 26 noire
2073 1073 42 19 ou

1378 1109 150 25 dentelle
1549 1111 34 24 et
1605 1108 101 32 crêpe
1728 1109 85 28 mat,
1837 1113 134 20 comme
1993 1107 30 24 le
2044 1112 70 19 mo-

1375 1147 74 26 dèle
1474 1148 66 29 382,
1569 1154 88 26 page
1682 1147 46 30 31,
1758 1146 145 27 numéro
1929 1145 46 30 87,
2004 1145 110 26 serait

1377 1186 72 28 très
1480 1187 146 31 seyante
1656 1193 87 25 pour
1773 1192 97 19 vous.
1903 1185 34 25 Si
1967 1191 88 18 vous
2084 1184 30 24 le

1376 1225 145 30 désirez,
1559 1232 88 19 vous
1683 1231 133 26 pouvez
1852 1224 197 32 remplacer
2085 1224 30 24 le

1375 1265 101 32 crêpe
1503 1270 74 24 mat
1603 1271 64 26 par
1691 1264 45 25 du
1764 1264 101 32 crêpe
1892 1263 104 25 satin.
2027 1263 85 25 Met-

1376 1309 54 21 tez
1448 1312 46 18 un
1512 1304 89 32 petit
1619 1304 159 31 chapeau
1797 1302 102 32 garni
1918 1302 41 25 de
1978 1302 136 32 plumes

1374 1343 209 26 d'autruche
1610 1349 44 19 ou
1681 1342 83 26 d'un
1792 1342 154 31 bouquet
1974 1341 41 25 de
2041 1341 71 24 vio-

1375 1383 104 25 lettes
1507 1383 42 24 de
1577 1383 136 24 Parme.
1740 1381 79 26 Une
1847 1381 99 25 veste
1975 1387 42 19 ou
2047 1386 67 20 une

1372 1422 108 32 petite
1513 1428 85 26 cape
1631 1421 41 25 de
1707 1420 163 25 fourrure
1902 1427 43 18 ou
1979 1419 41 25 de
2052 1425 57 18 ve-

1375 1462 95 24 lours
1494 1466 281 27 accompagnera
1799 1461 100 23 votre
1924 1458 187 25 ensemble.

1372 1547 46 38 ■."fr
1455 1548 117 30 ALICE
1609 1549 47 34 A.,
1706 1546 130 35 Oléron,
1885 1549 33 27 et
1969 1545 147 31 FUTURE

1374 1594 208 30 ELEANORE
1611 1592 172 31 POWELL.
1822 1592 87 30 Nous
1946 1590 168 31 voudrions

1375 1639 71 30 bien
1471 1638 183 40 apprendre
1678 1640 16 28 à
1720 1637 113 30 danser
1857 1636 43 30 les
1923 1635 190 39 claquettes,

1373 1684 43 31 les
1450 1684 115 31 danses
1599 1682 167 35 nouvelles,
1800 1686 93 31 etc...,
1929 1683 76 28 mais
2039 1692 75 19 nous

1374 1730 126 30 n'avons
1540 1741 56 28 pas
1633 1728 41 31 de
1715 1728 189 39 professeur.
1942 1726 172 30 Comment

1372 1775 80 30 faire
1484 1775 15 29 7

1412 1839 279 26 Procurez-vous
1720 1839 31 25 1'?
1779 1838 86 26 livre
1899 1845 15 16 «
1948 1836 67 25 Les
2044 1835 68 26 cla-

1374 1880 149 31 quettes,
1549 1878 51 25 les
1624 1877 130 26 danses
1779 1876 190 29 nouvelles,
1994 1875 65 26 etc.
2085 1882 27 21 »,

1375 1925 64 25 par
1485 1918 44 25 M.
1578 1917 114 31 Poigt,
1740 1915 103 30 édité,
1891 1915 26 29 5,
1965 1921 62 19 rue
2072 1913 42 26 de

1373 1957 320 31 l'Abbé-Grégoire,
1717 1955 114 29 Paris,
1855 1955 84 25 chez
1962 1954 152 25 l'auteur

1377 1998 51 28 (27
1466 1997 41 25 fr.
1548 1997 152 27 franco).
1738 1996 98 25 Vous
1872 2001 21 27 y
1931 1995 183 25 trouverez

1374 2038 118 25 toutes
1527 2036 210 27 indications
1774 2034 113 27 utiles.

1369 2122 42 40 *
1439 2123 193 31 BRUNETTE
1677 2122 180 31 DESOLEE.
1902 2121 209 32 Pouvez-vous

1373 2181 48 18 me
1447 2169 121 31 donner
1592 2168 27 31 la
1645 2171 124 27 recette
1794 2167 41 31 de
1861 2166 27 32 la
1913 2165 115 41 quiche
2054 2165 57 32 lor-

1372 2216 85 29 raine
1475 2215 14 29 7

1409 2279 92 25 Pour
1533 2278 19 27 6
1584 2284 193 27 personnes
1801 2284 5 18 :
1843 2277 56 26 200
1930 2282 180 26 grammes

1371 2318 41 26 de
1444 2318 125 30 farine,
1601 2319 15 25 1
1645 2317 77 26 œuf
1751 2317 41 25 de
1822 2316 125 26 beurre
1978 2317 34 24 et
2044 2322 67 18 une

1371 2358 82 25 noix
1487 2358 42 25 de
1565 2357 126 26 beurre
1713 2364 5 22 ;
1755 2364 46 18 un
1836 2356 90 32 petit
1960 2355 73 25 œuf
2069 2355 42 25 de

1370 2397 185 30 saindoux,
1612 2403 68 19 une
1720 2396 122 33 pincée
1884 2395 42 26 de
1969 2394 66 30 sel;
2081 2394 29 25 le

1369 2439 106 31 quart
1512 2437 82 25 d'un
1632 2442 101 19 verre
1770 2435 120 30 d'eau;
1928 2434 38 26 20
2002 2434 108 33 petits

1370 2477 141 26 lardons
1549 2476 42 25 de
1629 2475 75 26 lard
1745 2475 107 29 fumé,
1891 2482 47 19 un
1977 2474 53 26 bol
2069 2473 41 26 de

1369 2517 115 28 crème
1507 2516 146 29 fraîche,
1676 2515 17 25 2
1712 2515 94 26 œufs
1829 2514 72 26 très
1924 2513 99 30 frais,
2047 2513 61 30 sel,

1369 2556 130 33 poivre.
1548 2555 130 26 Mettez
1724 2555 33 25 la
1804 2553 115 26 farine
1965 2560 41 19 en
2053 2553 57 24 tas

1369 2602 60 19 sur
1467 2596 34 25 la
1538 2596 159 32 planche.
1736 2595 132 25 Versez
1906 2600 44 19 au
1990 2593 119 25 centre

1368 2636 30 25 le
1441 2635 49 26 sel
1534 2636 34 24 et
1610 2634 101 30 l'eau,
1757 2633 99 26 l'œuf
1899 2633 42 25 de
1984 2632 125 25 beurre

1367 2674 107 33 coupé
1498 2681 43 19 en
1556 2679 200 24 morceaux,
1775 2673 30 25 le
1822 2672 183 26 saindoux.
2025 2672 84 24 Tra-

1368 2715 124 25 vaillez
1520 2714 30 25 le
1576 2715 88 28 tout,
1692 2713 93 26 deux
1811 2719 42 19 ou
1881 2711 86 27 trois
1995 2711 113 25 foula-

1368 2761 60 26 ges
1465 2753 182 27 suffisent.
1687 2752 143 26 Laissez
1867 2751 35 25 la
1937 2751 82 32 pâte
2055 2756 52 19 re-

1366 2800 104 26 poser
1510 2801 67 21 une
1618 2793 119 28 heure,
1780 2791 79 33 puis
1901 2790 145 26 étendez
2087 2788 22 25 à

1366 2833 103 26 l'aide
1512 2832 84 27 d'un
1639 2832 156 25 rouleau.
1839 2831 140 25 Foncez
2021 2835 87 19 avec

1367 2874 92 25 cette
1486 2872 82 33 pâte
1596 2879 68 19 une
1693 2870 170 27 tourtière
1890 2868 147 27 beurrée
2066 2868 41 26 de

1365 2914 36 26 20
1428 2920 64 18 cm.
1523 2912 145 26 environ
1697 2910 42 26 de
1767 2909 181 27 diamètre.
1979 2908 127 26 Parse-

1365 2953 128 26 mez-la
1527 2959 86 19 avec
1647 2951 51 25 les
1733 2950 144 26 lardons
1911 2947 194 34 préalable-

1365 2995 96 25 ment
1510 2997 152 20 revenus
1710 2990 90 25 dans
1850 2989 34 25 la
1935 2987 81 26 noix
2065 2986 42 25 de

1364 3033 135 26 beurre.
1523 3032 131 26 Versez
1675 3030 34 26 la
1732 3029 115 26 crème
1869 3028 90 25 dans
1981 3032 47 21 un
2050 3032 55 19 sa-

1364 3072 127 30 ladier;
1524 3077 122 20 cassez
1678 3071 50 24 les
1759 3068 104 28 œufs,
1896 3068 106 28 salez,
2034 3065 71 33 poi-

1363 3119 98 23 vrez;
1495 3111 119 25 battez
1647 3108 288 33 soigneusement
1965 3107 31 24 le
2028 3106 78 25 tout

1363 3151 178 26 ensemble
1564 3157 5 23 ;
1615 3148 172 26 versez-le
1830 3153 61 19 sur
1934 3146 34 25 la
2010 3145 93 32 pâte.

1363 3192 130 25 Mettez
1532 3196 45 19 au
1617 3189 80 25 four
1736 3186 116 27 chaud
1890 3192 70 19 une
1997 3184 107 26 demi-

1364 3232 117 25 heure.
1508 3229 144 26 Laissez
1676 3227 113 27 tiédir.

1404 3307 61 30 J'ai
1497 3319 37 17 un
1565 3307 64 29 rein
1658 3303 134 32 flottant
1821 3306 34 28 et
1884 3304 59 29 suis
1972 3299 132 41 obligée

1363 3352 40 31 de
1425 3356 108 36 porter
1553 3363 59 18 une
1634 3352 152 28 ceinture.
1806 3348 215 39 Croyez-vous
2040 3358 63 27 que

1363 3399 27 38 je
1414 3398 137 39 guérirai
1568 3396 15 31 ?
1608 3396 39 30 Je
1672 3397 59 29 suis
1755 3393 164 32 désolée...

1398 3457 88 25 Bien
1515 3455 71 30 sûr,
1616 3461 88 19 vous
1733 3453 171 33 guérirez,
1933 3453 34 25 et
1995 3451 21 25 il
2046 3451 59 31 n'y

1361 3504 22 18 a
1420 3502 63 27 pas
1520 3495 69 26 lieu
1625 3494 42 26 de
1703 3500 88 19 vous
1827 3492 137 26 désoler
2000 3490 102 26 ainsi.

1361 3536 126 26 Suivez
1526 3534 225 27 exactement
1790 3533 51 24 les
1882 3530 150 27 conseils
2059 3530 44 25 du

1361 3576 147 25 docteur
1534 3574 58 33 qui
1621 3580 88 18 vous
1737 3572 122 32 soigne
1887 3573 34 25 et
1948 3577 87 26 ayez
2062 3569 42 25 de

1362 3617 34 24 la
1426 3614 172 34 patience.

1428 3699 41 30 G.
1495 3697 38 31 C.
1558 3697 40 30 Je
1624 3708 49 18 me
1699 3696 59 29 suis
1783 3692 153 33 décoloré
1963 3691 43 31 les
2031 3690 72 32 che-

1361 3756 85 23 veux,
1472 3742 100 31 l'effet
1597 3745 49 27 est
1669 3741 64 30 très
1758 3739 62 32 laid
1846 3742 33 27 et
1904 3740 27 37 je
1956 3737 147 31 voudrais

1362 3789 64 31 leur
1449 3788 112 31 rendre
1585 3787 64 31 leur
1671 3788 101 29 teinte
1797 3783 164 33 naturelle.

1397 3854 110 26 Hélas
1543 3854 6 25 !
1577 3853 116 26 Petite
1717 3852 233 33 imprudente,
1975 3850 23 26 à
2023 3849 80 35 part

1359 3895 35 25 la
1411 3894 165 29 teinture,
1597 3893 22 25 il
1639 3893 58 31 n'y
1716 3899 21 19 a
1756 3892 109 32 qu'un
1883 3891 73 26 seul
1976 3896 126 26 moyen

1363 3935 32 25 st
1424 3934 21 26 il
1478 3933 100 33 exige
1609 3933 183 31 beaucoup
1822 3931 42 26 de
1895 3930 162 33 patience
2095 3936 5 18 :

1362 3974 86 26 c'est
1475 3974 42 26 de
1544 3973 126 25 laisser
1698 3972 48 27 les
1776 3971 158 26 cheveux
1960 3977 141 26 repous-

1361 4021 57 19 ser
1446 4012 145 34 jusqu'à
1624 4020 38 18 ce
1693 4019 67 25 que
1792 4011 34 25 la
1857 4010 115 33 partie
2003 4010 99 26 déco-

1361 4054 93 26 lorée
1480 4053 52 26 ait
1560 4052 180 33 disparu...
1770 4058 83 19 sous
1881 4051 50 25 les
1958 4050 145 26 ciseaux

1361 4094 45 25 du
1444 4092 162 27 coiffeur.
1644 4091 50 27 Ce
1732 4091 90 26 n'est
1861 4097 63 26 pas
1960 4089 140 28 sorcier,

1362 4133 79 26 bien
1470 4132 72 30 sûr,
1575 4131 91 26 mais
1697 4131 87 26 c'est
1814 4137 125 19 encore
1969 4130 30 25 le
2028 4129 74 27 seul

1361 4179 127 26 moyen
1515 4173 76 24 tout
1618 4171 21 25 à
1667 4171 67 26 fait
1761 4169 199 26 inoffensif.

1368 4253 37 39 ★
1434 4255 81 30 UNE
1543 4253 212 32 COUSETTE.

1402 4330 256 26 Ecrivez-nous
1688 4330 232 30 directement
1950 4337 42 19 en
2023 4332 82 25 don-

1367 4372 87 25 nant
1487 4372 101 24 votre
1621 4370 145 25 adresse
1800 4377 41 19 ou
1877 4377 108 19 venez
2019 4377 89 20 nous

1365 4410 75 25 voir
1459 4409 21 26 à
1502 4410 35 25 la
1557 4409 137 27 Maison
1716 4409 42 26 de
1777 4410 259 31 Marie-Claire,
2059 4410 45 29 10,

1368 4456 60 19 rue
1467 4449 42 26 de
1548 4449 120 30 Rome,
1710 4455 88 19 nous
1839 4449 188 26 tâcherons
2067 4449 41 26 de

1366 4489 91 25 faire
1487 4488 150 34 quelque
1668 4488 106 26 chose
1804 4495 89 27 pour
1922 4496 99 19 vous.

2568 1479 309 140 noke

2290 1932 113 12 ...
2468 1918 153 26 nous
2671 1906 211 39 allons
2945 1907 199 38 écrire
3198 1917 73 28 au
3328 1894 31 51 I

2289 1964 313 41 Bonhomme
2632 1964 211 40 Ambois
2880 1967 89 51 qui
2997 1965 275 52 reprendra
3328 1952 31 53 I

2290 2028 140 36 notre
2494 2026 179 38 ancien
2745 2023 231 41 mobilier
3035 2037 65 27 au
3148 2026 125 52 plus
3327 2012 32 52 I

2289 2085 125 38 haut
2468 2096 147 27 cours
2672 2087 48 36 et
2774 2097 129 26 nous
2957 2084 316 39 l'échangera
3329 2070 51 53 ^

2400 2147 170 36 contre
2608 2157 64 25 un
2719 2143 233 40 mobilier
2993 2143 173 42 1939!
3345 2121 362 61 V/j

2224 3872 1288 224 GMÏRIESSON

3586 4107 58 16 aux

2436 4136 57 23 mm
3190 4125 209 28 GALERIES
3436 4126 157 30 BARBtS
3620 4139 73 23 pour

3190 4192 66 25 bum
3275 4192 123 31 général
3417 4194 272 28 d'Ameublement.

2184 4180 168 164 ■H
2380 4180 123 164 A
2503 4180 185 164 R
2740 4180 576 216 etS

2187 4362 154 63 55,
2359 4355 74 61 Bd
2456 4359 555 67 Barbès-PARIS
3043 4346 135 81 as-J

2187 4441 32 28 M
2226 4443 183 27 Succursales
2512 4448 117 25 ALGER
2673 4461 14 7 -
2738 4450 201 23 BORDEAUX
2991 4466 13 7 -
3049 4453 83 20 LILLE
3140 4426 38 47 |
3353 4161 244 30 gratuitement
3617 4446 22 27 R
3655 4446 18 27 F

2186 4472 33 35 N
2227 4482 193 26 MARSEILLE
2445 4495 12 6 -
2483 4484 131 27 NANCY
2638 4499 13 7 -
2677 4488 142 27 NANTES
2844 4501 13 8 -
2882 4489 81 27 NICE
2980 4503 13 7 -
3018 4491 113 27 ORAN
3144 4472 33 44 I
3698 4472 9 43 I

2655 4520 155 27 TOULON
2938 4523 194 27 TOULOUSE
