7618 5004
576 288 183 1314 Ces
759 288 320 1314 Jeunes
1079 288 320 1314 filles
1399 288 183 1314 sur
1582 288 137 1314 la
1719 288 274 1314 Neige
1993 288 457 1314 DÉFENDENT
2450 288 183 1314 NOS
2633 288 415 1314 COULEURS

588 1819 95 39 Une
710 1821 163 50 équipe
893 1822 23 37 ?
946 1822 121 39 Dites
1097 1837 61 24 un
1188 1823 210 51 bouquet.
1431 1824 67 39 Un
1528 1825 197 50 bouquet
1756 1826 102 38 bien

584 1898 137 50 armé,
758 1901 162 46 vivace,
957 1902 109 49 paré
1100 1903 55 39 de
1189 1905 152 49 grâces
1377 1905 264 50 défensives.
1682 1908 173 39 Venues

583 1975 55 39 de
666 1978 182 38 milieux
876 1979 161 48 divers,
1065 1982 106 38 elles
1198 1993 101 29 sont
1328 1987 276 37 maintenant
1632 1989 221 48 pareilles.

584 2054 58 39 Le
682 2066 124 39 sport
847 2058 62 39 les
949 2059 209 49 façonne,
1201 2061 185 40 l'amitié
1427 2065 63 38 les
1533 2066 71 38 lie.
1646 2067 209 39 Chacune

580 2133 151 39 d'elles
765 2138 81 36 sait
880 2151 50 24 ce
963 2152 86 35 que
1083 2141 147 38 valent
1262 2156 68 24 ses
1364 2144 321 50 coéquipières.
1720 2146 132 39 Point

582 2211 56 39 de
674 2223 154 39 castes,
853 2230 87 25 une
977 2219 193 48 parfaite
1208 2220 170 50 dignité
1416 2226 210 47 sportive,
1667 2226 42 38 la
1747 2228 107 48 joue

580 2291 187 49 fraîche,
824 2295 63 38 les
945 2298 190 38 muscles
1193 2300 144 50 longs,
1395 2303 107 38 elles
1563 2306 288 39 ressemblent

581 2370 25 37 à
691 2370 29 39 r
725 2372 199 40 heureux
1009 2390 384 29 commencement
1478 2382 109 40 d'un
1673 2385 177 40 monde.

1518 2461 272 41 COLETTE.

578 2623 41 32 y»
655 2621 9 20 \
694 2609 130 35 cabine
853 2612 48 34 du
930 2611 224 44 téléférique
1183 2615 64 34 des
1278 2615 180 37 Houches
1488 2619 128 34 venait
1644 2620 45 34 de
1719 2620 135 35 s'arrê-

583 2653 120 56 11er
789 2669 181 29 terminus
1060 2665 184 36 Bellevue,
1266 2668 59 41 Et,
1342 2680 67 22 sur
1428 2668 139 37 l'étroit
1584 2671 87 38 quai
1692 2672 163 35 cimenté

578 2707 112 38 iJ'iù
724 2715 38 40 je
798 2715 194 41 reprenais
1027 2724 149 28 contact
1211 2730 92 23 avec
1339 2732 49 21 un
1424 2721 143 34 terrain
1603 2723 129 37 solide,
1768 2724 83 42 cinq

577 2774 133 31 jeunes
743 2764 99 35 filles
870 2767 209 35 dansaient.
1110 2768 117 36 L'une
1257 2770 127 35 d'elles
1411 2792 48 4 —
1487 2772 66 43 j'ai
1584 2785 43 23 su
1656 2775 82 41 plus
1769 2776 83 33 tard

576 2825 70 32 que
685 2826 18 23 c
719 2815 91 36 était
850 2817 132 36 Nicole
1024 2820 125 34 Villan
1187 2842 48 4 —
1274 2821 218 37 fredonnait
1532 2825 34 34 la
1605 2826 160 35 mélodie
1804 2828 48 34 du

583 2879 18 19 «
620 2866 119 44 Horsj
762 2880 30 22 ».
830 2868 68 35 Ses
932 2881 240 34 compagnes,
1207 2884 38 23 se
1281 2881 130 28 tenant
1447 2887 68 31 par
1549 2876 33 36 le
1618 2877 98 42 bras,
1753 2890 98 23 mar-

575 2918 152 42 quaient
761 2919 32 34 le
828 2921 145 42 rythme
1008 2923 343 43 vigoureusement,
1385 2928 45 33 de
1465 2927 100 35 leurs
1599 2929 113 40 petits
1747 2930 104 41 pieds

575 2969 178 35 chaussés
782 2972 45 34 de
857 2973 81 34 cuir
967 2973 114 44 épais.
1114 2975 100 35 C'est
1245 2977 96 35 ainsi
1372 2990 70 31 que
1473 2979 67 44 j'ai
1575 2980 70 35 fait
1676 2982 175 34 connais-

575 3032 111 23 sance
717 3023 44 34 de
795 3023 158 45 l'équipe
986 3026 191 43 française
1213 3028 181 36 féminine
1426 3031 45 34 de
1504 3032 67 34 ski.

621 3073 44 42 Je
690 3085 45 23 ne
759 3075 52 34 les
836 3075 34 34 ai
895 3088 65 31 pas
986 3089 134 23 revues
1145 3091 41 23 ce
1210 3080 132 35 soir-là
1367 3093 113 31 parce
1504 3095 82 31 que,
1611 3083 110 44 après
1747 3091 104 29 toute

575 3136 72 22 une
693 3126 89 34 rude
827 3127 160 43 journée
1031 3129 327 44 d'entraînement,
1404 3134 89 34 elles
1540 3136 311 35 redescendaient

582 3188 17 20 «
618 3184 208 28 cantonner
845 3192 18 19 »
890 3178 21 35 à
937 3179 225 37 Chamonix.
1190 3182 100 35 Mais
1315 3196 41 23 ce
1381 3185 165 42 premier
1571 3194 151 28 contact
1747 3189 105 34 avait

575 3227 98 34 suffi
702 3228 21 34 à
752 3241 57 22 me
838 3231 144 34 donner
1011 3244 71 23 une
1112 3233 223 41 impression
1366 3243 101 28 nette
1496 3238 45 34 de
1571 3238 279 43 l'atmosphère,

574 3279 44 33 de
652 3279 7 33 1
676 3288 117 35 esprit
824 3282 61 42 qui
921 3282 158 45 règnent
1111 3285 93 34 dans
1238 3286 169 42 l'équipe,
1440 3301 72 22 une
1547 3289 225 42 impression
1805 3292 45 34 de

576 3329 206 43 fraîcheur,
818 3333 44 34 de
897 3334 188 43 jeunesse,
1122 3337 45 34 de
1202 3337 114 44 gaîté,
1352 3340 45 34 de
1435 3340 117 35 solide
1589 3343 260 35 camaraderie

574 3381 112 34 aussi.

622 3432 51 35 Le
699 3434 210 36 lendemain
936 3438 118 34 matin
1078 3439 45 34 de
1149 3439 122 36 bonne
1297 3441 127 42 heure,
1451 3454 41 23 ce
1521 3443 58 35 fut
1605 3456 145 24 comme
1776 3458 72 23 une

572 3484 107 34 volée
707 3486 196 35 doiseaux
930 3488 61 43 qui
1022 3489 200 45 s'échappa
1249 3492 45 34 de
1326 3493 34 34 la
1388 3494 140 35 station
1558 3507 95 32 pour
1682 3496 166 43 dévaler,

573 3543 159 33 glissant
757 3545 34 26 et
815 3545 162 36 sautant,
1002 3552 86 23 vers
1112 3542 35 34 la
1178 3555 17 20 «
1215 3543 104 35 hutte
1338 3557 17 20 »
1382 3544 60 42 où,
1467 3546 35 34 la
1525 3547 123 41 veille,
1671 3560 48 22 on
1745 3549 103 35 avait

575 3587 109 34 laissé
709 3588 51 34 les
785 3589 88 38 skis.
899 3590 125 43 Alors,
1049 3603 61 23 ces
1133 3593 134 43 jeunes
1296 3594 99 36 filles
1419 3597 61 43 qui
1508 3598 262 43 représentent
1795 3601 52 34 les

573 3639 173 34 couleurs
778 3640 210 43 françaises
1019 3643 93 35 dans
1143 3645 51 34 les
1225 3647 265 39 compétitions
1522 3649 326 42 internationales,

573 3689 11 43 j
604 3689 33 34 1ai
662 3701 46 31 pu
732 3691 127 35 mieux
883 3692 51 35 les
957 3694 208 43 connaître,
1188 3696 38 44 je
1250 3697 52 34 les
1324 3698 36 34 ai
1383 3711 92 23 vues
1499 3700 118 43 vivre,
1641 3713 37 23 se
1701 3703 147 35 donner

572 3741 44 33 de
642 3741 34 34 ia
700 3742 108 42 peine
832 3754 94 32 pour
951 3747 211 41 approcher
1185 3749 44 34 de
1256 3749 33 34 la
1315 3750 227 39 perfection,
1567 3752 280 43 s'encourager,

573 3803 16 22 s
605 3793 214 35 'elitr'aicler.
843 3795 44 43 Je
913 3796 52 34 les
990 3797 35 34 ai
1051 3810 102 28 vues,
1179 3801 203 34 attentives
1407 3808 36 28 et
1469 3803 171 43 navrées,
1667 3812 181 29 entourer

572 3844 44 34 de
644 3844 99 35 leurs
771 3846 101 35 soins
900 3855 34 27 et
962 3850 173 34 consoler
1164 3850 88 35 Didi
1282 3852 179 36 Baudron
1488 3855 63 41 qui
1580 3857 128 34 venait
1735 3858 45 32 de
1799 3870 48 21 -se

575 3894 191 37 fracturer
794 3910 71 22 une
895 3898 125 41 jambe
1049 3907 36 28 et
1115 3907 80 29 tout
1224 3903 245 36 abandonner
1498 3917 96 28 pour
1624 3908 223 41 l'accompa-

571 3957 94 33 gner
689 3947 20 34 à
736 3948 9 33 1
761 3948 154 44 *hôpital.
943 3950 251 45 Maintenant,
1219 3954 40 43 je
1283 3956 99 34 crois
1408 3968 70 33 que
1503 3958 39 40 je
1567 3970 100 28 peux
1692 3972 154 29 essayer

571 3999 44 33 de
642 4010 92 23 vous
761 4000 52 34 les
839 4001 195 43 présenter
1059 4004 111 35 d'une
1199 4005 112 44 façon
1339 4008 82 42 plus
1447 4009 185 36 détaillée.

621 4050 28 33 Il
683 4063 22 31 y
739 4063 21 22 a
794 4051 133 36 Nicole
962 4054 139 42 Villan,
1136 4062 35 28 et
1206 4057 90 35 c'est
1329 4060 266 36 actuellement
1629 4062 67 35 l'as
1730 4064 46 35 de
1811 4065 35 34 la

571 4100 120 36 bande
721 4109 36 28 et
787 4103 32 34 le
848 4104 310 37 boute-en-train.
1192 4108 80 35 Elle
1304 4119 190 35 remporta
1527 4113 72 34 l'an
1630 4114 153 36 dernier
1813 4116 33 35 le

571 4152 266 44 championnat
860 4157 45 33 de
930 4156 145 36 France
1102 4158 157 36 féminin
1283 4161 45 35 de
1351 4162 187 42 descente,
1562 4172 36 28 et
1619 4165 39 42 je
1683 4179 44 22 ne
1751 4179 95 22 vous

572 4205 163 41 parlerai
765 4218 65 31 pas
860 4208 64 34 des
954 4215 127 29 autres
1111 4210 108 36 titres
1248 4213 170 35 attachés
1449 4214 21 35 à
1500 4227 39 23 sa
1570 4216 113 42 jeune
1713 4218 133 42 gloire,

571 4266 111 31 parce
705 4268 81 32 que,
808 4259 65 33 des
895 4259 119 40 titres,
1037 4261 69 35 elle
1129 4274 44 22 en
1197 4263 231 36 décrochera
1450 4265 85 35 bien
1558 4268 177 36 d'autres.
1760 4270 86 35 Une

570 4308 190 42 souplesse
787 4310 216 44 athlétique,
1030 4324 72 23 une
1130 4314 102 35 taille
1259 4327 196 32 moyenne,
1483 4319 65 34 des
1573 4332 101 26 yeux
1700 4321 81 40 gris
1808 4329 37 28 et

570 4359 64 33 des
664 4360 170 35 cheveux
864 4362 151 35 châtain
1046 4364 102 42 doré,
1180 4366 99 34 voilà
1310 4368 62 43 qui
1404 4369 145 36 suffira
1579 4371 21 34 à
1631 4372 35 34 la
1696 4372 149 36 décrire

570 4410 296 44 physiquement.
892 4413 107 36 Cette
1027 4415 218 37 Parisienne
1268 4419 45 34 de
1337 4419 222 41 vingt-trois
1582 4434 67 23 ans
1672 4425 174 38 poursuit

571 4473 44 22 en
644 4461 195 37 Sorbonne
865 4465 64 34 des
955 4465 129 36 études
1110 4468 44 35 de
1181 4469 140 42 lettres,
1349 4472 105 41 mais,
1479 4475 126 40 quand
1630 4486 49 23 on
1706 4476 34 34 la
1766 4476 80 35 voit

570 4513 92 33 dans
686 4514 33 33 la
742 4514 120 44 neige,
885 4528 57 22 ses
965 4518 177 41 planches
1164 4532 77 22 aux
1261 4521 116 41 pieds,
1399 4535 47 22 on
1469 4532 88 33 peut
1579 4537 38 23 se
1639 4526 206 35 demander

577 4576 19 21 «
615 4564 29 34 si
669 4565 90 34 c'est
784 4566 34 34 la
843 4567 117 35 même
979 4581 32 22 ».

4744 471 19 21 a
4793 471 100 23 aussi
4922 461 290 58 Jeanne-IVIarie
5243 466 156 44 Lacaze,
5429 482 70 23 une
5528 474 143 41 grande
5703 473 80 36 fille
5820 488 75 22 aux
5924 489 100 30 yeux
6052 484 35 28 et
6116 491 74 22 aux
6221 480 169 36 cheveux
6420 483 103 34 noirs
6552 484 62 35 qui
6645 485 47 34 rit
6722 498 86 21 sans
6839 499 113 20 cesse,
6982 500 104 19 mon-

4539 518 129 49 tront
4668 518 109 49 ..Ç'
4868 524 11 30 J
4942 524 38 22 es
5011 521 108 28 dents
5150 524 48 26 du
5230 520 146 47 m;onde-
5410 520 68 35 Ses
5510 534 115 23 amies
5658 524 35 34 la
5723 535 197 26 nomment
5950 528 71 35 «la
6045 529 152 38 l\Iarie-
6197 529 118 38 Jeanne
6315 529 68 38 »,
6407 539 80 28 tout
6511 534 244 33 simplement.
6782 537 91 30 Fille
6896 539 48 28 du
6968 538 118 29 baron

4540 565 13 16 L
4573 572 123 28 acaze,
4727 572 67 23 elle
4827 574 19 21 a
4877 570 221 36 vingt-trois
5130 578 78 30 ans,
5240 572 170 40 s'occupe
5441 572 44 34 de
5515 573 172 41 peinture
5719 576 222 37 décorative
5967 585 47 29 et,
6042 579 95 35 l'été,
6166 588 97 26 reste
6291 583 166 31 sportive
6484 596 46 18 en
6558 587 231 27 remplaçant
6815 588 32 26 le
6875 589 55 25 ski
6958 601 67 13 par
7052 591 36 23 la

4540 615 182 33 natation,
4756 612 35 33 la
4822 612 209 44 bicyclette,
5063 628 140 23 voire...
5237 618 35 35 la
5304 620 114 42 pêche
5451 635 47 22 au
5530 624 144 43 harpon
5703 626 5 32 !

4635 660 217 37 Christiane
4883 664 44 34 de
4960 665 34 34 la
5028 666 223 46 Fressange,
5284 671 89 35 c'est
5411 685 18 21 «
5448 673 87 35 Cric
5553 688 18 20 »
5601 676 5 32 !
5644 676 80 35 Elle
5756 684 55 28 est
5849 678 145 39 blonde,
6029 681 211 36 ravissante
6273 690 35 27 et
6340 684 93 33 dans
6466 696 67 21 son
6566 686 237 31 équipement
6834 690 177 27 tricolore
7043 712 48 5 —

4540 715 178 37 pantalon
4746 716 95 36 bleu,
4867 725 169 25 ceinture
5065 729 115 33 rouge
5207 727 35 27 et
5268 725 188 38 pull-over
5481 736 78 30 gris
5585 727 93 33 clair
5702 748 48 4 -
5774 729 143 35 semble
5955 731 189 35 aérienne.
6195 733 80 33 Elle
6314 734 88 32 s'est
6439 736 341 30 magnifiquement
6817 740 141 26 classée
6996 742 93 24 dans

4540 767 123 28 toutes
4690 764 52 32 les
4769 765 193 35 dernières
4990 776 235 34 compétitions
5225 776 91 34 ,et
5343 775 78 33 cela
5450 776 135 34 étonne
5612 779 125 41 quand
5763 790 47 22 on
5848 781 34 33 la
5911 782 70 34 sait
6011 782 30 34 si
6071 782 135 40 légère.
6238 784 99 35 Mais
6368 785 22 33 il
6420 799 22 24 y
6471 799 19 22 a
6521 798 86 23 sans
6636 789 112 34 doute
6778 789 210 32 là-dessous
7018 804 71 18 une

4540 822 90 31 ques
4652 825 59 21 ion
4740 826 44 22 de
4812 826 47 22 \o
4877 823 176 29 onte..t
5080 831 40 22 ce
5139 832 20 22 la
5188 832 40 23 ce
5256 833 23 22 n
5296 830 54 27 est
5378 825 82 41 plus
5489 826 181 36 étonnant
5697 829 49 34 du
5775 837 85 28 tout
5893 832 43 33 de
5969 833 34 33 la
6035 840 84 26 part
6152 834 109 35 d'une
6295 835 192 31 étudiante
6519 850 44 16 en
6598 839 166 27 sciences
6797 841 198 28 politiques
7028 843 61 26 qui

4541 867 174 30 travaille
4738 875 271 28 sérieusement
5032 881 67 22 son
5121 871 197 36 deuxième
5341 886 170 24 examen.
5536 878 87 34 Cric
5646 886 55 27 est
5725 879 80 45 Pari
5805 879 161 45 s.ienne,
5999 883 79 34 cela
6111 895 38 23 se
6182 885 134 35 devine
6350 892 80 29 tout
6463 888 44 34 de
6540 888 106 35 suite.
6681 890 80 34 Elle
6794 891 78 33 doit
6903 892 108 32 avoir
7043 905 50 19 un

4540 923 70 31 peu
4641 926 120 23 moins
4791 927 69 31 que
4890 923 52 28 les
4971 923 180 32 dix-neuf
5181 934 67 23 ans
5277 924 132 42 qu'elle
5439 938 38 23 se
5506 928 134 35 donne.

4636 964 52 35 Le
4723 965 182 36 Ski-Club
4935 969 44 35 de
5013 970 214 45 Chambéry
5259 986 18 21 a
5316 975 68 35 fait
5418 977 149 42 présent
5601 979 21 34 à
5655 980 158 44 l'équipe
5855 983 191 42 française
6079 985 44 34 de
6158 985 216 37 Geneviève
6409 987 156 38 Martin,
6599 1001 71 24 une
6706 991 116 34 solide
6858 992 81 33 fille
6973 993 117 32 brune

4540 1027 45 21 de
4612 1024 227 35 vingt-deux
4867 1031 78 29 ans,
4972 1023 356 37 mathématicienne
5356 1033 34 28 et
5418 1030 231 35 musicienne
5677 1033 112 34 aussi.
5826 1033 71 35 Pas
5931 1034 31 34 le
5996 1035 121 34 moins
6149 1037 49 34 du
6230 1038 135 34 monde
6398 1038 184 37 dépaysée
6616 1053 46 22 au
6696 1042 126 30 milieu
6855 1044 45 28 de
6933 1051 79 21 tant
7046 1046 44 27 de

4575 1077 221 29 Parisiennes,
4832 1076 96 28 cette
4965 1073 221 42 Savoyarde
5222 1075 173 44 s'impose
5431 1090 143 25 comme
5611 1094 48 21 un
5697 1082 163 36 élément
5886 1086 177 41 pondéré.
6089 1086 81 35 Elle
6195 1088 157 40 possède
6377 1089 64 35 des
6466 1090 107 35 titres
6598 1092 44 34 de
6668 1092 157 36 skieuse,
6851 1094 49 34 tel
6924 1095 94 33 celui
7044 1097 44 31 de

4544 1127 19 23 c
4593 1128 201 32 ampionne
4818 1126 44 28 de
4888 1127 108 30 Paris
5021 1127 44 30 de
5090 1126 132 33 slalom
5247 1128 126 43 (1937)
5402 1136 35 28 et
5461 1130 44 35 de
5530 1132 185 42 première
5741 1134 209 46 Française
6002 1149 76 23 aux
6130 1138 288 44 championnats
6470 1142 138 35 suisses
6662 1143 178 36 féminins
6893 1158 42 22 en
6991 1147 97 43 1938.

4642 1175 125 32 Enfin,
4796 1175 34 30 la
4857 1175 158 40 cadette,
5044 1175 21 32 F
5078 1187 171 31 rançoise
5277 1178 240 45 Matussière,
5544 1183 62 43 qui
5633 1196 21 22 a
5680 1185 133 43 quinze
5824 1199 78 29 ans,
5936 1188 90 34 dont
6061 1189 52 34 les
6147 1200 153 28 parents
6336 1198 83 28 sont
6454 1193 217 35 industriels
6704 1194 21 34 à
6764 1195 163 33 Modane
6961 1205 35 23 et
7030 1199 61 29 qui

4544 1229 169 32 poursuit
4746 1233 57 23 ses
4837 1226 129 32 études
4999 1228 44 31 de
5076 1228 212 35 bachelière
5320 1229 21 35 à
5375 1230 199 38 Grenoble.
5609 1234 108 36 Cette
5749 1236 119 43 jeune
5904 1239 79 34 fille
6014 1239 240 41 vigoureuse,
6286 1254 47 22 au
6366 1243 129 37 visage
6528 1244 96 36 hâlé,
6658 1252 55 28 est
6745 1246 45 34 de
6823 1258 60 22 ces
6915 1249 178 31 quelques

4548 1278 161 28 skieuses
4735 1284 61 31 qui
4823 1282 229 34 promettent
5078 1283 35 28 et
5140 1279 60 41 qui
5229 1279 192 37 tiendront
5448 1283 191 36 sûrement
5667 1286 99 35 leurs
5792 1299 230 31 promesses.

4638 1323 110 34 Voici
4780 1324 51 34 les
4861 1326 213 35 meilleures
5103 1329 44 34 de
5178 1329 157 45 l'équipe
5365 1332 44 35 de
5440 1334 146 36 France
5615 1337 44 34 de
5690 1338 55 34 ski
5778 1339 177 36 féminin.

4639 1373 152 36 Venues
4817 1376 44 34 de
4888 1376 154 36 milieux
5068 1379 157 35 sociaux
5251 1393 105 23 assez
5382 1384 210 41 différents,
5620 1387 89 36 elles
5735 1400 38 24 se
5801 1390 175 41 fondent,
6008 1404 63 23 sur
6102 1393 34 35 la
6167 1394 119 37 neige,
6318 1406 44 24 en
6393 1408 49 22 un
6472 1396 83 35 bloc
6584 1397 211 34 homogène
6825 1399 49 32 où
6906 1408 189 23 comptent

4544 1429 98 28 seuls
4672 1429 33 30 la
4735 1430 259 33 camaraderie
5023 1432 244 41 affectueuse,
5298 1435 31 32 le
5359 1433 100 35 désir
5488 1437 44 33 de
5562 1449 38 23 se
5631 1439 298 41 perfectionner,
5954 1442 35 35 la
6013 1444 152 34 volonté
6189 1446 44 33 de
6259 1445 97 35 faire
6381 1446 240 34 l'impossible
6644 1460 94 20 pour
6762 1450 140 30 classer
6926 1451 169 29 l'équipe,

4544 1484 95 32 pour
4672 1478 185 33 défendre
4891 1479 52 33 les
4977 1481 174 33 couleurs
5187 1481 211 45 françaises
5431 1485 93 36 dans
5557 1488 33 35 le
5623 1489 171 36 meilleur
5826 1493 117 43 esprit
5968 1494 141 43 sportif
6134 1507 6 22 :
6166 1495 34 35 la
6227 1495 103 36 saine
6356 1497 128 35 amitié
