3842 5004
228 436 156 234 2
492 434 430 78 HOUPPES

532 542 346 88 SUCCÈS

694 974 115 33 MIKIE

256 1022 64 41 /r
390 1044 23 15 =*
731 1021 225 32 RESERVOIR

635 1063 121 33 Houppe
820 1064 137 32 classique

323 1100 32 21 2"
378 1105 32 20 7*
480 1099 55 28 ial
569 1098 58 29 à»
638 1100 149 24 contenant
805 1098 25 27 la
850 1100 107 27 poudre

331 1147 25 17 M
395 1145 11 7 -
470 1129 77 37 i|§5r
555 1129 72 37 j|H
636 1134 77 24 entre
733 1141 43 18 ses
796 1133 94 31 parois
908 1134 47 32 qui

242 1171 8 21 \
268 1173 17 26 l
468 1165 151 36 TfW^WF
638 1166 23 25 la
683 1166 140 28 tamisent.
845 1167 110 33 Suppri-

636 1208 43 18 me
706 1200 24 26 le
754 1201 133 31 poudrier
909 1212 45 17 en-

410 1240 31 33 <ji\
709 1235 160 28 combrant.

781 1321 35 28 et
837 1319 39 31 22
898 1319 39 32 fr.

241 1862 116 34 MIKIE
403 1833 209 63 REVER-!';

243 1908 121 34 SIBLE.
384 1917 33 25 La
431 1915 115 31 houppe
580 1929 34 17 vv
796 1906 49 40 jt

246 1953 69 30 touj.
343 1959 115 24 propre.
488 1949 58 26 Fer-
760 1978 4 3 .
800 1945 23 32 /

248 1987 60 26 mée
335 1994 6 18 :
366 1984 100 33 petite.
489 1983 57 26 Ou-
631 1983 33 16 "*■
669 1988 99 21 ■«••-.-f"

232 2026 2 22 i
240 2023 75 25 verte
331 2028 7 18 :
351 2019 120 34 grande.
491 2018 31 25 P*
535 2025 8 19 :

294 2059 35 30 16
348 2060 35 28 et
402 2057 40 30 25
461 2055 39 31 fr.

268 2209 48 40 En
344 2212 117 37 vente
491 2212 171 47 partout.
689 2209 39 39 A
753 2208 142 42 défaut
924 2224 11 26 :

269 2268 248 29 PRODUCTIONS
551 2268 44 28 DU
630 2268 158 29 DOCTEUR
819 2270 115 28 ARION

265 2307 59 36 n,
367 2306 188 42 Fawbowrg
598 2306 253 38 Montmartre,
891 2308 45 32 33

536 2350 122 36 PARIS

1250 400 114 56 LES
1436 402 358 58 PATRONS
1864 406 538 56 MARIE-CLAIRE
2582 380 8 122 |

1217 497 137 27 Nouvelle
1377 500 114 25 adresse
1516 507 7 17 :
1551 499 35 31 10,
1611 499 62 27 RUE
1696 501 42 26 DE
1761 501 108 32 ROME,
1894 503 143 27 PARIS-S'.
2058 517 33 6 —
2112 505 54 26 Tél.
2191 504 132 26 EUROPE
2345 504 76 26 41-70

1587 550 104 32 (Angle
1716 552 36 25 de
1779 552 24 26 la
1830 562 45 17 rue
1899 554 37 25 de
1963 554 96 32 l'Isly.)

1121 598 145 31 Magasins
1283 600 111 24 ouverts
1412 599 37 26 de
1467 600 15 24 9
1499 599 97 27 heures
1613 601 31 25 30
1661 601 16 25 à
1701 601 26 26 19
1744 602 106 26 heures.
1871 603 108 27 Fermés
1998 605 25 25 le
2045 605 75 26 lundi
2138 605 87 26 matin
2245 605 109 32 jusqu'à
2377 605 27 25 14
2423 605 106 27 heures.

1152 649 24 24 A
1201 650 92 24 toutes
1318 657 49 18 nos
1393 649 135 31 iectrices,
1555 659 66 17 nous
1648 660 123 22 pouvons
1795 653 103 26 fournir
1924 655 38 25 les
1989 657 113 26 patrons
2127 664 43 17 sur
2195 664 121 18 mesures
2341 657 37 25 de
2403 659 62 23 tous
2492 657 39 25 les

1123 682 127 26 modèles
1276 691 81 22 parus
1381 684 70 25 dans
1474 693 15 16 «
1503 684 196 27 Marie-Ciaire
1713 695 22 21 »,
1760 688 60 24 sauf
1844 696 66 17 ceux
1934 688 93 32 signés
2053 698 51 22 par
2128 690 38 25 les
2191 690 162 26 couturiers.

1153 732 77 26 Seuls
1253 733 38 25 les
1314 733 127 26 modèles
1464 736 83 29 ayant
1571 743 31 17 un
1627 737 112 25 numéro
1762 737 142 31 supérieur
1926 738 16 26 à
1971 739 42 26 100
2035 740 118 25 existent
2174 749 33 17 en
2234 743 114 29 patrons
2372 741 61 26 tout
2455 741 76 26 faits.

1152 783 30 35 *
1203 783 55 25 Nos
1278 783 155 26 PATRONS
1451 784 88 26 TOUT
1558 785 90 26 FAITS
1666 789 222 29 correspondent
1905 789 16 26 à
1943 798 59 18 une.
2014 789 78 27 taille
2111 792 30 24 44
2161 791 70 26 mais
2250 794 114 24 portent
2383 794 92 23 toutes
2496 792 38 25 les

1122 817 169 25 indications
1315 826 68 22 pour
1406 817 59 26 être
1489 819 178 26 transformés
1689 829 32 16 en
1745 820 78 27 taille
1845 822 30 25 42
1895 831 35 17 ou
1952 824 41 25 46.

1145 866 94 26 TARIF
1271 867 58 26 DES
1361 868 154 26 PATRONS
1546 868 86 27 TOUT
1665 870 98 32 FAITS,
1796 872 24 25 la
1853 873 134 30 pochette
2438 876 16 25 5
2470 876 31 25 50

1153 917 30 31 *
1204 918 66 26 Pour
1295 918 38 26 les
1358 919 154 26 PATRONS
1536 919 63 26 SUR
1624 920 159 30 MESURES,
1809 922 16 26 il
1850 925 43 24 est
1918 923 211 29 indispensable
2154 926 37 26 de
2216 927 108 25 donner
2350 926 38 26 les
2412 935 121 15 mesures

1123 951 55 26 très
1201 952 167 31 complètes,
1394 953 90 25 même
1511 962 69 22 pour
1605 954 38 26 les
1665 955 120 26 enfants.

1135 1035 4 1 ^
1156 1002 154 26 MANIERE
1341 1003 39 25 DE
1411 1003 147 26 PRENDRE
1589 1004 51 26 LES
1670 1005 150 27 MESURES
1849 1016 7 17 :
1884 1007 119 28 Carrure
2031 1010 107 25 devant
2167 1010 97 25 (d'une
2292 1011 196 24 emmanchure
2516 1011 16 24 à

1124 1035 5 25 I
1144 1036 90 31 autre)
1314 1036 117 26 Carrure
1456 1038 53 25 dos
1530 1051 32 4 —
1583 1038 67 26 Tour
1672 1039 37 26 de
1734 1040 120 30 poitrine
1878 1055 32 4 —
1931 1042 67 26 Tour
2022 1044 36 25 de
2084 1043 78 27 taille
2186 1058 33 5 —
2243 1045 75 25 Haut
2341 1045 52 25 des
2416 1045 121 25 hanches

1125 1069 124 31 (environ
1270 1070 15 25 à
1313 1071 25 24 12
1358 1079 54 16 cm.
1433 1070 36 26 de
1493 1071 24 25 la
1539 1070 92 31 taille)
1654 1086 32 4 —
1707 1072 48 26 Bas
1776 1074 51 26 des
1847 1075 121 26 hanches
1987 1090 32 4 —
2041 1077 86 25 Long.
2148 1077 79 24 taille
2249 1079 66 22 dev.
2339 1079 50 25 (de
2414 1078 122 25 l'épaule

1122 1103 15 26 à
1161 1103 24 26 la
1206 1103 92 31 taille)
1320 1117 32 4 —
1373 1111 84 24 Long.
1478 1104 78 26 taille
1578 1105 52 26 dos
1653 1106 49 30 (de
1725 1106 24 26 la
1771 1116 91 22 nuque
1883 1109 15 25 à
1921 1108 24 26 la
1967 1109 93 27 taille)
2082 1125 33 4 —
2135 1112 84 25 Long.
2241 1112 136 25 d'épaule
2396 1126 32 4 —
2449 1113 85 25 Long.

1122 1137 37 25 de
1184 1137 63 31 jupe
1271 1138 113 30 devant,
1408 1138 74 30 côté,
1506 1139 53 25 dos
1580 1153 33 4 —
1635 1140 84 31 Long.
1740 1141 87 26 extér.
1850 1142 116 27 manche
1992 1144 80 28 (bras
2095 1144 71 28 plié)
2190 1159 33 5 —
2246 1147 86 25 Long.
2356 1145 80 27 intér.
2459 1155 74 17 man-

1121 1171 51 26 che
1194 1171 78 31 (bras
1290 1172 96 30 tendu,
1405 1172 37 26 du
1461 1172 115 27 dessous
1594 1173 37 26 de
1653 1173 63 27 bras
1734 1182 34 18 au
1788 1174 133 34 poignet)
1941 1191 32 4 —
1989 1178 67 26 Tour
2073 1180 38 25 de
2132 1179 64 27 bras
2212 1194 34 4 —
2262 1180 67 26 Tour
2347 1181 37 25 de
2405 1180 122 33 poignet

1150 1233 113 26 TARIFS
1288 1242 7 17 :

1118 1268 83 24 Robe,
1235 1269 141 25 manteau,
1409 1269 191 27 trois-quarts,
1633 1270 44 26 Ja-
1863 1274 128 23 Chemise
2020 1275 35 22 de
2082 1276 71 26 jour,
2184 1278 146 25 pantalon,
2362 1282 64 18 sou-

1149 1303 95 25 quette
1287 1303 107 26 longue,
1437 1308 75 22 cape,
1555 1305 121 25 pyjama,
1892 1308 158 27 tien-gorge
2478 1311 16 23 7
2527 1318 13 16 b

1144 1335 151 24 déshabillé
1713 1338 30 23 16
1775 1344 15 17 »
1866 1342 72 25 Cols,
1961 1343 131 23 manches
2111 1345 29 22 et
2160 1346 96 21 autres
2276 1345 86 26 petits
2381 1350 47 18 ac-

1114 1370 139 25 Jaquette,
1277 1371 85 26 veste,
1386 1372 115 26 tunique
1712 1373 30 22 12
1775 1379 14 16 »
1891 1377 133 22 cessoires
2479 1381 16 18 6
2527 1386 14 13 »

1117 1405 75 21 Robe
1220 1405 35 22 du
1282 1405 65 25 soir.
1375 1405 111 26 mariée,
1514 1406 162 26 cérémonie.
1931 1417 158 23 ENFANTS
2108 1418 45 22 DE
2172 1418 16 22 5
2206 1419 22 21 A
2247 1419 30 21 14
2297 1419 66 21 ANS
2420 1402 7 1 '

1145 1439 131 22 travestis
1402 1452 6 9 ;
1713 1440 31 24 16
1776 1447 15 16 »
1866 1456 21 6 „
1909 1456 15 9 ^

1118 1472 127 25 Tailleur,
1272 1474 124 22 costume
1422 1474 32 22 de
1480 1474 41 22 ski
1712 1475 31 22 18
1776 1482 14 15 »
1865 1456 84 51 R°^r'
2053 1457 69 26 teau'
2153 1459 122 25 PyJama,
2306 1459 124 22 costume
2480 1493 15 14 ,

1712 1510 31 22 20
1776 1516 14 16 '
1863 1523 109 27 Blouse,
1990 1525 73 26 jupe,
2083 1526 85 25 veste,
2187 1509 113 43 culotte,
2320 1510 110 40 tablier.
2479 1527 16 23 5
2527 1500 16 51 >'

1146 1574 115 23 tabliers
1294 1580 65 17 sans
1391 1576 132 22 manches
1729 1578 15 22 9
1776 1584 15 15 »
2008 1571 145 25 JUSQU'A
2179 1572 16 21 5
2220 1572 66 22 ANS

1116 1608 107 26 Boléro,
1245 1609 87 26 petite
1353 1614 76 22 cape.
1452 1610 75 26 gilet,
1550 1611 127 23 liseuse..
1729 1612 16 22 8
1777 1618 15 16 »
1867 1609 83 26 Robe,
1981 1611 141 25 manteau,
2154 1611 121 26 pyjama,
2306 1612 124 22 costume

1116 1643 127 22 Chemise
1262 1644 33 21 de
1313 1644 71 25 nuit,
1404 1645 199 25 combinaison,
1623 1646 58 25 pei-
1895 1645 154 25 garçonnet
2480 1646 16 23 6
2528 1652 14 16 »

1148 1677 88 25 gnolr,
1267 1677 100 23 tablier
1394 1682 66 17 avec
1487 1678 191 23 manches....
1715 1679 30 23 11
1778 1685 14 16 *
1865 1677 108 26 Blouse.
1992 1679 72 25 jupe,
2085 1679 84 25 veste,
2188 1678 113 26 culotte,
2321 1679 109 24 tablier.
2480 1681 15 22 4
2528 1687 14 15 »

1314 1727 212 26 SUPPLEMENT
1554 1728 39 25 DE
1621 1730 25 24 10
1673 1729 132 25 FRANCS
1833 1729 88 25 POUR
1949 1728 154 26 PATRONS
2128 1729 219 25 MOUSSELINE

1311 1761 214 26 SUPPLEMENT
1578 1762 40 25 DE
1673 1763 5 24 1
1735 1762 46 26 FR.
1832 1763 30 25 30
1914 1762 90 26 POUR
2059 1761 93 26 FRAIS
2205 1762 137 26 D'ENVOI

1155 1796 94 25 Aucun
1276 1797 82 24 envoi
1386 1797 105 24 n'étant
1519 1797 53 25 fait
1598 1799 97 23 contre
1722 1797 250 30 remboursement,
2000 1797 111 30 joignez
2137 1798 16 24 à
2180 1799 79 23 votre
2288 1800 81 23 lettre
2397 1803 36 20 de
2461 1806 75 18 com-

1122 1830 103 25 mande
1251 1830 81 30 (nous
1356 1829 147 31 indiquant
1528 1830 24 25 le
1575 1835 31 20 n°
1630 1831 36 24 du
1691 1833 101 28 patron
1814 1832 62 23 tout
1900 1830 52 25 fait
1975 1839 35 16 ou
2033 1838 49 18 vos
2105 1838 122 18 mesures
2248 1831 139 31 exactes),
2412 1832 25 25 le
2460 1840 76 18 mon-

1123 1864 61 24 tant
1206 1863 37 26 de
1263 1866 79 23 votre
1363 1864 170 25 commande
1553 1864 37 26 de
1613 1864 164 31 préférence
1798 1872 34 18 en
1853 1864 214 31 mandat-poste
2087 1872 35 18 en
2145 1864 140 32 précisant
2308 1865 65 26 bien
2393 1874 16 17 «
2429 1866 110 27 Service

1125 1897 37 26 de
1184 1898 111 26 Patrons
1315 1906 24 17 ».
1360 1898 133 31 Chèques
1515 1900 116 30 postaux
1655 1907 5 16 :
1684 1898 72 26 Paris
1775 1898 116 26 2231-05.

1178 1933 57 25 Nos
1260 1934 115 29 patrons
1398 1940 29 18 se
1450 1934 128 24 trouvent
1601 1933 163 31 également
1788 1941 34 17 en
1845 1934 83 24 vente
1952 1932 70 26 dans
2044 1934 94 25 toutes
2162 1933 40 26 les
2226 1933 106 26 bonnes
2354 1934 131 27 maisons.

1149 2090 201 57 TARIFS
1425 2090 489 57 D'ABONNEMENTS
1992 2090 36 55 A
2097 2090 417 56 MARIE-CLAIRE

2072 2170 14 27 3
2107 2170 88 26 MOIS
2261 2172 15 25 6
2295 2170 90 27 MOIS
2458 2171 47 25 UN
2525 2169 50 27 AN

1081 2238 136 27 FRANCE
1243 2239 32 25 ET
1298 2238 190 31 COLONIES.
1515 2238 222 26 PRINCIPAUTE
1764 2238 38 26 DE
1827 2237 196 27 MONACO..
2094 2238 30 26 22
2158 2246 15 17 »
2280 2238 29 26 43
2343 2246 16 17 »
2482 2238 31 25 84
2546 2246 16 17 »

1096 2273 175 25 ETRANGER
1298 2273 89 31 (selon
1413 2274 23 25 le
1458 2273 66 26 tarif
1541 2281 5 17 :
1568 2281 14 17 «
1606 2272 141 32 imprimés
1769 2274 27 29 »)
1815 2280 6 17 :

1095 2307 63 30 Pays
1185 2308 14 24 à
1229 2307 73 31 plein
1330 2307 66 25 tarit
2094 2307 31 24 45
2158 2314 17 16 »
2282 2306 30 25 85
2345 2314 15 17 »
2472 2305 43 26 162
2548 2313 14 17 »

1095 2341 62 30 Pays
1191 2341 14 25 à
1241 2340 155 26 demi-tarif
2097 2340 28 24 34
2161 2348 13 15 »
2282 2340 29 24 64
2346 2348 14 15 »
2474 2339 36 25 121
2548 2348 14 15 »

1094 2418 377 26 ABONNEMENTS-POSTE
1504 2418 318 25 INTERNATIONAUX.
1851 2431 31 4 —
1913 2418 70 25 Dans
2013 2417 120 26 certains
2164 2425 66 23 pays
2259 2418 155 30 étrangers,
2445 2425 34 17 on
2511 2419 66 28 peut

1094 2453 143 29 souscrire,
1260 2453 69 25 dans
1351 2454 38 24 les
1411 2453 120 25 bureaux
1552 2452 36 25 de
1612 2453 80 29 poste
1715 2452 36 25 du
1775 2460 67 23 pays
1864 2451 132 26 intéressé
2017 2451 163 31 seulement,
2203 2451 51 25 des
2275 2450 301 31 abonnements-poste

1097 2487 218 26 internationaux
1340 2486 14 26 à
1379 2487 51 25 des
1455 2486 57 31 prix
1537 2485 142 27 intérieurs
1703 2486 15 25 à
1744 2494 66 17 ceux
1834 2488 51 23 des
1908 2486 205 25 abonnements
2136 2485 157 31 étrangers.
2318 2484 33 26 Se
2377 2484 160 31 renseigner
2561 2485 15 25 à

1098 2521 22 25 la
1149 2523 80 28 poste
1254 2521 35 25 du
1316 2529 76 22 Pà/S.

1095 2554 249 26 CHANGEMENT
1369 2553 189 26 D'ADRLSSE.
1578 2567 32 4 —
1630 2553 83 26 Toute
1736 2552 143 27 demande
1901 2552 63 26 doit
1986 2560 67 18 nous
2075 2551 129 31 parvenir
2226 2550 58 27 huit
2306 2552 72 31 jours
2399 2551 16 26 à
2441 2551 135 30 l'avance,

1098 2588 213 32 accompagnée
1335 2588 83 25 d'une
1444 2587 93 26 bande
1561 2587 222 25 d'abonnement
1806 2588 28 24 et
1857 2586 36 26 de
1919 2586 24 25 la
1967 2594 106 17 somme
2098 2586 37 25 de
2163 2586 4 24 1
2195 2585 33 25 fr.
2252 2586 39 25 50.

1098 2622 228 26 REGLEMENTS.
1344 2635 32 5 —
1397 2622 32 25 Le
1450 2623 127 23 montant
1596 2621 36 25 de
1653 2621 109 29 chaque
1783 2620 169 25 commande
1971 2619 63 26 doit
2054 2619 60 26 être
2136 2618 68 32 joint
2223 2618 15 26 à
2262 2619 24 25 la
2307 2619 156 26 demande.
2483 2619 94 25 Aucun

1097 2656 78 26 envoi
1200 2665 31 16 ne
1255 2664 59 18 sera
1338 2655 53 26 fait
1413 2657 96 23 contre
1533 2657 249 23 reinboursement.

1093 2702 38 29 25,
1176 2701 61 25 RUE
1280 2699 198 31 D'ABOUKIR,
1523 2699 103 25 PARiS.
1667 2712 32 5 —
1739 2697 141 27 COMPTE
1921 2696 166 32 CHEQUES
2130 2696 152 26 POSTAUX
2325 2696 95 26 PARIS
2461 2697 116 26 2084-67.

1330 2910 200 50 MOTS

1272 2978 300 63 CROISÉS

1187 3151 85 23 VOIR
1298 3151 43 21 LA
1368 3149 175 23 SOLUTION
1568 3148 91 22 DANS

1187 3179 117 22 NOTRE
1317 3178 180 23 PROCHAIN
1515 3176 148 23 NUMERO

1094 4327 357 26 HORIZONTALEMENT.
1471 4337 31 5 —
1521 4324 23 22 1.
1566 4323 72 23 Elles
1659 4322 62 23 sont
1742 4320 62 23 lan-

1062 4364 58 23 cées
1148 4369 68 21 pour
1244 4368 52 17 une
1325 4361 149 26 réception.
1501 4370 32 4 —
1558 4359 23 21 2.
1610 4357 37 22 Ils
1675 4355 129 24 tiennent

1062 4398 99 24 chaud.
1185 4398 120 23 Canton.
1328 4407 32 4 —
1380 4395 24 22 3.
1428 4393 115 23 Textile.
1567 4392 90 22 Saint.
1680 4391 125 23 Message

1063 4433 32 22 de
1113 4433 83 21 mort.
1214 4443 33 4 —
1264 4432 24 21 4.
1306 4431 75 21 Nous
1400 4434 33 17 en
1453 4432 119 18 sommes
1591 4427 62 21 tous
1672 4425 132 24 citoyens,

1064 4466 146 23 Pommade
1237 4465 32 22 de
1296 4464 81 23 blanc
1403 4463 32 22 de
1462 4461 101 26 plomb.
1589 4471 32 4 —
1646 4459 22 22 5.
1697 4457 108 24 Animal

1064 4500 89 22 marin
1176 4500 67 22 dont
1267 4498 40 23 les
1329 4498 116 22 femmes
1468 4501 28 17 se
1518 4495 98 27 parent
1638 4492 115 27 parfois.
1776 4502 31 5 —

1063 4535 24 22 6.
1111 4533 24 24 Il
1157 4533 75 23 n'est
1253 4536 51 23 pas
1327 4532 127 26 toujours
1475 4529 83 24 facile
1580 4528 18 23 à
1620 4528 121 25 stopper.
1764 4525 42 24 Un

1871 2822 196 25 arrangement
2086 2821 37 22 lui
2142 2822 41 21 est
2202 2820 163 26 préférable.
2383 2832 33 4 —
2432 2821 24 22 7.
2475 2821 138 22 Desserre.

1872 2856 174 25 Expression.
2063 2866 32 4 -
2110 2855 25 22 8.
2152 2855 126 22 Boisson;
2297 2856 95 21 Lettre
2408 2860 125 21 grecque.
2551 2855 64 22 Sots

1872 2890 155 25 ignorants.
2052 2900 32 4 -
2105 2889 24 22 9.
2154 2889 146 22 Possessif.
2325 2889 148 25 Empereur
2497 2889 118 22 romain.

1872 2935 31 4 —
1925 2923 38 22 10.
1986 2923 89 22 D'une
2097 2923 127 25 exIgence
2247 2922 134 23 extrême.
2404 2934 32 4 —
2457 2922 39 22 11.
2519 2922 96 26 Quali-

1873 2957 37 22 fie
1929 2962 35 16 en
1983 2956 91 26 poésie
2094 2961 53 17 une
2165 2961 67 17 mer.
2253 2957 39 21 Ne
2310 2961 51 21 pas
2381 2955 184 23 reconnaître.
2586 2967 29 4 —

1874 2991 38 21 12.
1938 2991 66 22 Vide
2028 2990 104 23 absolu.
2157 3001 31 4 —
2212 2990 38 22 13.
2275 2991 74 21 Nous
2373 2995 34 17 en
2432 2995 87 17 avons
2542 2990 73 26 cinq.

1873 3025 37 22 La
1934 3024 43 22 vie
2001 3024 73 23 l'est.
2098 3035 32 5 —
2153 3024 38 22 14.
2216 3024 128 22 Nombre.

1905 3091 302 23 VERTICALEMENT.
2235 3101 31 5 —
2292 3090 24 22 1.
2344 3090 72 22 Elles
2442 3089 110 27 égalent
2580 3095 35 17 un

1874 3125 76 22 livre.
1978 3136 32 4 —
2036 3125 23 21 2.
2088 3125 39 21 De
2155 3124 78 23 taille
2260 3124 154 22 anormale.
2443 3124 173 22 Poursuivies

1874 3164 66 17 sans
1967 3158 159 23 discrétion.
2153 3170 32 4 —
2210 3159 24 21 3.
2261 3158 43 22 Où
2332 3158 57 22 l'on
2417 3158 52 23 fait
2497 3158 35 22 du
2559 3158 57 21 vin.

1873 3193 70 23 Ville
1973 3192 120 23 d'Italie.
2121 3204 33 4 —
2181 3193 24 21 4.
2236 3191 119 24 Préfixe.
2385 3193 148 22 Consacra.
2564 3192 52 24 Qui

1873 3227 128 22 aimerait
2029 3226 71 22 aller
2125 3225 63 27 près
2216 3226 36 22 du
2280 3226 55 22 feu.
2363 3237 33 4 —
2423 3226 23 22 5.
2475 3225 140 23 Meurtrir.

1873 3260 160 23 Révoltant.
2054 3271 31 4 —
2103 3261 24 21 6.
2148 3260 115 23 Crainte
2282 3259 138 22 maladive
2439 3259 47 22 des
2506 3264 111 20 espaces

1873 3295 85 21 vides.
1978 3293 213 24 Démonstratif.
2210 3305 33 4 —
2260 3294 23 21 7.
2304 3293 128 22 Pronom.
2452 3291 165 27 Méprisable

1874 3329 93 25 quand
1994 3328 20 22 Il
2041 3328 42 22 est
2110 3328 91 22 triste.
2231 3327 195 25 Conjonction.
2456 3327 34 22 Se
2517 3326 100 22 hausse

1874 3362 70 22 dans
1965 3362 26 22 la
2010 3361 97 23 colère.
2126 3372 33 5 —
2177 3361 24 22 8.
2222 3360 109 23 Préfixe
2350 3360 154 26 égalitaire.
2526 3360 90 22 Saint.

1874 3396 50 22 Val
1951 3395 146 26 pyrénéen.
2124 3396 79 21 Note.
2230 3406 32 3 —
2288 3394 24 23 9.
2340 3393 128 23 Absorbé.
2496 3394 71 22 Tout
2595 3393 24 22 le

1873 3429 101 22 monde
2004 3428 26 22 la
2058 3428 123 25 connaft,
2212 3427 92 23 même
2334 3433 66 16 sans
2430 3427 63 23 être
2518 3428 101 25 jamais

1872 3462 54 22 allé
1950 3462 16 22 à
1990 3462 149 22 Marseille.
2163 3472 32 4 —
2218 3461 39 24 10.
2282 3462 52 24 Qui
2359 3461 72 22 n'est
2456 3462 88 21 certes
2568 3465 49 21 pas

1875 3496 24 22 le
1925 3496 127 25 premier.
2079 3495 85 22 Entre
2189 3495 71 21 deux
2286 3494 116 23 lisières.
2428 3505 31 4 —
2485 3494 38 23 11.
2550 3494 70 22 Ville

1874 3529 120 23 d'Italie.
2021 3528 146 23 Monnaies
2192 3528 150 22 romaines.

1875 3726 177 24 SOLUTION
2106 3726 50 24 DU
2211 3725 151 24 NUMERO
2416 3724 204 24 PRECEDENT

2760 2616 420 98 Beauté
3272 2612 146 100 du

3056 2748 368 100 BUSTE

3225 2947 104 40 Seins

3158 2997 240 51 développés

3299 3065 45 23 rni

3146 3102 260 35 reconstitués,

2675 3135 166 60 ÀffT1
3170 3150 214 43 SALIERES

2663 3193 75 56 JrT
2971 3223 88 26 m
3127 3201 196 41 comblées
3357 3216 70 33 par

2661 3248 41 46 F
2781 3248 288 46 Xvvlî^®
3176 3252 52 41 les
3252 3251 126 41 Pilules

2654 3292 28 51 I
2754 3293 65 52 fcdL
2835 3329 10 6 -
3021 3325 48 24 j
3169 3302 220 42 Orientales

2663 3348 31 40 ^
2745 3348 14 38 1
3130 3355 70 34 Seul
3221 3368 111 28 moyen
3353 3367 78 29 pour

3132 3401 26 33 la

3358 3458 73 20 con-

3131 3504 105 21 server
3256 3504 40 20 ,ou
3320 3491 42 33 de
3386 3504 45 20 re-

2725 3541 66 81 Ê
2836 3581 175 41 BEAUTE
3038 3582 58 40 DE
3122 3549 46 72 LA
3168 3549 122 72 couvrer
3290 3549 139 72 POITRINE

2718 3637 56 41 K
2825 3646 146 39 Toujours
2992 3644 226 34 bienfaisantes
3232 3655 78 29 pour
3323 3644 26 32 la
3363 3655 68 21 san-

2715 3684 52 39 H
2831 3694 42 33 té,
2896 3691 74 33 elles
2992 3693 210 30 conviennent
3221 3692 79 30 aussi
3323 3689 71 33 bien
3408 3692 17 30 à

2716 3727 50 42 H
2829 3736 26 34 la
2878 3739 90 38 jeune
2981 3734 64 34 fille
3057 3736 73 39 qu'à
3145 3735 26 32 la
3186 3734 116 33 femme
3314 3733 117 34 adulte.

2718 3780 56 51 S
2836 3791 93 41 Pour
2957 3789 239 43 développer
3224 3794 43 36 et
3294 3788 134 42 raffer-

2725 3830 67 74 mi
2833 3845 67 38 mir
2918 3842 53 41 les
2988 3844 98 38 seins
3103 3843 78 37 rien
3199 3855 50 26 ne
3265 3846 92 36 vaut
3375 3840 52 42 les.

2744 3880 156 188 V
2924 3936 464 148 Pilules

2756 4100 672 152 Orientales

2769 4279 169 24 Traitement
2961 4279 34 23 de
3019 4279 70 22 deux
3109 4279 71 22 mola
3203 4278 122 26 environ.
3352 4277 80 24 facile

2769 4308 17 22 à
2816 4308 88 23 suivre
2933 4312 34 18 en
2997 4307 94 22 secret.
3122 4305 99 23 Flacon
3251 4310 63 18 avec
3341 4306 91 22 notice

2767 4336 93 22 contre
2899 4334 235 24 remboursement,
3152 4335 29 22 22
3195 4335 33 22 tr.
3243 4335 38 21 50.
3296 4334 91 23 Ecrire.
3413 4333 17 24 à

2767 4363 15 28 i.
2782 4363 26 28 45,
2823 4362 70 29 BATIE,
2893 4362 130 29 l'Echiquier,
3023 4362 130 29 Pharmacien.
3184 4361 73 30 Service
3257 4361 64 30 (10®).
3321 4361 27 30 84
3348 4361 84 30 EnvolBF,

2830 4397 21 18 r.
2873 4392 33 22 de
3123 4390 100 23 PARIS

2767 4419 100 23 discret
2883 4424 51 21 par
2949 4418 28 23 la
2993 4419 84 26 poste.
3096 4418 202 23 BRUXELLES
3316 4422 6 18 :
3344 4417 86 23 Phar-

2766 4447 87 23 macie
2887 4447 122 26 Delàcre;
3047 4446 135 23 ANVERS
3217 4451 7 17 :
3263 4445 80 26 Hoét;
3370 4445 60 24 GE-

2767 4475 88 23 NEVE
2880 4480 7 17 :
2916 4475 158 23 Pharmacie
3097 4474 47 23 des
3167 4474 126 26 Bergues.
3318 4474 62 25 etc.,
3405 4473 27 23 et

2768 4508 29 21 P'
2812 4502 119 28 aclpales
2971 4502 169 27 pharmacies
3179 4501 35 24 de
3254 4502 61 23 tous
3356 4506 73 22 pays.

242 4628 34 23 le
289 4626 121 28 Gérant
425 4639 6 15 :
447 4627 32 28 H.
495 4628 257 29 DESPLANQUES

242 4665 33 28 R.
307 4666 38 29 C.
376 4667 124 30 Seine
527 4669 49 28 25
592 4669 7 27 1
616 4669 92 28 .795
734 4669 19 27 8
780 4711 4 2 -

1628 4651 175 35 IMPRIMÉ
1841 4658 50 27 EN
1929 4658 168 28 FRANCE

2736 4657 27 26 E.
2777 4646 469 39 DESFOSSÉS-NEOGRAVURE,
3261 4653 82 33 Imp.,
3360 4652 80 27 Paris
