7618 5004
2344 404 618 222 POUR
2962 404 865 222 TOUTES
3827 404 494 222 LES
4321 404 988 222 HEURES,
5309 404 370 222 DU
5679 404 868 222 TRICOT

2489 781 209 33 TRICOTEZ
2723 783 114 32 POUR
2861 779 115 36 VOUS
3000 783 55 32 CE
3080 783 70 31 BEL
3176 783 214 32 ENSEMBLE
3415 782 200 32 TAILLEUR

2896 839 100 31 TRES
3024 838 194 32 ELEGANT

2495 917 97 33 Pour
2618 916 131 33 l'heure
2775 915 46 33 du
2847 915 150 34 cocktail
3024 926 138 22 comme
3187 925 90 30 pour
3302 914 170 40 déjeuner
3497 925 46 22 ou
3570 913 99 34 dîner

2450 974 41 21 en
2522 962 92 38 ville,
2646 972 89 22 vous
2766 971 96 22 serez
2894 960 172 33 heureuse
3098 959 136 34 d'avoir
3264 971 38 22 ce
3333 959 89 34 beau
3453 958 150 34 tailleur.

2494 1007 96 33 Dans
2620 1007 33 32 la
2680 1005 158 42 journée,
2868 1016 90 23 vous
2986 1005 321 41 l'accompagnerez
3337 1004 82 34 d'un
3447 1015 149 30 corsage
3625 1004 43 33 de

2452 1052 72 33 soie
2555 1051 107 33 claire
2701 1062 8 28 ;
2742 1051 31 32 le
2805 1050 82 39 soir,
2919 1061 47 22 un
2995 1049 186 34 chemisier
3211 1049 43 34 de
3286 1049 90 34 lamé
3407 1061 42 21 or
3481 1060 79 23 sera
3590 1049 79 40 plus

2452 1096 150 41 indiqué.

2492 1142 101 33 Vous
2630 1141 186 34 tricoterez
2853 1151 80 23 sans
2969 1140 176 34 difficulté
3181 1151 38 22 ce
3255 1138 228 42 deux-pièces
3519 1139 60 40 qui
3614 1143 56 29 est

2450 1188 102 32 d'une
2590 1186 186 34 exécution
2814 1186 322 40 particulièrement
3175 1185 105 34 facile
3317 1191 33 28 et
3388 1185 83 33 d'un
3506 1185 82 40 prix
3625 1184 43 34 de

2454 1233 132 32 revient
2612 1231 71 34 très
2710 1231 71 34 bas.

2495 1276 97 33 Pour
2619 1277 49 32 les
2699 1276 222 34 fournitures
2948 1281 211 35 permettant
3185 1274 204 35 d'exécuter
3415 1286 39 22 ce
3481 1274 72 34 très
3580 1273 90 34 beau

2449 1320 238 41 deux-pièces,
2726 1320 255 40 écrivez-nous,
3019 1331 90 22 nous
3148 1331 90 23 vous
3276 1320 269 41 renseignerons
3584 1329 87 23 avec

2451 1367 132 40 plaisir.

2497 1433 275 33 FOURNITURES.
2796 1453 43 3 —
2867 1442 90 24 i.ooo
2979 1444 52 29 gr.
3055 1432 44 34 de
3122 1432 35 33 fil
3183 1432 42 34 de
3251 1443 152 30 rayonne
3427 1433 108 39 noire,
3560 1440 19 24 2
3603 1432 67 39 aig.

2453 1489 84 23 mes.
2566 1487 20 23 2
2613 1489 82 22 mm.
2723 1478 43 33 de
2795 1478 181 39 diamètre,
3006 1478 154 32 donnant
3188 1477 102 41 après
3321 1488 188 29 repassage
3541 1486 38 24 10
3606 1488 66 21 cm.

2453 1523 43 33 de
2528 1524 98 39 large
2657 1534 90 29 pour
2779 1532 40 31 35
2853 1534 44 21 m.
2930 1528 34 28 et
2999 1532 38 23 10
3067 1534 66 22 cm.
3166 1522 43 34 de
3240 1523 38 32 ht
3310 1533 90 29 pour
3430 1532 42 31 40
3505 1533 57 29 rgs
3595 1522 76 32 tric.

2451 1579 43 21 en
2523 1574 37 34 pt
2591 1567 43 33 de
2663 1567 106 39 côtes,
2799 1576 41 24 20
2870 1579 43 21 m.
2945 1567 97 34 endr.
3072 1573 36 28 et
3136 1576 21 23 2
3186 1579 44 21 m.
3262 1579 73 21 env.
3368 1568 59 33 Un
3457 1567 144 33 crochet
3629 1577 44 23 en

2452 1613 116 39 métal,
2595 1623 19 31 3
2641 1625 45 21 m.
2712 1623 42 30 40
2780 1613 43 34 de
2851 1612 111 34 ruban
2989 1613 78 33 noir
3094 1625 42 22 en
3165 1613 99 33 faille
3290 1624 85 22 mes.
3402 1622 20 23 2
3447 1624 65 22 cm.
3544 1613 58 36 1/2
3628 1611 44 34 de

2454 1659 107 39 large.
2598 1658 56 33 Un
2687 1657 132 34 bouton
2853 1658 86 33 doré
2972 1669 85 22 mes.
3090 1668 19 30 3
3142 1669 65 22 cm.
3241 1657 44 34 de
3319 1658 182 40 diamètre,
3536 1665 40 31 70
3607 1668 66 22 cm.

2451 1703 43 33 de
2522 1704 205 39 gros-grain
2754 1703 100 33 blanc
2883 1703 113 40 (taille
3020 1702 68 39 42).

2495 1769 141 33 POINTS
2661 1769 197 33 EMPLOYÉS.
2953 1769 26 33 I.
3007 1769 105 34 Point
3140 1769 41 33 de
3207 1769 96 34 côtes
3328 1779 42 23 20
3394 1775 33 28 et
3453 1779 19 23 2
3500 1771 31 30 X
3562 1779 41 23 20
3628 1780 45 21 m.

2451 1815 108 38 endr.,
2586 1824 19 22 2
2632 1827 43 20 m.
2701 1825 87 29 env.,
2820 1816 44 37 X,
2894 1814 189 40 reprendre
3109 1825 45 22 au
3182 1815 153 39 premier
3363 1814 97 41 signe
3492 1815 45 38 X,
3565 1819 63 28 etc.
3666 1825 8 28 ;

2455 1861 45 32 II.
2532 1861 140 33 Mailles
2702 1861 142 39 simples
2874 1872 44 21 au
2946 1860 144 33 crochet
3129 1872 5 20 :
3170 1862 13 30 1
3183 1862 20 30 °
3235 1871 89 29 pour
3354 1860 134 39 chaque
3517 1871 44 21 m.
3592 1860 84 40 sple,

2455 1909 124 37 piquer
2611 1907 31 33 le
2674 1906 143 33 crochet
2849 1905 87 34 dans
2969 1917 67 22 une
3068 1917 55 28 m.,
3157 1907 86 32 tirer
3275 1917 67 22 une
3375 1905 133 39 boucle,
3545 1915 12 22 1
3594 1905 81 39 jeté,

2454 1963 121 29 passer
2597 1952 30 32 le
2648 1951 72 41 jeté
2742 1951 86 33 dans
2850 1960 19 22 2
2889 1951 144 33 boucles
3055 1952 46 33 du
3124 1951 143 33 crochet
3279 1963 7 28 ;
3309 1962 71 22 aux
3403 1962 59 28 rgs
3485 1950 157 34 suivants
3669 1960 6 22 :

2455 1997 95 33 exéc.
2579 1998 135 39 chaque
2742 2009 44 21 m.
2816 1997 74 40 sple
2919 2009 83 21 sous
3035 2007 10 22 1
3077 2008 44 21 m.
3150 1996 43 34 de
3221 1996 70 34 tête
3320 1996 43 34 de
3392 1997 32 32 la
3453 2007 44 21 m.
3527 1996 73 39 sple
3629 1995 46 33 du

2456 2054 43 29 rg
2525 2041 185 41 précédent
2747 2054 8 28 ;
2786 2041 66 33 III.
2882 2041 105 34 Point
3014 2042 118 39 jersey
3163 2051 10 22 1
3205 2053 42 28 rg
3273 2041 108 39 endr.,
3412 2051 11 22 1
3457 2052 48 30 rg.
3534 2052 75 22 env.

2961 2120 205 39 JAQUETTE

2496 2189 148 32 DEVANT
2669 2198 150 23 GAUCHE.
2845 2207 42 5 —
2914 2187 142 34 Monter
3086 2188 59 32 108
3170 2199 43 21 m.
3242 2187 151 39 (rentrés
3421 2187 61 33 des
3508 2192 167 28 coutures

2455 2234 183 40 compris),
2671 2234 50 32 les
2752 2234 75 32 tric.
2860 2244 41 21 en
2933 2238 35 34 pt
2999 2233 43 33 de
3073 2232 96 34 côtes
3201 2242 40 23 20
3271 2238 33 28 et
3335 2242 19 22 2
3384 2244 41 21 en
3457 2244 126 26 comm,
3616 2244 63 28 par

2453 2281 21 30 6
2498 2291 42 20 m.
2564 2279 108 38 endr.,
2702 2279 43 37 X,
2769 2287 20 22 2
2812 2289 43 21 m.
2879 2289 87 27 env.,
2991 2287 42 23 20
3055 2289 43 21 m.
3120 2277 110 39 endr.,
3259 2279 45 37 X,
3330 2284 62 26 etc.
3419 2278 97 32 Dans
3538 2278 33 32 le
3595 2289 83 21 cou-

2456 2330 77 27 rant
2554 2325 46 32 du
2622 2324 136 39 travail,
2781 2326 13 30 1
2794 2326 21 30 °
2838 2323 20 33 à
2876 2333 22 30 9
2917 2335 64 21 cm.
3000 2323 45 33 de
3066 2323 47 39 ht,
3134 2334 125 22 comm.
3280 2322 22 34 à
3320 2323 130 33 biaiser
3471 2324 31 32 le
3521 2323 90 33 bord
3631 2322 47 34 du

2455 2371 90 33 dess.
2569 2370 42 33 de
2636 2370 81 33 bras
2740 2381 42 21 en
2805 2369 82 33 dim.
2912 2369 147 33 d'abord
3083 2376 17 32 5
3126 2368 71 33 fois
3224 2378 11 22 1
3262 2380 43 21 m.
3331 2375 80 26 tous
3434 2377 19 23 2
3476 2380 64 21 cm.
3565 2369 42 32 de
3629 2369 48 37 ht,

2456 2416 77 40 puis
2559 2415 21 33 à
2604 2417 42 31 26
2672 2427 63 21 cm.
2764 2415 42 33 de
2833 2416 36 31 ht
2897 2426 41 22 en
2965 2426 78 28 aug.
3072 2422 17 32 5
3119 2414 70 32 fois
3220 2424 11 22 1
3262 2426 44 20 m.
3335 2420 80 27 tous
3440 2423 20 23 2
3486 2425 75 28 cm.,
3589 2414 90 33 mais

2453 2465 37 28 2°
2512 2461 21 33 à
2555 2462 36 32 16
2609 2473 64 21 cm.
2695 2461 42 33 de
2758 2462 46 31 ht.
2827 2461 118 38 totale,
2967 2471 125 22 comm.
3113 2459 20 34 à
3151 2459 129 34 biaiser
3301 2460 30 33 le
3352 2459 89 34 bord
3462 2460 45 33 du
3529 2459 149 34 bouton-

2452 2519 90 28 nage
2560 2519 40 21 en
2620 2507 82 33 dim.
2721 2516 42 31 44
2783 2506 70 33 fois
2876 2516 11 22 1
2910 2518 43 20 m.
2975 2512 80 26 tous
3072 2516 21 29 4
3111 2516 60 29 rgs
3183 2517 7 26 ;
3211 2505 89 33 mais
3318 2508 38 37 3°
3379 2506 142 39 lorsque
3540 2506 30 32 le
3588 2505 90 33 bord

2454 2553 49 33 du
2538 2553 90 33 dess.
2662 2552 43 34 de
2738 2552 81 33 bras
2853 2563 83 22 mes.
2971 2552 41 39 38
3044 2563 65 21 cm.
3143 2551 43 33 de
3219 2551 47 40 ht,
3303 2551 138 33 former
3476 2551 126 33 l'emm.
3636 2563 43 21 en

2455 2597 72 34 rab.
2557 2604 81 27 tous
2667 2607 20 22 2
2716 2608 59 30 rgs
2815 2609 6 21 :
2857 2607 37 22 12
2923 2609 54 27 m.,
3007 2605 20 31 3
3058 2608 43 20 m.
3141 2608 6 27 ;
3179 2605 20 23 2
3228 2608 55 27 m.,
3313 2604 18 32 5
3364 2596 71 33 fois
3468 2606 12 22 1
3513 2608 55 27 m.,
3598 2597 78 39 puis

2449 2652 21 31 3
2505 2643 71 33 fois
2612 2653 12 21 1
2660 2654 45 21 m.
2737 2649 81 26 tous
2850 2642 21 33 6
2903 2653 60 28 rgs
2997 2642 55 39 (25
3086 2641 72 39 m.),
3191 2644 39 37 4"
3267 2642 142 39 lorsque
3443 2642 31 32 le
3507 2640 90 34 bord
3631 2641 43 33 de

2450 2688 126 33 l'emm.
2601 2699 85 22 mes.
2713 2697 38 22 12
2773 2698 64 22 cm.
2863 2687 42 33 de
2929 2687 48 39 ht,
3001 2686 129 34 biaiser
3154 2698 63 22 son
3240 2686 89 33 bord
3352 2698 43 21 en
3417 2697 117 30 augm.
3559 2695 18 32 5
3603 2686 72 33 fois

2456 2743 12 22 1
2503 2744 44 21 m.
2579 2738 80 28 tous
2689 2742 20 30 4
2740 2744 59 29 rgs
2839 2744 7 28 ;
2879 2735 37 37 50
2948 2733 144 39 lorsque
3122 2732 127 32 l'emm.
3281 2743 85 22 mes.
3400 2731 39 34 18
3467 2743 65 22 cm.
3564 2731 43 34 de
3637 2732 39 33 ht

2449 2779 120 37 totale,
2603 2777 130 34 biaiser
2766 2777 147 40 l'épaule
2945 2789 43 22 en
3022 2777 81 39 rab.,
3137 2783 80 27 tous
3250 2786 21 23 2
3303 2789 70 28 rgs,
3407 2777 21 32 8
3461 2777 73 33 fois
3567 2785 18 32 5
3618 2788 55 27 m.,

2453 2833 13 21 1
2502 2822 72 34 fois
2602 2832 21 30 4
2653 2834 44 21 m.
2730 2822 56 41 (44
2815 2823 73 39 m.).
2920 2822 107 33 Exéc.
3059 2823 31 32 le
3120 2821 148 35 devant.
3279 2822 95 34 droit
3407 2822 191 34 semblable
3629 2834 46 21 au

2449 2868 145 39 gauche,
2617 2868 87 33 mais
2726 2866 21 34 à
2770 2876 36 32 15
2828 2879 65 21 cm.
2919 2869 57 35 1/2
2997 2867 44 34 de
3061 2868 48 38 ht,
3133 2867 138 34 former
3291 2879 68 22 une
3379 2867 233 35 boutonnière
3633 2879 43 22 en

2450 2912 72 34 rab.
2553 2922 37 23 12
2616 2924 45 22 m.
2687 2912 20 33 à
2729 2913 22 33 8
2777 2924 44 22 m.
2846 2912 44 33 de
2916 2924 62 21 son
3003 2911 99 34 bord.

2491 2980 89 33 Dos.
2606 3000 43 4 —
2677 2980 144 34 Monter
2850 2980 59 40 146
2935 2991 55 27 in.,
3016 2980 50 33 les
3095 2980 74 33 tric.
3196 2991 42 21 en
3263 2985 38 35 pt
3326 2979 43 35 de
3394 2980 98 34 côtes
3516 2990 42 24 20
3583 2987 34 27 et
3642 2990 28 30 2,

2447 3036 43 22 en
2515 3037 126 21 comm.
2667 3037 62 28 par
2752 3026 21 32 6
2796 3037 45 21 m.
2866 3025 97 33 endr.
2992 3027 31 29 X
3051 3034 20 23 2
3096 3036 44 22 m.
3165 3036 87 28 env.,
3277 3034 41 24 20
3342 3037 43 21 m.
3411 3025 97 34 endr.
3538 3027 46 38 X,
3609 3032 63 27 etc.

2451 3073 13 29 1
2464 3073 21 29 °
2515 3069 21 34 à
2561 3071 21 32 8
2608 3083 65 21 cm.
2703 3070 42 33 de
2773 3071 47 38 ht,
2849 3081 127 22 comm.
3005 3068 20 34 à
3052 3069 131 34 biaiser
3209 3071 135 39 chaque
3373 3069 89 35 bord
3491 3071 61 34 des
3580 3071 91 33 dess.

2447 3115 44 33 de
2524 3115 80 33 bras
2637 3127 42 22 en
2713 3116 82 32 dim.
2828 3114 147 34 d'abord
3007 3123 18 32 5
3060 3115 72 33 fois
3166 3125 12 22 1
3213 3127 44 21 m.
3290 3122 80 27 tous
3402 3126 20 23 2
3452 3128 65 21 cm.
3550 3116 42 33 de
3624 3117 47 40 ht,

2449 3160 77 40 puis
2551 3160 20 33 à
2595 3170 42 30 24
2663 3172 64 21 cm.
2755 3160 43 33 de
2824 3160 48 38 ht,
2898 3171 118 29 augm.
3041 3164 20 29 6
3088 3160 71 33 fois
3189 3171 11 21 1
3230 3173 44 20 m.
3301 3167 81 27 tous
3407 3171 20 23 2
3452 3173 65 22 cm.
3553 3174 7 27 ;
3586 3164 39 30 2°
3652 3161 21 34 à

2444 3205 44 39 38
2513 3216 65 21 cm.
2605 3205 43 33 de
2674 3206 39 33 ht
2740 3206 119 38 totale,
2890 3204 137 34 former
3053 3206 134 40 chaque
3213 3217 104 22 emm.
3344 3218 43 21 en
3414 3206 72 34 rab.
3513 3213 82 27 tous
3621 3208 51 32 les

2447 3259 20 22 2
2494 3261 59 29 rgs
2591 3261 5 21 :
2625 3250 21 32 8
2673 3262 55 27 m.,
2756 3259 20 23 2
2803 3262 54 26 m.,
2885 3250 20 33 6
2934 3250 70 33 fois
3035 3260 12 22 1
3079 3262 54 27 m.,
3161 3251 136 34 ensuite
3323 3261 21 23 2
3373 3252 72 33 fois
3475 3262 11 22 1
3518 3264 45 21 m.
3591 3258 80 28 tous

2446 3294 51 33 les
2526 3304 20 30 4
2575 3306 59 28 rgs
2664 3295 59 40 (18
2752 3295 62 39 m.)
2852 3307 7 27 ;
2891 3297 36 38 3°
2959 3296 143 39 lorsque
3132 3296 49 33 les
3212 3308 104 21 emm.
3347 3309 84 21 mes.
3466 3297 38 33 18
3533 3309 65 22 cm.
3630 3298 43 33 de

2447 3340 47 39 ht,
2526 3339 128 33 biaiser
2684 3340 135 39 chaque
2849 3339 123 41 épaule
3002 3352 39 21 en
3073 3340 71 33 rab.
3173 3351 21 30 4
3225 3341 71 34 fois
3324 3342 22 33 8
3374 3354 45 21 m.
3451 3348 80 28 tous
3562 3352 20 23 2
3613 3355 59 28 rgs

2449 3383 57 41 (32
2541 3384 60 39 m.)
2637 3385 91 33 mais
2764 3385 143 40 lorsque
2940 3385 21 33 8
2996 3396 44 23 m.
3077 3392 78 27 sont
3192 3386 180 34 rabattues
3408 3398 92 29 pour
3537 3388 135 40 chaque

2444 3428 135 41 épaule,
2610 3429 138 33 former
2776 3430 190 34 l'encolure
2993 3442 41 22 en
3063 3430 71 33 rab.
3161 3432 42 39 36
3229 3444 45 20 m.
3302 3444 45 21 au
3375 3433 120 33 milieu
3524 3433 47 33 du
3600 3439 71 28 tra-

2446 3474 80 38 vail,
2553 3474 135 33 ensuite
2713 3484 22 22 2
2763 3475 72 33 fois
2862 3485 20 30 3
2909 3487 45 22 m.
2981 3487 90 29 pour
3098 3476 168 34 l'arrondi
3295 3477 81 33 d'un
3403 3478 88 34 côté.

2486 3540 162 34 MANCHE
2680 3551 149 23 GAUCHE.
2864 3561 42 4 —
2941 3542 143 34 Monter
3116 3543 43 33 80
3191 3555 54 26 m.,
3280 3545 50 32 les
3364 3545 77 33 tric.
3476 3556 43 22 en
3553 3551 37 34 pt
3624 3544 44 35 de

2442 3585 98 33 côtes
2563 3595 42 23 20
2628 3591 34 28 et
2685 3595 20 23 2
2727 3597 43 22 en
2794 3598 127 21 comm.
2946 3598 63 28 par
3032 3588 21 32 6
3076 3600 45 21 m.
3145 3589 97 32 endr.
3272 3590 31 30 X
3330 3599 21 22 2
3375 3601 44 21 m.
3444 3602 88 28 env.,
3556 3600 43 23 20
3623 3603 44 21 m.

2443 3629 96 34 endr.
2572 3632 46 37 X,
2645 3636 63 28 etc.
2744 3643 7 27 ;
2783 3634 34 29 1°
2846 3631 21 34 à
2890 3642 22 29 9
2937 3643 65 22 cm.
3030 3632 42 34 de
3099 3634 47 38 ht,
3174 3645 128 22 comm.
3329 3633 21 34 à
3377 3634 129 34 biaiser
3533 3636 135 40 chaque

2443 3675 90 33 bord
2559 3687 43 22 en
2628 3687 117 29 augm.
2775 3686 38 22 12
2839 3677 71 33 fois
2940 3687 12 22 1
2982 3689 44 22 m.
3053 3685 80 26 tous
3158 3688 22 30 4
3205 3690 70 29 rgs,
3306 3689 38 23 12
3371 3680 71 33 fois
3472 3690 10 22 1
3514 3693 44 20 m.
3587 3687 80 27 tous

2442 3719 22 33 8
2491 3731 59 29 rgs
2588 3732 8 27 ;
2625 3723 38 29 2°
2693 3720 21 33 à
2739 3721 43 39 48
2807 3733 65 22 cm.
2902 3722 43 33 de
2972 3722 39 34 ht
3039 3724 119 38 totale,
3190 3724 138 33 former
3357 3725 240 34 l'entournure
3627 3738 41 22 en

2374 3760 16 37 L
2444 3765 71 33 rab.
2539 3776 82 22 vers
2643 3765 135 40 chaque
2799 3766 100 41 bord,
2923 3773 80 28 tous
3023 3777 21 23 2
3066 3780 78 28 rgs:
3170 3778 38 24 10
3229 3781 44 21 m.
3286 3781 7 27 ;
3315 3780 21 30 4
3358 3782 55 26 m..
3436 3780 18 30 3
3477 3783 55 27 m.,
3555 3780 18 31 5
3598 3771 72 34 fois

2374 3825 28 22 ■
2443 3820 20 23 2
2483 3822 55 27 m.,
2565 3820 38 30 14
2625 3810 72 33 fois
2721 3821 11 22 1
2757 3824 55 27 m.,
2833 3813 20 32 6
2877 3813 70 33 fois
2968 3823 20 23 2
3009 3825 54 28 m.,
3086 3814 136 34 ensuite
3243 3815 49 33 les
3313 3825 41 22 22
3376 3828 45 20 m.
3443 3817 60 39 qui
3526 3823 143 28 restent.

2374 3875 39 23 W
2485 3866 145 33 REVERS
2653 3876 149 23 GAUCHE.
2826 3887 44 4 —
2892 3868 137 34 Comm.
3053 3881 62 24 par
3138 3871 32 32 le
3193 3876 162 28 sommet.
3381 3872 144 33 Monter
3547 3882 42 23 42
3612 3885 56 20 m.,

2374 3903 45 41 &
2443 3912 50 32 les
2521 3912 74 32 tric.
2624 3923 42 21 en
2692 3917 36 34 pt
2755 3912 43 33 de
2824 3913 96 34 côtes
2946 3924 42 23 20
3013 3920 33 27 et
3071 3924 20 23 2
3116 3927 41 21 en
3184 3915 94 34 exéc.
3303 3926 42 23 20
3371 3928 44 21 m.
3442 3918 108 35 endr.,
3578 3928 19 22 2
3623 3930 44 22 m.

2374 3966 44 28 au
2443 3968 86 28 env.,
2554 3966 41 23 20
2619 3968 44 21 m.
2688 3957 107 39 endr.,
2823 3957 92 34 faire
2936 3968 21 23 2
2980 3971 70 28 rgs,
3074 3961 78 38 puis
3175 3972 126 22 comm.
3326 3960 20 34 à
3370 3962 129 33 biaiser
3524 3964 31 32 le
3579 3963 90 33 bord

2374 3998 40 36 Hb
2443 4002 60 38 qui
2534 4012 80 22 sera
2646 4001 97 33 réuni
2775 4013 45 22 au
2852 4002 129 34 devant
3012 4016 42 21 en
3086 4005 82 32 dim.
3201 4006 41 34 38
3275 4006 70 34 fois
3381 4017 12 22 1
3428 4019 44 21 m.
3504 4014 81 26 tous
3619 4009 50 31 les

2374 4038 37 42 W
2442 4055 20 30 4
2489 4057 69 30 rgs.
2585 4047 162 40 Lorsque
2772 4047 32 34 le
2829 4059 121 22 revers
2975 4060 85 22 mes.
3084 4050 43 40 38
3151 4062 63 22 cm.
3242 4051 42 34 de
3310 4052 38 33 ht
3374 4053 118 39 totale,
3520 4053 73 34 rab.
3618 4055 52 32 les

2374 4092 23 53 J
2441 4101 22 29 4
2492 4102 43 21 m.
2563 4092 58 39 qui
2652 4097 143 28 restent.

2486 4146 84 34 COL.
2594 4166 43 5 —
2663 4147 144 34 Monter
2831 4149 41 32 26
2896 4160 55 28 m.,
2976 4150 52 33 les
3052 4151 75 33 tric.
3152 4163 42 21 en
3218 4158 37 32 pt
3279 4152 129 39 jersey.
3434 4155 31 31 A
3491 4163 19 29 3
3534 4166 65 22 cm.
3624 4154 43 33 de

2442 4191 47 39 ht,
2517 4203 127 22 comm.
2671 4191 21 34 à
2718 4192 129 34 biaiser
2874 4194 32 34 le
2934 4194 88 33 bord
3051 4195 42 33 de
3120 4195 187 36 l'encolure
3335 4210 41 22 en
3404 4210 117 28 augm.
3549 4208 17 31 5
3596 4200 72 32 fois

2446 4246 11 21 1
2492 4248 44 21 m.
2566 4243 81 27 tous
2676 4246 20 23 2
2725 4249 66 22 cm.
2823 4238 42 34 de
2895 4240 48 37 ht,
2973 4246 91 28 cont.
3093 4252 43 22 en
3166 4242 92 37 ligne
3288 4242 116 35 droite
3442 4256 8 24 ;
3481 4244 21 33 à
3534 4245 38 33 16
3601 4257 66 21 cm.

2442 4279 44 35 de
2514 4281 39 33 ht
2582 4283 118 39 totale,
2730 4283 33 33 la
2796 4286 44 29 Ir"
2867 4284 122 34 moitié
3018 4284 46 34 du
3094 4287 53 32 col
3177 4292 54 28 est
3260 4287 160 40 obtenue,
3450 4289 97 32 exéc.
3576 4291 35 31 la
3637 4294 33 28 2"

2442 4326 121 33 moitié
2597 4328 192 34 semblable
2822 4327 20 34 à
2874 4330 34 32 la
2940 4331 184 38 première.

2485 4382 245 34 ASSEMBLAGE.
2760 4404 43 4 —
2832 4384 161 35 Doubler
3022 4398 87 22 avec
3138 4387 45 33 du
3214 4388 101 40 crêpe
3345 4390 135 34 romain
3511 4391 31 34 le
3572 4403 95 22 som-

2439 4432 73 28 met
2540 4427 62 33 des
2631 4428 148 34 devants
2806 4435 36 28 et
2870 4430 45 33 du
2946 4431 65 33 dos
3040 4443 61 22 sur
3129 4441 40 24 22
3197 4445 63 21 cm.
3290 4434 42 34 de
3361 4435 47 33 ht.
3437 4448 87 25 env.,
3556 4438 29 29 le
3612 4438 54 30 col

2441 4477 35 28 et
2511 4472 51 34 les
2599 4485 129 22 revers.
2766 4475 107 34 Exéc.
2909 4488 61 21 sur
3005 4477 148 39 l'épaule
3190 4479 42 34 de
3266 4481 135 37 chaque
3436 4481 129 35 devant
3601 4495 67 21 une

2440 4517 99 40 pince
2573 4529 82 22 mes.
2693 4528 36 23 12
2762 4531 43 22 m.
2840 4521 43 33 de
2915 4522 224 39 profondeur
3171 4529 34 28 et
3235 4534 43 24 20
3309 4537 64 22 cm.
3407 4527 42 34 de
3481 4528 185 36 longueur.

2442 4563 132 34 Réunir
2607 4566 35 30 1°
2673 4565 32 33 le
2735 4566 66 33 dos
2830 4578 72 22 aux
2933 4567 148 35 devants
3111 4580 64 30 par
3206 4570 49 35 les
3285 4577 92 28 cout.
3408 4573 62 34 des
3501 4574 91 34 dess.
3624 4575 42 34 de

3966 745 80 33 bras
4076 746 65 39 (les
4171 748 132 33 rentrés
4331 760 83 22 mes.
4442 750 21 32 6
4490 753 60 35 m.)
4581 758 33 25 et
4641 753 105 32 celles
4776 752 61 33 des
4866 753 142 38 épaules
5037 754 66 38 (les
5134 755 133 33 rentrés
5297 767 81 21 mes.

3974 795 22 30 6
4015 791 203 34 centimètre
4251 793 42 32 de
4325 794 122 40 large).
4481 796 56 32 Au
4570 803 150 26 sommet
4753 797 42 33 de
4827 798 133 37 chaque
4992 799 154 35 manche,
5180 811 103 26 poser
5316 811 64 22 une

3964 836 111 33 bande
4106 837 42 32 de
4179 837 143 34 taffetas
4352 840 78 31 noir
4460 851 59 22 sur
4549 849 18 30 5
4598 841 223 34 centimètres
4853 844 41 32 de
4926 843 149 34 hauteur
5107 845 77 38 puis
5215 845 166 33 exécuter

3965 890 21 30 4
4014 882 117 38 pinces
4161 894 84 21 mes.
4274 884 95 33 chac.
4399 894 19 22 2
4448 897 63 21 cm.
4543 886 42 33 de
4617 887 231 37 profondeur,
4878 897 20 28 3
4928 900 63 21 cm.
5023 889 43 33 de
5095 890 92 37 long,
5218 890 163 37 espacées

3966 930 98 28 entre
4090 926 85 33 elles
4201 938 62 28 par
4287 937 20 30 3
4332 940 65 21 cm.
4426 931 58 35 1/2
4509 930 43 33 de
4579 932 107 37 large.
4714 931 145 34 Fermer
4885 933 49 33 les
4961 935 165 32 manches
5154 935 65 36 (les
5247 935 134 32 rentrés

3967 980 84 22 mes.
4079 970 21 32 6
4128 971 72 38 m.).
4232 971 141 34 Monter
4404 974 48 32 les
4483 976 164 32 manches
4678 987 41 21 en
4750 977 131 33 situant
4910 978 50 33 les
4989 985 167 27 coutures
5187 991 60 21 sur
5277 980 104 33 celles

3966 1012 62 34 des
4055 1014 89 33 dess.
4172 1015 42 32 de
4239 1015 81 34 bras
4347 1017 46 32 du
4419 1018 186 34 vêtement.
4632 1020 108 33 Exéc.
4765 1030 19 25 3
4810 1023 116 32 pinces
4952 1022 21 33 à
4998 1024 34 31 la
5058 1024 95 31 taille
5180 1024 42 31 de
5249 1024 131 34 chaque

3965 1057 127 34 devant
4120 1060 76 38 (sur
4224 1060 49 33 les
4301 1070 20 23 2
4348 1073 44 21 m.
4421 1073 75 22 env.
4525 1064 61 32 des
4614 1065 106 38 côtes,
4749 1066 83 32 sauf
4860 1077 60 22 sur
4949 1068 50 32 les
5027 1077 19 22 2
5074 1080 44 20 m.
5147 1080 75 21 env.
5252 1069 127 33 situées

3966 1102 79 38 près
4070 1102 46 33 du
4141 1103 88 33 bord
4253 1105 47 32 du
4327 1105 238 42 boutonnage)
4590 1120 84 22 mes.
4697 1119 21 27 4
4742 1121 44 21 m.
4811 1110 43 34 de
4878 1112 224 35 profondeur
5127 1118 33 28 et
5188 1123 37 22 12
5249 1125 64 21 cm.
5339 1113 43 34 de

3966 1146 82 40 long
4085 1159 7 26 ;
4124 1148 94 33 exéc.
4246 1160 21 28 4
4296 1150 115 39 pinces
4440 1150 20 33 à
4489 1152 34 32 la
4552 1153 95 33 taille
4676 1154 46 32 du
4752 1154 65 34 dos
4847 1155 42 34 de
4918 1156 132 33 mêmes
5080 1157 214 34 dimensions
5324 1170 60 22 sur

3965 1193 51 31 les
4045 1201 19 22 2
4091 1204 154 30 groupes
4275 1194 42 34 de
4345 1205 20 22 2
4393 1207 44 21 m.
4466 1208 75 22 env.
4573 1198 129 33 situées
4731 1199 20 33 à
4779 1200 115 34 droite
4923 1207 34 27 et
4986 1201 20 33 à
5035 1203 134 35 gauche
5199 1202 62 32 des
5289 1213 20 21 2
5337 1216 45 19 m.

3968 1247 125 22 envers
4127 1237 45 33 du
4206 1239 119 33 milieu
4359 1240 46 32 du
4439 1241 74 33 dos.
4549 1242 111 34 Poser
4692 1255 67 22 une
4791 1245 111 33 bande
4935 1245 43 33 de
5011 1246 101 36 crêpe
5146 1249 145 33 romain,
5325 1260 61 18 sur

3969 1281 8 31 l
3993 1292 125 21 envers
4153 1282 46 33 du
4233 1283 185 41 vêtement,
4452 1284 20 33 à
4506 1287 33 32 la
4574 1288 104 37 taille,
4713 1299 89 26 pour
4836 1290 111 33 éviter
4982 1292 124 33 qu'elle
5141 1304 36 21 se
5212 1293 173 32 déforme.

3968 1324 105 34 Faire
4106 1337 46 21 un
4184 1327 85 39 petit
4303 1329 115 33 rentré
4452 1341 60 22 sur
4545 1332 50 33 les
4629 1332 107 34 bords
4769 1335 184 33 verticaux
4988 1336 46 33 du
5068 1336 223 34 boutonnage
5324 1338 62 30 des

3829 1386 22 18 r
3968 1369 157 40 devants,
4150 1377 33 27 et
4206 1382 45 22 au
4275 1372 61 34 bas
4361 1374 42 33 de
4427 1375 33 32 la
4482 1375 167 38 jaquette.
4677 1377 142 34 Coudre
4844 1380 31 32 le
4900 1380 110 33 ruban
5033 1393 60 21 sur
5117 1383 50 30 les
5192 1382 108 31 bords
5324 1383 62 32 des

3834 1437 4 13 ;
3968 1414 145 39 rentrés,
4141 1416 87 33 ainsi
4254 1428 67 28 que
4348 1429 60 22 sur
4433 1420 50 32 les
4509 1420 107 34 bords
4643 1422 95 34 droit
4763 1423 35 33 fil
4825 1423 62 34 des
4913 1436 118 23 revers
5058 1432 35 27 et
5119 1427 45 32 du
5191 1428 63 32 col.

3834 1469 5 34 j
4012 1458 107 33 Exéc.
4148 1471 44 22 au
4221 1462 142 33 crochet
4395 1466 33 29 1°
4459 1473 19 23 2
4508 1476 58 29 rgs
4595 1466 43 32 de
4666 1479 44 20 m.
4741 1469 91 36 sples
4862 1480 61 21 sur
4952 1471 50 33 les
5031 1470 107 34 bords
5168 1471 127 34 biaisés
5324 1473 63 32 des

3834 1504 5 38 |
3970 1513 119 23 revers
4115 1509 33 28 et
4175 1516 60 21 sur
4261 1507 9 31 1
4285 1508 165 33 encolure
4477 1509 45 32 du
4549 1511 53 32 col
4626 1523 7 24 ;
4660 1515 38 28 2"
4727 1522 19 22 2
4773 1524 57 23 rgs
4858 1514 43 33 de
4928 1525 43 22 m.
4998 1516 93 31 sples
5118 1528 60 19 sur
5204 1518 49 29 les
5279 1517 108 30 bords

3969 1546 127 34 biaisés
4129 1548 60 34 des
4223 1550 146 35 devants
4402 1557 33 28 et
4468 1554 9 31 l
4492 1556 164 33 encolure
4689 1556 46 33 du
4769 1557 74 34 dos.
4878 1558 142 34 Monter
5054 1561 50 30 les
5138 1573 120 18 revers
5289 1569 35 22 et
5357 1564 31 28 le

3967 1592 54 32 col
4048 1591 20 33 à
4092 1592 33 33 la
4150 1593 158 41 jaquette
4333 1595 20 34 à
4378 1603 55 34 pts
4457 1597 43 34 de
4525 1600 124 39 surjet.

4012 1636 103 34 Faire
4145 1649 45 21 un
4219 1641 87 38 petit
4336 1647 117 28 rentré
4482 1654 45 21 au
4558 1643 60 34 bas
4649 1644 62 34 des
4742 1647 174 35 manches,
4948 1649 132 33 coudre
5110 1662 46 17 un
5187 1651 109 29 ruban
5328 1663 60 17 sur

3968 1680 31 33 le
4028 1682 126 33 rentré.
4186 1683 111 34 Poser
4326 1685 31 33 le
4387 1686 132 34 bouton
4548 1700 61 21 sur
4636 1690 32 32 le
4698 1690 127 34 devant
4853 1694 146 38 gauche.

4629 1768 96 31 JUPE

4013 1815 156 35 DEVANT.
4192 1837 42 4 —
4259 1818 143 35 Monter
4425 1830 63 30 444
4512 1833 54 27 m.,
4591 1823 48 32 les
4664 1824 75 33 trie.
4764 1836 41 21 en
4828 1826 95 33 exéc.
4957 1839 6 21 :
4992 1829 38 32 16
5054 1840 42 21 m.
5122 1830 106 40 endr.,
5253 1831 21 33 8
5299 1832 89 33 fois:

3973 1861 31 30 X
4029 1862 41 31 28
4090 1873 43 21 m.
4156 1873 86 29 env.,
4263 1872 42 24 20
4326 1875 44 21 m.
4393 1865 106 40 endr.,
4526 1868 44 37 X,
4593 1868 40 32 28
4654 1880 43 21 m.
4717 1880 89 25 env.,
4831 1871 37 31 16
4889 1883 43 20 m.
4955 1873 95 32 endr.
5074 1874 97 31 Dans
5192 1876 32 29 le
5247 1883 147 22 courant

3970 1904 46 33 du
4044 1908 125 32 travail
4208 1920 7 27 ;
4249 1912 33 28 1"
4313 1921 88 28 pour
4430 1911 175 34 diminuer
4632 1913 184 39 l'ampleur
4843 1916 44 33 de
4913 1918 133 34 chaque
5074 1920 106 32 godet
5209 1921 43 31 de
5279 1923 41 29 28
5347 1935 44 17 m.

3972 1961 86 29 env.,
4083 1951 21 33 à
4125 1961 21 30 4
4168 1964 65 22 cm.
4258 1955 42 32 de
4324 1956 48 38 ht,
4397 1967 126 22 comm.
4548 1956 20 33 à
4591 1958 50 32 les
4665 1958 129 35 biaiser
4819 1972 42 21 en
4885 1961 82 33 dim.
4993 1975 61 19 sur
5079 1964 147 31 l'envers
5252 1967 46 29 du
5324 1973 71 24 tra-

3832 2000 7 41 \
3972 1996 69 32 vai!
4120 2008 42 21 m.
4193 1996 21 34 à
4243 1998 115 34 droite
4388 2005 34 27 et
4450 1999 20 34 à
4498 2003 136 38 gauche
4663 2003 61 33 des
4753 2005 41 32 28
4823 2017 44 21 m.
4894 2018 78 22 env:
5011 2020 8 21 ;
5051 2010 96 31 exéc.
5177 2023 57 18 ces
5263 2022 21 19 2
5312 2013 83 28 dim.

3832 2044 5 43 j
3970 2049 21 30 4
4020 2040 70 33 fois
4116 2047 79 27 tous
4222 2043 50 32 les
4300 2053 38 30 14
4364 2056 69 28 rgs,
4459 2055 20 22 2
4506 2046 71 33 fois
4603 2054 80 26 tous
4711 2049 49 33 les
4790 2060 38 22 10
4854 2062 68 25 rgs,
4951 2060 18 27 7
4998 2053 70 34 fois
5095 2060 79 27 tous
5202 2058 49 29 les
5277 2058 22 29 8
5325 2070 68 17 rgs,

3832 2089 5 36 j
3971 2086 19 30 il
4022 2093 91 25 reste
4139 2096 21 22 2
4187 2098 44 22 m.
4258 2098 74 22 env.
4360 2100 89 28 pour
4477 2092 167 33 terminer
4672 2094 133 39 chaque
4831 2096 108 37 godet
4975 2109 7 24 :
5010 2102 38 28 2"
5077 2098 21 34 à
5122 2101 43 32 68
5191 2113 54 20 cm
5285 2104 42 29 dl"
5354 2105 38 28 ht

3832 2139 5 30 !
3967 2133 108 30 totale
4103 2133 128 32 biaiser
4258 2133 134 40 chaque
4419 2134 89 34 bord
4533 2147 41 21 en
4601 2137 81 33 dim.
4709 2147 18 30 5
4757 2139 70 34 fois
4856 2150 12 22 1
4899 2153 43 21 m.
4970 2148 80 27 tous

3831 2184 5 30 i
3969 2175 20 31 6
4009 2186 59 29 rgs
4096 2187 7 27 ;
4123 2178 39 37 3°
4184 2176 20 33 à
4222 2185 40 31 77
4280 2189 65 22 cm.
4366 2179 42 33 de
4428 2179 45 34 ht.
4497 2182 116 39 totale,
4635 2182 70 34 rab.
4727 2189 116 29 toutes
4863 2186 50 33 les
4932 2199 44 20 m.
4996 2188 58 39 qui

3832 2236 4 17 :
3969 2226 142 28 restent.

4010 2287 88 34 Dos.
4119 2308 43 4 —
4183 2290 27 32 Il
4234 2302 35 21 se
4293 2291 66 33 fait
4380 2303 136 24 comme
4537 2295 32 32 le
4589 2295 137 34 devant.
4750 2297 144 30 Monter
4913 2301 63 33 348
4995 2312 55 22 m.,

3967 2333 50 33 les
4044 2334 74 33 trie.
4147 2345 39 22 en
4214 2336 94 33 exéc.
4339 2338 37 32 16
4403 2349 42 22 m.
4473 2340 95 33 endr.
4594 2341 21 32 6
4642 2341 81 37 fois,
4755 2344 45 34 X,
4826 2345 42 28 28
4893 2357 44 16 m.
4964 2357 86 24 env.,

3967 2388 42 24 20
4035 2391 43 21 m.
4107 2380 107 40 endr.,
4246 2382 45 40 X,
4318 2383 42 32 28
4386 2395 44 21 m.
4456 2396 88 28 env.,
4576 2387 37 31 16
4640 2399 43 21 m.
4711 2389 96 32 endr.
4844 2401 7 25 ;
4879 2390 95 33 exéc.
5002 2393 51 31 les

3965 2425 134 33 mêmes
4126 2426 229 36 diminutions
4383 2428 20 34 à
4429 2430 133 40 chaque
4588 2432 108 38 godet
4723 2434 43 33 de
4791 2436 41 31 28
4859 2447 43 22 m.
4931 2448 73 22 env.
5042 2450 8 20 ;

3967 2469 20 33 à
4012 2471 42 32 68
4081 2482 63 22 cm.
4173 2473 43 32 de
4242 2473 46 33 ht.
4320 2475 117 39 totale,
4465 2475 129 35 biaiser
4622 2478 134 39 chaque
4782 2480 89 34 bord
4899 2493 41 21 en
4968 2483 81 31 dim.

3967 2523 18 32 5
4016 2516 71 33 fois
4117 2527 11 21 1
4159 2529 43 21 m.
4233 2524 79 28 tous
4338 2520 21 32 6
4386 2532 58 29 rgs
4481 2533 6 28 ;
4516 2524 38 38 3°
4583 2522 20 33 à
4629 2532 39 29 77
4695 2536 63 21 cm.
4788 2526 42 33 de
4856 2526 47 34 ht.
4931 2529 120 32 totale,
5090 2520 15 42 i

3967 2561 154 34 rabattre
4151 2568 115 29 toutes
4296 2565 48 33 les
4372 2567 138 33 mailles
4536 2569 59 39 qui
4624 2575 140 28 restent.
5087 2559 18 84 jj

4011 2631 245 34 ASSEMBLAGE.
4286 2652 42 4 —
4358 2633 133 34 Réunir
4520 2636 32 33 le
4582 2635 64 35 dos
4676 2648 45 22 au
4751 2637 129 35 devant
4909 2652 63 25 par
5002 2642 49 30 les
5088 2637 17 35 i

3966 2681 167 27 coutures
4164 2676 61 34 des
4256 2677 97 34 côtés
4385 2680 64 39 (les
4479 2681 136 33 rentrés
4645 2694 83 22 mes.
4758 2684 20 32 6
4808 2685 60 38 m.)
4898 2697 42 21 en
4968 2687 82 33 lais-
5094 2695 11 27 >

3969 2725 77 27 sant
4075 2732 60 21 sur
4163 2722 31 33 le
4222 2722 77 33 côté
4325 2724 89 40 gche
4442 2736 66 23 une
4537 2726 97 34 fente
4661 2727 43 34 de
4734 2738 37 25 14
4797 2741 65 22 cm.
4889 2731 43 33 de
4959 2733 92 32 long.
5098 2728 7 16 *

3969 2764 156 34 Froncer
4146 2767 34 32 la
4203 2768 94 33 taille
4319 2768 43 34 de
4384 2770 33 32 la
4439 2770 92 37 jupe.
4555 2771 159 35 Doubler
4737 2775 34 32 la
4790 2775 85 35 jupe
4897 2787 84 23 avec
5005 2778 47 32 du

3967 2809 102 40 crêpe
4097 2813 146 32 romain.
4272 2812 105 35 Exéc.
4404 2824 20 22 2
4450 2826 58 27 rgs
4535 2817 42 32 de
4603 2829 43 21 m.
4674 2819 93 36 sples
4793 2831 44 22 au
4863 2823 143 32 crochet
5032 2822 20 31 à

3967 2854 34 32 la
4025 2856 97 33 taille
4146 2862 34 28 et
4203 2866 21 31 4
4249 2869 59 29 rgs
4332 2870 44 21 au
4402 2859 60 34 bas
4487 2861 43 33 de
4555 2862 33 33 la
4611 2862 94 39 jupe.
4731 2864 143 35 Monter
4899 2867 32 32 la
4956 2868 95 31 taille

3969 2910 61 21 sur
4055 2900 31 33 le
4111 2904 214 38 gros-grain.
4352 2904 141 35 Coudre
4518 2906 62 34 des
4605 2907 150 35 boutons
4779 2912 161 31 pression
4965 2924 90 21 pour

3967 2944 34 33 la
4038 2944 158 46 fermeture
4196 2944 48 46 à
4268 2948 42 33 de
4345 2949 34 33 la
4415 2950 107 34 fente.
4559 2952 148 34 Former
4741 2965 45 22 au
4822 2955 65 35 fer,
4924 2968 46 22 un
5004 2959 47 31 pli

3965 3000 112 22 creux
4101 2989 108 35 biaisé
4232 3003 21 21 a
4276 2993 134 41 chaque
4434 2996 109 39 godet
4567 2996 42 35 de
4633 2998 41 33 28
4698 3010 43 22 m.
4766 3001 156 34 environ.

4250 3072 84 32 UNE
4365 3073 160 34 BLOUSE
4558 3076 199 34 HABILLEE

4010 3136 98 34 Tous
4130 3138 50 33 les
4201 3139 106 34 tissus
4328 3141 143 40 cloqués
4491 3148 79 28 sont
4591 3142 20 34 à
4630 3144 33 33 la
4684 3146 123 40 mode;
4829 3147 97 34 aussi
4945 3148 109 35 aime-

3961 3194 164 23 rez-vous
4148 3196 38 22 ce
4209 3185 87 34 beau
4319 3186 137 34 modèle
4478 3187 43 35 de
4542 3200 148 30 corsage
4713 3192 126 34 tricoté
4860 3193 86 33 dont
4969 3199 77 29 tout

3829 3248 3 36 I
3962 3228 30 33 le
4022 3228 129 34 devant
4179 3236 53 27 est
4260 3231 85 33 orné
4372 3231 43 34 de
4442 3234 134 40 cloqué.

4007 3284 101 34 Cette
4136 3286 205 35 charmante
4371 3287 132 42 blouse,
4533 3301 42 21 en
4604 3291 71 34 très
4706 3291 67 35 fine
4801 3294 91 34 laine
4921 3295 126 34 câblée,

3962 3328 275 36 s'harmonisera
4265 3334 95 31 aussi
4391 3333 77 34 bien
4496 3346 85 23 avec
4609 3348 66 22 une
4704 3337 84 37 jupe
4816 3340 109 36 noire,
4955 3342 94 35 grise

3967 3384 46 22 ou
4042 3376 144 33 marine.
4216 3376 98 33 Pour
4342 3378 49 33 les
4423 3379 221 35 fournitures
4672 3391 212 26 concernant
4911 3397 39 22 ce
4979 3398 74 21 mo-

3962 3417 88 41 dèle,
4082 3419 255 36 écrivez-nous.
4369 3423 103 34 Nous
4501 3436 91 23 nous
4624 3427 122 34 ferons
4778 3441 45 21 un
4854 3430 121 37 plaisir
5006 3431 44 32 de

3962 3474 91 22 vous
4083 3466 211 40 renseigner.

4006 3531 278 35 FOURNITURES.
4312 3554 43 4 —
4380 3545 65 24 210
4471 3549 51 28 gr.
4552 3538 42 34 de
4624 3539 90 34 laine
4743 3540 117 36 câblée
4887 3554 163 23 amaran-

3968 3577 59 33 the
4058 3589 9 28 ;
4092 3587 22 23 2
4136 3579 68 40 aig.
4228 3592 84 21 mes.
4337 3591 20 22 2
4380 3594 82 21 mm.
4487 3582 44 35 de
4554 3584 181 40 diamètre,
4759 3586 166 41 donnant,
4949 3590 104 38 après

3963 3633 199 30 repassage,
4199 3634 37 23 10
4268 3637 65 22 cm.
4367 3627 43 32 de
4442 3628 98 42 large
4572 3641 90 28 pour
4694 3632 41 38 38
4768 3644 43 22 m.
4845 3640 32 26 et
4912 3644 38 23 10
4982 3647 65 21 cm.

3964 3668 43 32 de
4038 3670 88 31 haut
4156 3680 91 29 pour
4277 3679 41 32 52
4350 3683 59 29 rgs
4443 3675 74 31 trie.
4549 3686 43 22 en
4623 3681 37 35 pt
4689 3676 118 41 jersey
4840 3678 112 40 (taille
4983 3680 69 41 44).

4006 3736 142 35 POINTS
4178 3740 199 33 EMPLOYÉS.
4407 3760 43 4 —
4479 3742 25 33 I.
4537 3742 104 34 Point
4673 3744 42 33 de
4744 3745 97 34 côtes
4873 3756 12 23 1
4918 3753 34 28 et
4984 3758 13 22 1
5039 3761 7 22 :

3964 3791 13 22 1
4008 3782 119 34 maille
4155 3783 148 41 endroit,
4336 3795 11 22 1
4379 3797 43 22 m.
4452 3798 75 22 env.
4564 3800 8 25 ;
4604 3789 45 32 II.
4679 3789 106 34 Point
4812 3791 42 34 de
4882 3793 119 35 jersey
5039 3805 7 20 :

3963 3835 12 22 1
4013 3838 50 29 rg.
4096 3827 106 42 endr.,
4238 3839 12 22 1
4287 3842 41 28 rg
4359 3842 125 23 envers
4525 3845 7 25 ;
4570 3834 65 33 111.
4670 3834 104 35 Point
4806 3836 187 37 jarretière
5037 3851 6 19 :

3960 3872 75 32 trie.
4066 3872 134 42 chaque
4228 3875 118 33 maille
4373 3875 20 33 à
4420 3877 120 33 l'endr.
4568 3877 21 34 à
4616 3885 79 27 tous
4724 3880 50 33 les
4802 3893 105 22 rangs
4944 3895 7 21 ;
4984 3884 61 30 IV.

3961 3915 106 34 Point
4095 3917 119 41 jersey
4242 3920 130 39 gaufré
4411 3932 6 21 :
4450 3933 38 22 ce
4517 3924 97 39 point
4644 3925 176 34 s'exécute
4850 3938 137 24 comme
5017 3930 31 33 le

3958 3967 38 34 pt
4023 3962 119 41 jersey
4171 3964 179 35 ordinaire
4374 3978 6 21 :
4414 3977 12 22 1
4459 3979 41 29 rg
4526 3970 109 39 endr.,
4667 3980 12 22 1
4713 3983 41 25 rg
4780 3984 136 24 envers,
4946 3975 100 35 mais,

3961 4018 91 29 pour
4080 4009 137 34 obtenir
4245 4012 31 32 le
4305 4013 186 41 gaufrage,
4521 4014 148 34 doubler
4697 4017 31 33 le
4756 4018 147 34 nombre
4931 4019 43 34 de
5003 4033 45 21 m.

3960 4064 41 21 en
4030 4054 188 34 exécutant
4250 4066 11 22 1
4292 4067 116 30 augm.
4439 4064 97 28 entre
4564 4060 134 41 chaque
4726 4064 119 33 maille
4871 4076 43 21 en
4941 4066 108 33 trico-

3955 4104 75 28 tant
4065 4111 67 23 une
4167 4102 117 33 maille
4320 4103 86 33 dans
4441 4105 34 33 la
4510 4106 117 34 maille
4662 4107 46 33 du
4746 4120 89 23 rang
4869 4110 173 30 inférieur

3960 4142 163 40 (tricoter
4154 4157 65 22 une
4250 4158 54 29 m.,
4339 4148 90 34 faire
4460 4161 67 22 une
4557 4162 127 27 augm.,
4718 4153 145 34 tricoter
4893 4167 67 22 une
4991 4168 55 21 m.,

3959 4188 93 35 faire
4075 4202 66 22 une
4163 4203 128 29 augm.,
4311 4194 92 40 etc.).
4428 4195 104 34 Faire
4552 4197 89 33 ainsi
4668 4207 37 23 12
4727 4211 69 24 rgs,
4819 4200 77 35 puis
4916 4212 45 23 au
4987 4205 60 31 13e,

3962 4235 176 35 diminuer
4161 4243 117 29 toutes
4302 4240 49 32 les
4374 4251 44 22 m.
4443 4252 115 27 augm.
4583 4254 41 21 en
4648 4244 50 33 les
4721 4252 149 27 prenant
4889 4256 21 23 2
4932 4259 64 21 par
5018 4257 29 22 2.

3959 4279 180 36 Exécuter
4161 4283 21 33 8
4204 4295 60 29 rgs
4285 4290 36 28 et
4344 4297 260 24 recommencer
4628 4300 38 23 ce
4689 4291 187 36 gaufrage,
4900 4298 35 28 et
4956 4293 90 31 ainsi

3959 4326 43 33 de
4028 4328 99 34 suite.

4427 4391 152 33 BLOUSE

4002 4455 89 34 Dos.
4117 4476 43 4 —
4186 4456 144 36 Monter
4361 4468 59 31 130
4446 4461 146 37 mailles,
4619 4461 50 34 les
4697 4463 146 33 tricoter
4868 4475 43 22 en
4939 4470 36 31 pt
5002 4464 43 35 de

3961 4500 96 34 côtes
4088 4511 12 22 1
4128 4508 37 28 et
4194 4512 25 30 l,
4249 4503 92 33 faire
4368 4512 18 29 7
4413 4516 63 21 cm.
4506 4505 43 34 de
4577 4506 47 33 ht.
4654 4506 193 35 Continuer
4873 4520 43 22 en
4942 4515 36 32 pt
5005 4510 43 31 de

3958 4545 128 42 jersey.
4121 4548 98 34 Dans
4251 4550 32 33 le
4314 4558 149 27 courant
4495 4551 46 34 du
4575 4554 126 33 travail
4743 4566 7 21 :
4787 4557 34 30 1°
4856 4554 20 34 à
4909 4565 37 31 13
4978 4567 65 22 cm.

5539 759 43 31 de
5602 759 47 31 ht.
5673 759 116 38 totale,
5812 770 219 22 comrtoncer
6052 760 20 32 à
6092 759 128 35 biaiser
6242 762 30 32 le
6294 761 87 33 bord
6404 760 44 35 du
6471 763 146 33 dessous
6639 764 42 32 de
6701 765 81 32 bras
6804 776 40 21 en
6866 776 78 28 aug.

5544 803 15 31 5
5589 803 68 32 fois
5688 813 9 21 1
5728 815 43 21 m.
5800 810 78 26 tous
5904 805 48 32 les
5978 814 18 30 3
6021 817 64 20 cm.
6113 806 42 32 de
6181 806 37 32 ht
6253 818 7 27 ;
6288 809 37 29 2°
6354 806 20 33 à
6398 816 41 30 30
6464 819 63 21 cm.
6555 808 42 33 de
6624 809 158 39 hauteur,
6811 810 134 33 former

5540 847 132 40 chaque
5704 849 246 33 emmanchure
5980 861 41 21 en
6053 849 69 34 rab.
6155 856 79 27 tous
6265 852 49 32 les
6344 861 20 22 2
6396 863 57 29 rgs
6484 860 18 32 5
6532 854 145 39 mailles,
6707 863 19 30 3
6756 866 55 28 m.,
6840 864 21 23 2
6889 867 55 27 m.,

5538 901 18 31 3
5586 893 70 32 fois
5686 903 10 22 1
5727 905 42 21 m.
5800 894 55 39 (13
5881 895 71 38 m.),
5979 896 181 32 continuer
6186 907 42 21 en
6257 897 91 39 ligne
6375 897 114 33 droite
6526 909 6 27 ;
6561 900 37 37 3°
6628 899 141 39 lorsque
6795 900 50 32 les
6872 912 71 21 em-

5540 938 208 33 manchures
5782 944 178 28 mesurent
5996 948 35 30 17
6065 951 62 21 cm.
6162 940 40 33 de
6236 941 157 39 hauteur,
6426 942 127 33 biaiser
6587 944 132 39 chaque
6751 944 121 40 épaule
6903 957 43 21 en

5542 983 185 40 rabattant,
5751 989 79 27 tous
5853 984 50 33 les
5925 993 19 22 2
5966 996 59 28 rgs
6057 997 6 20 :
6088 994 19 22 2
6131 986 71 32 fois
6222 995 21 29 9
6264 998 55 26 m.,
6341 996 19 22 2
6383 987 72 33 fois
6479 997 38 23 10
6537 999 44 21 m.
6605 988 57 40 (38
6684 990 70 39 m.).
6778 989 168 35 Rabattre

5541 1028 134 33 ensuite
5699 1029 50 32 les
5773 1039 42 30 40
5839 1041 43 20 m.
5907 1030 58 39 qui
5992 1035 130 28 restent
6148 1041 88 29 pour
6261 1031 195 34 l'encolure.

5580 1106 155 34 DEVANT.
5764 1126 41 4 —
5834 1108 142 32 Monter
6007 1117 58 30 142
6092 1120 55 27 m.,
6176 1109 49 33 les
6255 1110 73 32 trie.
6358 1121 40 22 en
6427 1116 36 34 pt
6492 1110 42 34 de
6562 1111 96 33 côtes
6689 1122 11 22 1
6731 1118 33 27 et
6796 1123 24 28 l,
6852 1113 89 34 faire

5537 1159 19 31 7
5581 1162 63 21 cm.
5672 1150 42 34 de
5740 1152 47 32 ht.
5815 1158 89 26 cont.
5932 1164 41 21 en
6000 1159 35 32 pt
6062 1153 116 38 jersey
6205 1154 127 37 gaufré
6359 1166 40 21 en
6427 1155 185 34 exécutant
6638 1157 32 32 le
6696 1158 174 38 gaufrage
6897 1170 43 21 au

5540 1197 41 29 IER
5607 1207 40 28 rg
5671 1195 40 33 de
5736 1207 37 21 ce
5797 1197 94 39 point
5918 1196 163 40 (doubler
6104 1198 31 33 le
6158 1198 144 33 nombre
6326 1199 42 33 de
6392 1200 135 33 mailles
6559 1212 7 21 :
6591 1201 62 39 284
6676 1213 43 22 m.
6745 1208 77 27 sont
6845 1202 97 34 obte-

5541 1240 101 39 nues)
5678 1251 6 27 ;
5716 1242 33 29 i°
5776 1240 21 32 à
5824 1251 37 22 10
5886 1252 64 21 cm.
5977 1241 41 33 de
6044 1242 46 32 ht.
6118 1243 118 38 totalle,
6262 1254 217 23 commencer
6505 1244 20 33 à
6549 1245 128 33 biaiser
6703 1246 132 40 chaque
6859 1247 88 33 bord

5542 1285 60 32 des
5636 1285 145 33 dessous
5814 1286 42 33 de
5887 1286 81 33 bras
6000 1298 42 21 en
6075 1298 113 29 augm.
6226 1298 11 21 1
6272 1300 42 20 m.
6349 1288 19 33 à
6399 1289 152 33 chacune
6583 1290 61 33 des
6675 1291 21 32 6
6729 1303 143 28 rayures
6905 1293 42 32 de

5543 1330 21 32 8
5591 1341 59 29 rgs
5679 1330 107 39 (faire
5814 1342 65 22 une
5906 1343 115 28 augm.
6050 1343 44 21 au
6122 1335 30 35 5"
6179 1333 55 37 rg)
6261 1339 35 27 et
6323 1343 19 22 2
6370 1345 43 21 m.
6441 1333 20 34 à
6487 1336 153 32 chacune
6668 1336 60 33 des
6756 1338 20 31 6
6805 1349 143 26 rayures

5545 1374 60 33 des
5636 1384 37 22 12
5700 1386 59 29 rgs
5786 1375 145 40 gaufrés
5961 1376 109 39 (faire
6096 1388 66 22 une
6189 1388 115 29 augm.
6331 1389 43 22 au
6401 1382 31 36 3E
6458 1385 33 26 et
6517 1391 43 21 au
6587 1383 31 35 9"
6644 1381 74 39 rgs)
6756 1393 6 20 :
6791 1393 44 21 au
6863 1383 84 32 total

5547 1428 38 22 12
5610 1430 115 29 augm.
5754 1426 77 26 sont
5858 1420 167 33 obtenues
6060 1433 7 27 ;
6096 1422 88 32 mais
6208 1426 38 27 2°
6275 1422 19 33 à
6319 1423 41 32 28
6385 1435 64 21 cm.
6477 1424 42 33 de
6545 1425 37 32 ht
6608 1427 118 37 totale,
6756 1426 135 33 former
6918 1428 32 32 la

5544 1463 95 33 fente
5675 1463 46 33 du
5756 1465 117 32 milieu
5909 1464 46 33 du
5990 1466 127 32 devant
6152 1478 42 21 en
6227 1474 204 31 partageant
6466 1469 30 32 le
6531 1470 122 32 travail
6690 1482 41 21 en
6765 1480 19 23 2
6818 1472 129 36 parties

5543 1507 126 40 égales.
5704 1508 155 39 (Laisser
5891 1521 44 21 un
5967 1510 77 33 côté
6075 1521 40 22 en
6147 1513 157 37 attente.)
6336 1512 161 34 Tricoter
6529 1514 123 33 l'autre
6682 1515 77 33 côté
6790 1522 32 26 et
6854 1516 95 33 exéc.

5537 1561 17 31 5
5584 1564 43 20 m.
5657 1564 40 21 en
5727 1559 35 33 pt
5791 1553 184 39 jarretière
6004 1566 89 28 pour
6122 1556 34 32 la
6184 1554 152 35 bordure
6366 1557 42 33 de
6437 1558 32 32 la
6502 1558 93 33 fente
6634 1571 6 24 ;
6672 1562 37 34 3°
6741 1560 141 37 lorsque
6912 1562 31 32 le

5538 1596 88 33 bord
5651 1597 45 33 du
5721 1598 147 32 dessous
5892 1598 42 33 de
5957 1598 81 33 bras
6061 1611 83 21 mes.
6167 1609 41 29 30
6231 1612 63 20 cm.
6319 1601 42 32 de
6385 1601 45 33 ht.
6456 1603 106 32 totale
6585 1604 149 33 aussitôt
6756 1605 103 38 après
6881 1618 66 20 une

5539 1653 128 28 rayure
5700 1642 43 33 de
5778 1652 37 22 12
5848 1655 61 28 rgs
5939 1644 160 39 gaufrés,
6134 1645 135 33 former
6302 1646 270 34 l'emmanchure
6605 1660 42 21 en
6682 1649 69 33 rab.
6786 1655 79 28 tous
6897 1651 50 33 les

5538 1696 19 22 2
5577 1698 59 29 rgs
5656 1688 20 31 6
5695 1699 54 27 m.,
5770 1697 19 31 3
5813 1688 69 33 fois
5901 1698 21 30 4
5942 1700 54 28 m.,
6016 1698 20 23 2
6058 1689 69 33 fois
6147 1700 18 29 3
6186 1702 54 27 m.,
6261 1700 18 22 2
6302 1691 69 33 fois
6391 1701 20 22 2
6430 1703 54 27 m.,
6504 1702 21 27 4
6546 1693 70 33 fois
6640 1704 10 21 1
6675 1695 116 33 maille
6814 1696 55 36 (32
6890 1707 54 26 m.,

5543 1743 36 21 ce
5603 1733 146 32 nombre
5775 1732 42 33 de
5843 1744 42 22 ln.
5913 1739 51 27 est
5990 1734 129 33 calculé
6144 1735 114 36 parmi
6282 1735 49 33 les
6358 1747 41 21 m.
6426 1737 62 32 des
6511 1749 146 25 rayures
6681 1751 70 18 non
6772 1740 178 37 gaufrées,

5543 1776 99 39 donc,
5665 1788 70 21 aux
5761 1789 144 28 rayures
5930 1778 177 40 gaufrées,
6132 1779 146 33 doubler
6302 1781 31 32 le
6357 1781 145 34 nombre
6527 1782 41 33 de
6594 1784 134 32 mailles
6753 1785 153 37 indiqué)
6941 1797 7 25 ;

5544 1823 36 36 4°
5606 1821 141 40 lorsque
5769 1822 31 33 le
5824 1821 88 33 bord
5935 1822 43 33 de
6000 1824 32 32 la
6057 1823 95 34 fente
6175 1836 138 22 mesure
6339 1834 37 27 14
6398 1837 64 22 cm.
6486 1826 43 34 de
6551 1828 38 32 ht
6611 1828 101 35 après
6735 1840 66 22 une
6825 1841 126 25 rayure

5545 1865 41 32 de
5622 1874 34 23 12
5687 1877 58 28 rgs
5776 1866 155 40 gaufrés,
5965 1867 136 37 former
6132 1868 187 35 l'encolure
6350 1881 40 22 en
6422 1870 71 33 rab.
6525 1877 79 28 tous
6634 1873 50 33 les
6714 1883 20 22 2
6765 1886 58 24 rgs
6855 1883 17 27 5
6903 1884 45 24 n*

5545 1909 12 37 (
5582 1910 49 32 les
5655 1918 17 31 5
5697 1921 44 22 m.
5765 1921 41 22 en
5829 1917 36 33 pt
5889 1911 201 40 jarretière)
6115 1922 19 23 2
6160 1913 70 33 fois
6252 1923 19 30 3
6296 1926 53 27 m.,
6374 1924 20 23 2
6418 1915 71 33 fois
6513 1925 19 23 2
6556 1917 144 39 mailles,
6724 1927 20 23 2
6769 1918 70 33 fois
6866 1929 10 22 1
6905 1931 42 21 m.

5545 1955 56 38 (17
5629 1965 53 27 m.,
5712 1965 37 22 ce
5777 1955 145 34 nombre
5950 1955 42 34 de
6022 1968 42 21 m.
6094 1964 52 26 est
6174 1958 131 33 calculé
6332 1960 110 35 parmi
6473 1961 49 32 les
6551 1963 135 32 mailles
6714 1962 61 31 des
6806 1975 143 25 rayures

5540 2010 68 21 non
5635 1999 183 39 gaufrées)
5855 2012 7 26 ;
5890 2003 36 37 5°
5956 2001 141 40 lorsque
6123 2001 272 35 l'emmanchure
6422 2016 82 21 mes.
6534 2013 36 30 17
6596 2017 64 22 cm.
6688 2008 42 32 de
6756 2008 37 32 ht
6821 2008 126 34 biaiser

5540 2042 30 33 le
5594 2042 144 34 nombre
5761 2043 43 33 de
5828 2055 43 21 m.
5894 2046 57 37 qui
5976 2051 130 28 restent
6130 2058 41 21 en
6193 2057 20 29 4
6238 2047 79 33 fois.
6342 2048 106 34 Exéc.
6473 2050 31 33 le
6527 2050 76 33 côté
6627 2052 103 32 laissé
6754 2064 41 21 en
6817 2059 129 28 attente

5537 2087 189 34 semblable
5756 2099 44 22 au
5832 2090 150 39 premier
6012 2090 86 33 côté.
6497 2106 96 32 (SUITE
6615 2112 33 19 ET
6668 2108 126 24 SCHÉMA
6814 2108 132 33 PAGE54)
