3875 5004
1868 522 70 25 Par
1962 530 46 19 un
2034 524 196 34 printemps
2255 526 100 30 frais,
2383 525 43 27 où
2452 526 117 33 déjeu-

1834 567 58 19 ner
1919 561 79 32 plus
2025 563 63 31 gai
2088 563 95 31 ment
2210 571 66 26 que
2303 572 61 19 sur
2392 565 50 26 les
2468 566 103 32 quais

1834 599 39 26 de
1910 600 33 25 la
1980 600 111 32 Seine,
2130 603 35 25 et
2201 603 168 33 déguster
2406 604 50 26 les
2491 605 80 26 vins

1834 637 119 27 blancs
1991 639 61 26 des
2089 641 146 26 terroirs
2272 642 171 31 silicieux,
2482 650 88 23 secs,

1834 683 43 19 un
1905 683 65 27 peu
2001 678 144 27 traîtres
2176 680 15 26 ?
2218 680 51 26 La
2295 681 146 26 Villette
2467 689 22 19 a
2515 689 57 19 ses

1834 715 144 27 viandes
2034 719 274 31 merveilleuses,
2364 727 57 19 ses
2474 721 99 33 épais

1836 762 15 17 «
1887 754 178 27 châteaux
2096 765 16 17 »
2144 758 101 32 quasi
2276 758 179 34 cubiques,
2489 760 83 33 qu'il

1834 799 84 20 vous
1950 794 92 31 faut,
2076 796 101 26 chers
2210 797 192 31 confrères,
2435 799 137 25 recher-

1834 831 91 31 cher,
1947 833 42 25 de
2009 835 114 32 temps
2143 841 42 20 en
2205 837 125 32 temps,
2351 837 105 32 après
2474 838 99 32 jours

1834 872 32 26 et
1888 871 97 26 nuits
2007 872 41 26 de
2069 879 83 26 gros
2174 875 140 25 travail.
2336 875 238 28 Montmartre

1834 909 136 32 frelaté,
2004 912 236 27 Montmartre
2272 914 180 26 lui-même
2484 915 90 26 n'est

1834 955 62 26 pas
1929 956 85 19 sans
2046 957 203 21 ressources
2281 953 144 32 loyales,
2459 957 34 26 et
2524 954 51 26 les

1834 987 78 28 vins
1939 989 105 32 qu'on
2071 996 22 26 y
2121 990 72 26 boit
2221 998 41 19 ne
2290 991 193 28 mûrissent
2510 999 65 26 pas

1834 1033 60 19 sur
1921 1027 31 26 le
1980 1028 164 33 vignoble
2172 1030 42 25 de
2241 1031 35 25 la
2305 1031 142 27 Butte...

1870 1088 100 26 Ainsi
2002 1089 143 33 émigré,
2178 1093 90 25 mais
2299 1093 162 31 persiste,
2493 1093 82 26 hors

1834 1127 41 26 de
1899 1134 62 19 nos
1986 1128 131 34 foyers,
2142 1130 31 26 le
2197 1131 80 25 luxe
2301 1131 42 26 de
2366 1131 35 26 la
2424 1133 94 26 table
2541 1134 35 25 et

1834 1165 186 28 l'honneur
2048 1168 41 26 de
2118 1168 80 27 bien
2227 1176 157 26 manger.
2414 1171 53 26 Où
2496 1173 80 25 sont

1834 1205 50 27 les
1919 1206 149 27 cordons
2102 1207 99 27 bleus
2236 1209 159 31 d'antan,
2431 1211 144 32 orgueil,

1834 1243 69 33 joie
1938 1246 35 25 et
2009 1248 138 25 terreur
2183 1248 61 26 des
2281 1248 155 27 familles
2475 1250 14 26 ?
2526 1250 51 26 La

1834 1282 129 27 femme
1998 1285 264 33 d'aujourd'hui
2299 1289 275 26 travaille.

1834 1322 126 33 Quand
1990 1324 64 26 elle
2082 1332 21 19 a
2132 1326 31 25 le
2193 1328 117 31 temps
2339 1327 42 26 de
2410 1328 167 32 déjeuner

1835 1361 84 26 chez
1945 1362 75 31 elle,
2049 1364 63 26 elle
2140 1365 74 27 s'en
2241 1366 110 32 prend
2378 1373 45 20 au
2449 1367 66 32 gril
2541 1368 35 26 et

1835 1400 22 26 à
1889 1401 35 28 la
1955 1402 128 33 plaque
2116 1404 122 32 rougie
2270 1405 79 32 plus
2382 1406 106 33 qu'au
2522 1413 54 20 co-

1835 1446 158 26 quemar,
2041 1447 34 25 et
2123 1443 30 26 le
2201 1444 155 26 saladier
2402 1446 175 32 remplace

1836 1479 33 26 la
1899 1481 177 26 sauteuse.
2110 1482 27 25 Il
2167 1483 117 26 arrive
2314 1484 104 32 qu'en
2447 1491 129 20 vacan-

1835 1525 59 19 ces
1919 1519 64 26 elle
2009 1524 166 24 retrouve
2201 1522 30 26 le
2257 1522 123 33 plaisir
2405 1523 42 26 de
2473 1523 103 27 cuisi-

1837 1564 72 24 ner,
1943 1565 41 19 ne
2016 1559 114 27 fût-ce
2162 1561 105 33 qu'en
2297 1562 93 32 plein
2420 1562 64 31 air,
2517 1570 61 19 sur

1837 1604 47 19 un
1909 1597 58 26 feu
1994 1598 40 26 de
2061 1600 175 33 camping.
2260 1601 51 26 Ce
2337 1601 91 27 n'est
2451 1608 77 27 pas,
2556 1602 21 26 il

1837 1636 74 26 s'en
1939 1636 89 32 faut,
2057 1645 69 20 une
2153 1640 185 26 mauvaise
2364 1640 103 27 école.
2496 1641 81 27 Cui-

1839 1675 73 26 sine
1940 1676 89 31 vive,
2060 1677 22 26 à
2110 1679 135 31 grande
2274 1679 128 30 braise,
2432 1687 87 20 avec
2547 1681 31 26 le

1836 1714 184 27 minimum
2041 1716 372 29 d'accommodement.
2437 1719 142 27 Cuisine

1839 1755 97 25 aussi
1971 1755 41 25 de
2046 1756 174 32 pêcheurs
2255 1759 34 25 et
2324 1758 41 26 de
2399 1759 177 26 matelots.

1839 1792 51 27 La
1917 1793 148 32 grillade
2092 1802 23 25 y
2144 1797 181 25 contracte
2354 1797 67 26 bon
2450 1797 85 33 goût
2571 1805 6 23 ;

1840 1832 31 25 le
1903 1833 142 32 poisson
2078 1834 54 33 s'y
2164 1835 69 27 fait
2265 1836 83 26 hors
2380 1837 42 25 de
2454 1837 77 33 pair
2571 1845 6 23 ;

1840 1871 75 26 noir
1944 1872 139 31 dehors,
2114 1873 103 28 blanc
2246 1875 144 26 dedans.
2420 1876 92 33 Qu'à
2540 1883 40 20 sa

1840 1917 90 26 peau
1967 1911 175 32 fendillée,
2179 1914 173 27 adhèrent
2386 1915 62 26 des
2483 1916 97 26 brins

1842 1949 153 28 calcinés
2033 1951 42 26 de
2114 1953 154 30 menthe,
2307 1953 42 26 de
2388 1955 109 32 thym,
2538 1956 42 25 de

1842 1988 132 27 fenouil
2000 1991 35 25 et
2060 1991 74 27 rien
2160 1999 42 18 ne
2227 1993 47 25 lui
2301 1999 203 27 manquera.
2533 1994 47 26 Le

1841 2029 114 26 même
1987 2029 139 27 brasier
2155 2031 84 28 rôtit
2272 2032 34 25 la
2338 2032 164 27 côtelette
2534 2040 45 19 au

1842 2067 85 28 bout
1963 2068 104 27 d'une
2104 2070 108 32 petite
2249 2071 147 26 fourche
2432 2072 22 26 à
2489 2073 92 26 deux

1842 2107 104 26 dents
1978 2109 45 29 et,
2057 2115 61 19 sur
2149 2117 47 19 un
2228 2117 164 19 morceau
2425 2111 42 26 de
2498 2112 83 26 toile

1841 2146 215 34 métallique,
2085 2155 37 19 se
2150 2149 125 26 dorent
2301 2151 35 25 et
2364 2151 216 32 craquellent

1843 2186 34 26 la
1910 2187 147 30 tomate,
2091 2188 230 33 l'aubergine,
2354 2190 31 26 le
2418 2196 82 26 gros
2533 2191 47 25 oi-

1844 2233 102 26 gnon,
1988 2227 31 26 le
2057 2227 134 34 piment
2229 2228 87 31 vert,
2358 2229 30 27 le
2428 2230 154 33 champi-

1843 2273 129 27 gnon...
2008 2269 43 27 Je
2085 2269 72 26 n'ai
2191 2276 65 26 pas
2291 2270 120 27 besein
2446 2271 134 33 d'ajou-

1843 2308 54 25 ter
1918 2314 67 27 que
2006 2315 88 20 vous
2116 2308 86 27 tirez
2225 2317 46 19 un
2293 2310 94 33 parti
2410 2311 171 26 excellent

1843 2347 45 26 du
1911 2347 118 33 poulet
2051 2348 104 32 jeune
2176 2363 38 3 —
2235 2355 43 19 ne
2301 2349 194 27 confondez
2517 2357 65 26 pas

1842 2393 88 20 avec
1948 2387 31 25 le
1998 2387 145 33 poussin
2163 2387 141 27 blafard
2331 2389 6 26 !
2357 2403 38 4 —
2412 2389 108 27 fendu
2540 2396 41 20 en

1843 2426 102 30 deux,
1966 2426 112 33 aplati
2096 2426 22 26 à
2138 2427 34 27 la
2191 2427 167 27 hachette
2377 2435 45 19 ou
2438 2435 45 20 au
2504 2429 77 26 bat-

1840 2465 79 31 toir,
1947 2465 61 28 des
2032 2466 109 33 petits
2164 2466 131 33 gibiers
2318 2467 103 33 frais,
2447 2468 134 27 confiés

1843 2504 22 26 à
1900 2505 34 26 la
1968 2505 113 26 même
2116 2505 126 27 braise.
2279 2507 97 26 Vous
2410 2507 109 27 faites
2555 2508 27 25 fi

1843 2544 41 26 de
1914 2544 91 27 cette
2033 2545 134 26 cuisine
2195 2545 41 27 de
2263 2552 187 27 campeurs
2478 2548 35 26 et
2541 2547 41 26 de

1843 2583 228 27 braconniers
2104 2585 11 22 ?
2167 2584 142 27 Comme
2359 2592 88 20 vous
2496 2593 87 19 avez

1843 2624 73 25 tort
1955 2623 6 26 !
1993 2623 31 25 A
2054 2630 104 26 repas
2189 2624 134 33 simple,
2355 2625 23 26 il
2409 2625 81 30 faut
2519 2625 63 27 ali-

1844 2664 116 24 ments
2004 2662 42 27 de
2089 2663 163 33 qualités.
2296 2664 100 27 Ceux
2439 2671 67 27 que
2549 2665 34 33 je

1844 2702 108 33 prône
1985 2702 54 31 ici,
2075 2709 88 20 vous
2197 2703 149 27 laissent
2381 2704 33 26 la
2449 2704 134 27 bouche

1845 2742 96 26 nette
1967 2742 35 26 et
2029 2742 183 27 l'estomac
2238 2743 104 33 léger.

1877 2802 187 28 (Peut-être
2104 2811 280 26 manquez-vous
2424 2811 88 27 pour
2551 2805 35 26 la

1845 2842 147 33 grillade
2025 2842 22 27 à
2079 2843 35 26 la
2146 2843 129 31 braise,
2309 2844 197 33 justement
2538 2845 46 26 du

1845 2882 65 33 gril
1939 2889 42 20 ou
2010 2882 41 26 de
2079 2883 34 26 la
2139 2883 128 30 braise,
2295 2885 35 26 et
2356 2890 89 20 vous
2471 2884 113 27 n'êtes

1844 2928 188 26 pourvues,
2056 2922 238 33 prisonnières
2316 2923 42 26 de
2381 2923 114 31 Paris,
2518 2930 67 27 que

1845 2961 45 26 du
1916 2968 66 25 gaz
2011 2962 14 26 ?
2052 2962 52 25 Ne
2128 2961 207 34 désespérez
2360 2969 65 26 pas
2461 2963 6 26 !
2494 2963 91 26 Tout

1846 3002 88 25 vaut
1963 3001 121 26 mieux
2111 3008 66 26 que
2207 3001 42 26 de
2280 3001 90 27 faire
2401 3002 95 27 cuire
2526 3009 59 19 vo-

1846 3042 53 25 tre
1920 3040 146 31 minute,
2089 3041 89 26 dans
2199 3048 68 19 une
2289 3042 187 30 casserole,
2499 3048 87 20 avec

1846 3080 46 26 du
1921 3080 135 26 beurre.
2087 3080 95 33 Ayez
2210 3087 69 19 une
2308 3081 98 33 poêle
2435 3081 150 33 épaisse,

1846 3118 22 27 à
1905 3119 85 26 fond
2026 3126 102 20 assez
2165 3120 98 32 large
2300 3121 34 25 et
2371 3120 216 26 réservez-la

1846 3165 87 27 pour
1955 3166 46 20 un
2023 3159 75 26 seul
2121 3165 111 27 usage
2261 3166 6 19 :
2292 3160 98 26 toute
2413 3159 115 31 sèche,
2552 3160 35 26 et

1846 3198 131 33 vierge,
2027 3199 201 32 asseyez-la
2277 3206 41 19 en
2367 3199 93 33 plein
2508 3206 77 26 gaz.

1848 3238 125 33 Quand
2013 3245 63 19 son
2115 3237 84 27 fond
2239 3238 117 33 rougit
2394 3246 45 19 au
2479 3245 108 26 rouge

1847 3277 148 31 sombre,
2033 3278 189 33 plaquez-y
2259 3279 100 25 votre
2395 3278 191 30 entrecôte,

1846 3318 101 25 votre
1985 3317 176 30 côtelette,
2202 3318 102 25 votre
2343 3317 145 31 bifteck,
2529 3317 58 34 qui

1846 3360 211 30 pousseront
2084 3357 50 25 les
2161 3357 108 26 hauts
2296 3356 79 27 cris.
2405 3357 182 27 Instanta-

1847 3396 142 28 nément
2010 3396 43 26 ils
2074 3396 206 27 brunissent
2302 3398 34 25 et
2359 3403 36 19 se
2417 3397 170 26 couvrent

1848 3436 41 26 de
1924 3436 35 25 la
1994 3435 120 28 croûte
2149 3435 115 27 mince
2299 3436 58 33 qui
2393 3435 128 31 retiént
2557 3437 31 25 le

1848 3481 100 27 sang.
1982 3475 34 26 Si
2047 3476 85 26 elles
2163 3475 173 27 adhèrent
2367 3482 46 20 un
2444 3482 66 26 peu
2541 3482 46 19 au

1847 3515 85 26 fond
1954 3521 166 27 passez-y
2142 3521 68 20 une
2233 3516 91 25 lame
2346 3521 42 20 ou
2412 3515 51 26 les
2485 3515 102 26 dents

1847 3554 103 26 d'une
1997 3554 213 27 fourchette.
2258 3554 93 26 Mais
2399 3561 187 25 arrangez-

1847 3600 88 20 vous
1971 3600 87 27 pour
2093 3601 43 19 ne
2171 3595 186 25 retourner
2392 3594 35 26 la
2459 3593 128 27 viande

1848 3634 129 33 qu'une
2006 3633 95 26 seule
2130 3633 78 27 fois.
2240 3633 52 26 La
2319 3633 121 33 pincée
2467 3633 42 26 de
2537 3633 49 27 sel

1847 3688 37 3 —
1925 3673 161 33 toujours
2127 3679 83 27 gros
2252 3673 49 27 sel
2343 3672 121 27 écrasé
2504 3673 6 26 !
2553 3687 37 4 —

1847 3713 30 26 le
1923 3713 121 34 poivre
2088 3713 132 30 moulu,
2268 3713 34 25 la
2347 3713 152 26 noisette
2546 3713 41 26 de

1848 3753 125 26 beurre
2004 3752 195 34 s'ajoutent
2229 3752 83 26 hors
2342 3752 41 26 de
2414 3752 34 26 la
2477 3752 109 33 poêle,

1847 3799 60 20 sur
1952 3792 174 26 l'assiette
2171 3792 146 26 chaude.
2360 3791 149 27 Grattez
2554 3791 34 26 la

1847 3832 108 33 poêle,
2004 3831 211 27 rebrûlez-la
2260 3831 117 34 quand
2424 3831 64 26 elle
2533 3831 54 26 est

1846 3871 91 31 vide,
1962 3878 42 20 ne
2029 3873 34 26 la
2085 3872 99 26 lavez
2207 3878 75 27 pas,
2307 3878 42 20 ne
2372 3871 34 29 la
2428 3870 159 33 graissez

1846 3918 75 27 pas.
1963 3911 145 34 Chaque
2149 3911 67 26 fois
2256 3910 131 33 rougie,
2429 3910 64 26 elle
2533 3910 55 26 est

1847 3958 136 26 propre.

1886 4013 94 27 Pour
2018 4020 88 20 vous
2143 4013 101 26 avoir
2281 4013 226 27 entretenues
2546 4012 41 26 de

1848 4053 134 28 cuisine
2007 4052 266 31 rudimentaire,
2298 4052 34 33 je
2357 4059 43 19 ne
2424 4052 74 26 suis
2522 4058 65 27 pas

1846 4099 46 20 au
1916 4093 85 31 bout
2022 4093 42 26 de
2086 4100 81 19 mon
2189 4093 155 26 rouleau.
2369 4092 218 26 Savez-vous

1848 4133 90 26 faire
1959 4133 36 26 la
2014 4133 134 33 galette
2168 4131 22 27 à
2211 4132 147 27 l'écume
2378 4131 42 26 de
2441 4131 147 26 beurre?

1847 4172 228 26 Aimez-vous
2101 4173 31 25 le
2158 4171 161 27 chocolat
2345 4171 67 26 rôti
2441 4171 15 26 ?
2482 4170 46 27 Et
2554 4170 34 26 la

1848 4212 77 27 côte
1953 4212 42 26 de
2022 4218 91 20 veau
2141 4218 72 20 aux
2239 4211 148 27 anchois
2417 4211 15 26 ?
2460 4210 127 27 Savez-

1847 4258 88 20 vous
1962 4251 91 27 faire
2079 4257 46 20 un
2152 4250 67 27 bon
2245 4251 162 32 fromage
2433 4256 86 20 avec
2546 4249 41 26 de

1847 4291 164 28 mauvais
2049 4290 201 34 fromages?
2286 4289 303 34 Fabriquez-vous

1847 4334 30 26 le
1900 4333 65 26 lait
1988 4333 208 26 d'amandes
2222 4333 15 26 ?
2255 4332 230 26 Buvez-vous
2508 4337 78 27 par-

1847 4372 80 31 fois,
1955 4379 43 20 en
2024 4373 110 31 hiver,
2162 4379 47 19 un
2234 4371 137 27 certain
2397 4370 59 27 vin
2485 4369 102 27 blanc

1848 4412 116 28 chaud
1991 4413 15 26 ?

1884 4475 42 28 Je
1947 4474 76 27 dois
2044 4481 88 27 pour
2153 4475 93 26 cette
2268 4473 78 30 fois,
2371 4479 55 20 me
2448 4472 135 27 borner.

1846 4515 107 26 Aussi
1980 4514 79 28 bien
2082 4514 25 26 il
2134 4514 54 26 est
2214 4512 80 28 tard
2320 4514 35 26 et
2380 4518 81 21 mon
2487 4511 99 27 dlner

1847 4553 184 28 m'attend.
2059 4553 50 28 Ce
2139 4553 92 27 n'est
2259 4558 66 28 pas
2353 4558 47 21 un
2429 4551 77 27 vrai
2535 4550 50 28 dt-

2644 532 71 23 ner,
2750 532 38 20 ce
2821 526 80 27 soir.
2935 527 71 27 J'ai
3038 530 167 33 quelques
3237 538 140 25 grosses

2643 564 210 33 châtaignes
2896 565 170 33 bouillies,
3111 576 46 18 un
3201 576 95 20 cœur
3337 572 41 25 de

2644 603 132 30 salade,
2806 606 34 25 et
2867 611 87 26 pour
2982 606 118 27 finir...
3130 614 46 20 un
3204 609 88 32 petit
3319 611 59 32 pot

2643 642 42 26 de
2713 645 93 24 terre
2835 643 121 31 brune,
2986 645 92 32 plein
3108 646 41 27 de
3176 648 60 26 vin
3262 649 114 32 jeune,

2645 682 143 25 couleur
2815 682 41 26 de
2884 683 97 26 rubis
3009 684 103 31 balai,
3143 687 112 29 sucré,
3283 688 96 25 addi-

2645 720 118 26 tionné
2788 721 42 26 de
2854 723 144 29 canelle,
3025 723 42 26 de
3092 724 77 27 huit
3194 726 120 32 grains
3338 727 41 26 de

2646 759 119 32 poivre
2793 761 35 26 et
2855 760 83 27 d'un
2967 763 74 25 seul
3071 763 76 26 clou
3175 764 41 26 de
3243 765 135 32 girofle.

2645 799 126 32 Quand
2798 800 23 25 il
2848 807 80 19 sera
2954 801 112 31 versé,
3095 804 77 26 tout
3199 803 181 31 bouillant,

2647 838 88 26 dans
2761 845 47 20 un
2836 839 54 26 bol
2917 839 109 33 épais,
3053 840 34 33 je
3114 841 181 34 déposerai
3323 851 60 18 sur

2647 877 32 26 le
2705 877 59 26 vin
2793 878 142 27 fumant
2963 886 46 19 un
3038 881 95 26 toast
3162 881 43 26 de
3230 882 82 32 pain
3340 883 43 25 de

2648 917 157 33 ménage,
2827 918 162 27 humecté
3008 919 42 27 de
3068 920 72 26 très
3160 921 114 26 bonne
3291 921 93 28 huile

2647 958 137 30 d'olive,
2805 960 33 26 et
2857 959 34 33 je
2910 966 42 20 ne
2971 960 162 26 laisserai
3152 968 65 26 pas
3236 969 45 20 au
3300 963 81 32 pain

2649 997 31 26 le
2711 998 115 32 temps
2859 998 42 26 de
2932 1000 124 31 perdre
3088 1007 41 19 sa
3162 1001 222 27 consistance

2649 1038 201 31 croquante.
2896 1037 94 28 C'est
3032 1039 104 26 vieux
3180 1046 132 21 comme
3354 1041 29 26 le

2649 1076 136 30 monde,
2814 1077 91 26 cette
2932 1083 107 27 soupe
3065 1085 45 19 au
3138 1078 69 26 vin.
3237 1079 34 26 Si
3298 1080 87 26 c'est

2649 1114 66 26 bon
2734 1116 11 21 ?
2775 1115 168 34 Essayez,
2985 1117 173 27 madame.
3203 1118 45 28 Et
3288 1119 96 26 n'ou-

2649 1154 86 26 bliez
2763 1161 65 27 pas
2856 1155 50 27 les
2934 1156 210 33 châtaignes
3172 1171 38 4 —
3235 1164 87 26 pour
3350 1159 34 26 la

2650 1193 101 32 ligne.

3126 1246 220 28 COLETTE.

2687 1544 121 34 Penny
2833 1545 96 33 pâlit.
2957 1546 68 26 Son
3051 1553 95 20 cœur
3170 1547 106 26 faillit
3300 1548 86 26 s'ar-

2651 1584 91 26 rêter
2772 1585 41 26 de
2843 1585 128 27 battre.
3016 1586 179 26 L'instant
3237 1586 149 33 d'après,

2650 1625 77 26 tout
2762 1624 88 27 était
2885 1625 87 26 clair
3007 1626 89 25 dans
3131 1632 62 20 son
3229 1626 108 33 esprit
3378 1633 6 19 :

2651 1670 133 19 comme
2817 1671 44 19 on
2894 1664 120 26 s'était
3047 1665 229 27 vilainement
3308 1665 79 33 joué

2651 1702 101 26 d'elle
2789 1704 6 25 !
2823 1703 132 27 C'était
2982 1704 76 27 cela
3093 1711 6 18 :
3128 1705 50 25 les
3207 1705 180 32 magasins

2651 1741 199 33 Longsdale
2875 1743 144 28 avaient
3044 1743 67 27 mis
3137 1751 61 19 sur
3222 1750 62 19 son
3309 1744 77 26 che-

2651 1781 71 26 min
2762 1781 164 27 l'homme
2964 1783 127 32 qu'elle
3129 1783 143 30 voulait,
3312 1784 75 25 afin

2652 1821 41 25 de
2721 1828 152 26 prouver
2901 1822 126 33 qu'elle
3056 1822 88 26 était
3172 1829 42 19 en
3243 1823 74 26 état
3346 1823 41 26 de

2652 1860 170 33 répondre
2855 1860 21 26 à
2909 1863 80 25 tous
3035 1862 49 26 les
3118 1862 112 26 désirs
3275 1862 41 26 de
3347 1869 41 19 sa

2654 1900 194 26 clientèle...

2688 1951 93 26 Hors
2822 1951 242 30 d'elle-même,
3107 1952 122 33 Penny
3267 1954 121 25 monta

2650 1997 44 19 au
2721 1990 317 34 vingt-cinquième
3064 1991 113 33 étage.
3205 1992 75 26 Elle
3306 1992 80 26 bon-

2652 2029 50 27 dit
2726 2037 81 19 vers
2831 2032 35 24 la
2890 2031 99 33 porte
3014 2032 57 32 qui
3097 2031 132 33 portait
3253 2032 31 25 le
3308 2038 80 19 nom

2652 2069 41 26 de
2718 2069 151 27 Charles
2895 2070 148 27 Colman
3072 2073 35 24 et
3135 2071 141 26 l'ouvrit
3305 2077 83 20 sans

2653 2108 154 34 frapper.
2851 2110 44 25 M.
2926 2110 147 27 Charles
3115 2109 146 27 Colman
3301 2110 88 26 était

2654 2147 78 27 bien
2762 2147 34 27 là
2820 2155 5 24 ;
2857 2148 22 26 il
2911 2149 132 26 trônait
3071 2149 153 26 derrière
3253 2156 46 19 un
3328 2149 60 27 bu-

2653 2194 86 19 reau
2772 2188 155 26 luxueux
2959 2190 35 25 et
3026 2188 178 33 imposant
3236 2190 34 26 et
3300 2189 22 26 il
3356 2189 34 26 la

2654 2227 180 32 regardait
2861 2228 83 27 d'un
2971 2227 53 27 air
3050 2228 136 27 étonné.

2688 2277 74 27 iDes
2798 2278 130 26 larmes
2964 2279 111 32 pleins
3113 2280 49 25 les
3198 2286 102 26 yeux,
3338 2279 52 25 fu-

2653 2317 115 26 rieuse
2797 2318 35 25 et
2861 2318 217 33 désespérée,
3111 2318 120 34 Penny
3260 2318 75 33 jeta
3361 2319 31 25 le

2655 2356 134 34 chèque
2815 2356 21 27 à
2864 2364 56 20 ses
2948 2358 98 32 pieds
3082 2365 5 18 :

2690 2422 38 4 —
2754 2408 179 33 Pourquoi
2964 2408 242 27 m'avez-vous
3235 2408 111 26 menti
3378 2408 14 26 ?

2654 2447 176 34 Pourquoi
2862 2454 88 20 vous
2982 2448 182 26 êtes-vous
3196 2448 124 33 moqué
3350 2448 42 26 de

2655 2487 69 26 moi
2755 2487 15 25 ?
2797 2487 53 26 Oh
2886 2487 6 26 !
2922 2494 66 26 que
3017 2488 86 26 c'est
3130 2487 108 27 vilain
3276 2488 6 26 !
3312 2494 79 19 san-

2654 2526 221 33 glotait-elle.
2906 2527 78 27 Non
3021 2527 6 26 !
3057 2528 42 26 Je
3127 2534 42 19 ne
3196 2533 92 20 veux
3313 2527 78 32 plus

2654 2565 75 27 rien
2759 2566 156 27 recevoir
2944 2567 42 26 de
3015 2574 97 23 vous,
3141 2567 142 27 Charlie
3321 2567 6 26 !

2691 2617 46 26 M.
2763 2617 146 27 Colman
2933 2617 69 34 prit
3027 2618 33 25 la
3082 2617 148 31 désolée,
3255 2617 135 27 tendre-

2656 2658 106 30 ment,
2796 2658 90 26 dans
2919 2665 57 19 ses
3008 2658 82 26 bras
3111 2665 6 18 :

2692 2725 39 4 —
2751 2711 42 27 Je
2817 2717 43 19 ne
2884 2710 72 26 sais
2980 2710 176 27 vraiment
3178 2717 64 26 pas
3266 2717 38 20 ce
3326 2716 66 27 que

2655 2757 88 19 vous
2764 2757 98 24 avez,
2886 2750 133 33 Penny,
3043 2750 101 27 dit-il.
3168 2750 52 26 Ne
3241 2750 151 26 m'avez-

2657 2796 87 20 vcus
2779 2796 64 27 pas
2879 2790 109 26 menti
3024 2790 96 26 aussi
3159 2790 15 26 ?
3218 2789 86 26 Cela
3350 2796 42 19 ne

2656 2829 125 26 veut-il
2807 2836 65 26 pas
2898 2829 74 26 dire
2998 2836 66 26 que
3090 2836 62 20 nos
3178 2829 109 26 droits
3313 2830 79 25 sont

2656 2869 125 32 égaux,
2809 2869 262 26 mademoiselle
3098 2868 112 27 Smith
3241 2869 14 25 ?
3281 2868 111 26 Ecou-

2658 2910 54 24 tez
2754 2915 6 19 :
2796 2909 29 25 si
2859 2915 88 19 vous
2982 2915 42 19 ne
3057 2908 121 26 voulez
3212 2914 64 26 pas
3310 2908 83 25 d'un

2657 2948 139 26 homme
2823 2955 41 19 ne
2891 2948 121 26 visant
3038 2955 66 26 que
3130 2948 97 25 votre
3254 2948 138 31 argent,

2657 2994 89 20 vous
2776 2987 96 27 est-il
2903 2987 30 26 si
2963 2987 149 26 difficile
3142 2987 41 26 de
3214 2993 179 27 compren-

2658 3027 60 27 dre
2741 3034 78 27 que,
2845 3026 67 27 moi
2938 3027 108 30 aussi,
3070 3027 34 32 je
3127 3026 148 26 désirais
3299 3030 95 25 trou-

2659 3074 60 19 ver
2748 3073 68 20 une
2845 3067 129 25 femme
3004 3067 56 32 qui
3091 3072 42 20 ne
3160 3065 141 26 m'aime
3329 3072 65 26 pas

2658 3107 196 26 seulement
2878 3113 104 26 parce
3006 3113 66 26 que
3094 3106 33 32 je
3151 3105 72 26 suis
3246 3105 148 26 Charles

2656 3146 149 27 Colman
2848 3145 126 34 junior,
3019 3144 271 34 copropriétaire
3333 3144 61 26 des
3447 3152 9 18 <

2658 3185 183 33 magasins
2869 3185 209 33 Longsdale,
3106 3184 124 26 mais...

2697 3345 68 26 Les
2796 3345 92 26 deux
2917 3344 229 33 journalistes
3176 3343 68 33 qui,
3277 3343 116 25 autre-

2659 3385 81 30 fois,
2766 3385 143 26 avaient
2934 3382 256 35 photographié
3213 3383 122 31 Penny
3360 3383 35 24 et

2660 3428 85 24 tenu
2781 3425 74 25 leur
2891 3430 179 27 promesse
3107 3423 41 25 de
3184 3429 42 19 ne
3261 3428 64 26 pas
3361 3421 34 26 la

2660 3464 123 31 trahir,
2815 3464 41 25 de
2885 3469 187 21 conserver
3099 3461 141 34 jusqu'à
3269 3461 124 26 nouvel

2661 3504 100 26 ordre
2794 3504 93 25 leurs
2918 3502 170 33 portraits
3120 3502 34 26 et
3185 3501 93 26 leurs
3310 3499 84 27 arti-

2662 3544 80 30 cles,
2768 3544 128 32 purent
2920 3542 98 26 enfin
3042 3548 37 19 se
3103 3541 127 26 mettre
3253 3546 46 20 au
3323 3541 71 24 tra-

2660 3583 81 26 vail.
2772 3583 215 26 L'aventure
3016 3581 88 26 était
3132 3581 155 25 devenue
3316 3579 79 26 bien

2660 3623 79 33 plus
2773 3621 273 27 sensationnelle
3079 3619 103 35 qu'ils
3216 3626 42 19 ne
3292 3619 102 26 l'eus-

2661 3663 79 26 sent
2789 3661 157 33 espéré...
3002 3660 48 27 Ils
3102 3658 245 28 l'intitulèrent
3388 3664 6 19 :

2664 3711 15 17 «
2710 3702 136 26 Roman
2872 3701 160 26 d'amour
3057 3706 42 20 en
3123 3698 188 33 Amérique
3346 3697 6 26 !
3380 3704 16 18 »

2988 3773 81 27 FIN

2940 3920 180 32 VARIETES

2696 4002 56 30 UN
2781 4001 202 31 NOUVEAU
3010 4000 73 31 JEU
3109 4010 20 21 «
3155 4000 42 31 LE
3225 3999 74 32 HIC
3326 4009 20 21 »

2781 4066 177 33 (Réponse
2982 4066 42 26 de
3048 4065 34 26 la
3104 4072 89 26 page
3217 4065 62 30 22.)

2661 4153 25 25 1.
2717 4151 99 27 Etait
2845 4151 114 27 classé
2986 4151 139 26 dernier
3152 4157 46 20 au
3226 4156 169 20 concours

2662 4191 40 26 de
2736 4190 215 27 l'Académie
2984 4190 42 27 de
3058 4190 107 33 Lyon.
3198 4204 35 4 —
3265 4190 27 25 2.
3327 4189 69 26 Son

2662 4233 150 25 sommet
2831 4233 55 25 est
2905 4230 158 26 ébréché.
3083 4244 38 4 —
3137 4229 27 27 3.
3186 4229 80 26 Alla
3284 4235 47 20 au
3350 4228 46 27 ci-

2653 4270 113 27 néma.
2784 4285 39 6 —
2838 4271 27 25 4.
2886 4270 48 26 Le
2952 4276 152 27 passage
3122 4269 41 26 de
3186 4277 14 17 «
3222 4268 173 26 Norman-

2661 4310 54 27 die
2744 4319 19 17 ,»
2793 4317 65 26 par
2888 4310 31 26 le
2950 4311 103 25 canal
3084 4309 42 26 de
3158 4308 168 27 Panama.
3359 4321 39 5 —

2659 4351 26 26 5.
2708 4350 81 27 Doit
2809 4349 196 34 apprendre
3023 4348 22 26 à
3064 4354 109 27 nager
3191 4354 83 20 sous
3293 4347 34 26 la
3345 4346 49 27 di-

2660 4389 133 28 rection
2821 4389 217 26 maternelle.
3069 4402 37 4 —
3133 4388 26 26 6.
3191 4387 28 26 Il
3249 4386 146 28 s'enfuit

2658 4436 89 27 pour
2767 4436 42 20 ne
2829 4436 65 26 pas
2914 4429 74 26 être
3008 4427 71 34 jeté
3099 4427 88 27 dans
3208 4427 31 26 le
3260 4426 132 26 Rhône.

2656 4484 39 4 —
2717 4470 27 25 7.
2771 4469 77 27 Une
2873 4468 162 27 créature
3060 4466 174 33 imaginée
3258 4472 65 28 par
3348 4472 46 20 un

2657 4510 150 26 homme.
2840 4523 38 4 —
2906 4507 27 27 8.
2968 4505 327 30 Marie-Madeleine
3326 4511 67 20 von

2657 4548 125 28 Losch.
3248 4588 15 18 ik
