3971 5004
2232 1784 608 288 mille
2944 1832 728 256 petits

2512 2104 80 56 "
2632 2112 624 112 TRUCK
3304 2112 80 64 "

2360 2232 1160 280 précieux

2041 2640 188 41 Comme
2260 2643 108 46 moi,
2402 2643 238 38 mettez-les
2673 2641 112 40 dans
2822 2658 62 23 un
2916 2652 167 40 carnet,
3117 2644 27 39 à
3175 2645 101 38 côté
3305 2645 79 40 des
3418 2646 142 51 règles
3592 2647 69 51 gé-

1978 2697 173 40 nérales
2181 2697 304 40 d'économies
2514 2708 44 30 et
2587 2698 56 40 de
2671 2699 233 50 propreté,
2940 2699 111 52 qu'il
3085 2715 57 26 ne
3174 2701 101 50 faut
3308 2717 81 36 pas
3425 2705 184 48 ignorer
3646 2719 14 24 :

2040 2793 65 6 —
2136 2771 257 40 Entretenir
2441 2771 347 51 régulièrement
2820 2774 62 38 les
2916 2774 259 49 fourneaux
3209 2785 49 30 el
3287 2776 219 41 réchauds
3540 2792 120 36 pour

1978 2842 57 26 ne
2070 2843 81 35 pas
2186 2831 141 45 avoir,
2363 2831 189 46 ensuite,
2587 2830 27 38 à
2649 2830 137 39 lutter
2820 2839 156 31 contre
3002 2832 44 38 la
3072 2833 175 38 rouille.

2035 2923 65 8 —
2130 2901 63 40 Ne
2227 2904 162 48 jamais
2423 2903 118 49 faire
2579 2903 184 39 bouillir
2797 2904 45 38 le
2869 2904 100 50 café
2996 2914 57 41 et,
3083 2905 153 51 quand
3264 2921 61 24 on
3352 2907 42 39 le
3422 2907 238 52 réchauffe

1978 2958 77 48 (ce
2079 2960 78 49 qui
2180 2958 114 40 n'est
2317 2974 80 35 pas
2421 2960 26 38 à
2471 2960 374 52 recommander),
2845 2960 135 52 que
3008 2976 50 26 ce
3087 2964 86 37 soit
3201 2978 60 24 au
3290 2963 278 42 bain-marie.

2038 3054 64 7 —
2133 3031 288 52 N'employer
2456 3047 88 36 que
2578 3033 64 40 du
2677 3049 139 24 savon
2850 3050 86 25 sec.

2038 3121 64 7 —
2134 3099 142 51 Après
2307 3101 43 38 le
2381 3114 251 38 repassage,
2663 3102 206 40 attendre
2904 3117 88 37 que
3026 3104 42 40 le
3101 3105 122 50 linge
3256 3107 63 38 ait
3352 3105 147 52 perdu
3534 3116 125 32 toute

1976 3165 121 31 trace
2130 3155 270 41 d'humidité
2432 3167 133 30 avant
2598 3158 57 41 de
2689 3160 42 38 le
2765 3172 178 38 ranger.

2037 3246 65 6 —
2132 3223 65 41 Ne
2225 3239 81 35 pas
2336 3238 163 36 ranger
2526 3225 57 40 de
2611 3227 246 40 vêtements
2900 3238 133 30 avant
3076 3228 57 41 de
3177 3230 64 39 les
3285 3232 129 38 avoir
3457 3232 201 50 nettoyés

1975 3280 334 51 parfaitement.

2031 3369 64 7 —
2126 3348 241 51 Refermer
2403 3349 214 43 bouteille
2652 3366 61 26 ou
2750 3351 128 41 boîte
2914 3351 112 42 dont
3063 3368 63 26 on
3160 3355 122 40 vient
3319 3354 58 42 de
3415 3371 48 26 se
3501 3359 155 39 servir.
