3878 5004
548 393 19 50 I
605 393 12 10 '
683 441 22 10 „
904 438 39 13 -,
1223 434 4 7 ,
1242 401 5 30 '
1293 401 10 12 '
1314 376 28 67 IL
1359 419 48 25 MA
1425 409 13 34 J
1442 375 555 68 AMAÎ^LUTVWUU/M^^OIT^

535 408 394 120 Tenace
929 408 226 120 et
1219 440 28 107 ::
1291 416 716 131 .VFHiShras

1219 560 6 29 \
1291 546 143 44 \U^
1539 557 36 33 y
1587 555 55 24 le*
1658 546 196 36 oo*Mi$>X~
1895 550 109 40 ~^É\J

556 599 42 25 ç
624 598 182 26 anç
1219 592 27 32 I1
1286 592 5 14 E
1406 592 28 15 ^
1462 593 43 31 ^
1516 589 115 35 fiL*
1649 589 216 35 ^SON.I*
1942 599 62 25 m

550 623 258 44 sans
1219 625 6 26 '
1241 656 2 10 ,
1352 623 40 48 ^
1405 648 35 23 v
1481 623 67 48 j4L
1591 644 56 23 TES
1666 634 112 33 MAÎNS
1791 623 67 44 *■*»
1967 634 43 32 P\

1218 686 6 24 (
1269 670 10 40 I
1358 685 53 25 A""
1424 671 146 39 sZr*e\
1595 681 74 22 so*r
1682 680 141 24 #EVE>40€S
1835 670 74 40 &--*5
1946 676 12 26 t
1979 678 27 22 V

1584 730 10 16 L
1627 714 116 31 «^HTS
1769 721 38 23 ET
1836 709 149 37 ¥\S

547 748 18 36 I
1219 747 5 31 <
1240 779 2 4 .
1632 751 174 42 v&eRCÉES
1826 762 13 19 /
1867 745 143 47 Vv-^—^

546 826 18 56 I
606 826 18 64 I
669 826 341 64 aces
1240 845 4 27 I

534 877 41 20 ■*-
596 877 38 20 -*-
672 877 82 21 ^
858 877 68 20 ^
1217 877 5 28 I
1280 900 6 27 f
1402 877 128 39 t/lOLiES
1544 883 91 31 MAINS
1651 888 57 29 QUE
1722 883 58 30 JAIE
1800 881 100 33 JAMAIî
1914 877 83 57 vuoj

502 938 95 26 C'est
638 943 82 19 sous
763 936 92 25 cette
897 934 118 26 devise
1056 940 67 26 que
1166 933 29 25 le
1218 938 4 19 i
1590 939 30 11 "J'
1634 938 5 10 '

464 982 106 19 rouge
590 974 208 27 GUITARE
820 983 22 18 a
862 973 55 26 été
939 972 99 27 lancé
1059 978 65 23 par
1146 972 49 25 les
1238 962 6 31 (
1293 970 10 18 ^
1370 989 7 6 -
1386 970 102 31 //C'EST
1504 964 182 37 PARCSçut^jï

463 1014 247 27 Laboratoires
755 1011 36 28 V
791 1011 162 28 AlJDOR.
1001 1011 55 25 En
1101 1010 94 33 dépit
1239 1027 4 17 |
1288 1000 316 44 x^^^^'eMPLOIR
1646 1017 38 27 ■
1697 1000 16 44 (
1717 1000 304 44 U^^EPrT~WÊÊ

461 1054 103 26 d'une
591 1058 232 21 concurrence
849 1050 184 30 acharnée,
1063 1050 30 25 le
1119 1050 74 25 lan-
1220 1058 2 15 i
1282 1065 5 10 ,
1405 1053 241 28 RÉôULiÉMMENT
1655 1063 26 18 \»
1698 1054 8 27 \
1717 1064 19 17 \
1923 1043 6 37 I
1958 1043 64 38 W1

463 1092 136 27 cement
631 1092 43 26 du
708 1097 106 26 rouge
843 1088 211 28 GUITARE
1085 1095 22 19 a
1138 1087 55 27 été
1238 1090 5 28 |
1528 1090 119 32 CRÈME
1671 1089 20 31 Y:
1710 1079 99 58 \\/^

462 1138 46 20 un
543 1130 122 27 succès
701 1129 219 30 formidable,
957 1135 84 19 sans
1077 1133 116 20 aucun
1216 1120 5 30 I
1500 1140 10 19 I
1526 1137 147 22 aMflMT
1732 1136 9 8 ^
1781 1139 15 20 \
1985 1128 36 24 ■

460 1170 187 33 précédent
684 1169 89 26 dans
810 1169 32 25 le
879 1167 163 26 domaine
1079 1166 42 26 de
1160 1166 34 25 la
1215 1182 6 30 ^
1237 1157 5 24 1

461 1247 136 27 beauté.
626 1248 48 26 Ce
702 1246 123 27 succès
853 1246 54 25 est
936 1244 45 27 dû
1009 1244 22 26 à
1057 1251 40 20 ce
1125 1250 66 27 que
1216 1250 5 27 |
1265 1231 237 41 IJBBHHBhB
1535 1261 16 9 -
1586 1260 4 10 ,
1605 1231 121 38 s'vëiïr
1743 1254 13 13 ■.
1766 1241 69 27 -'avîSr
1915 1231 106 35 _/JÉâ

458 1288 31 25 le
514 1293 107 26 rouge
641 1284 210 28 GUITARE
874 1285 90 29 tient
989 1283 202 27 réellement
1237 1280 5 28 I
1285 1297 38 24 De
1346 1296 80 25 jolies
1447 1297 87 23 mains
1555 1296 60 23 sont
1638 1293 154 28 l'apanage
1816 1291 172 30 indispensa-

460 1327 75 27 tout
561 1332 38 20 ce
624 1325 83 33 qu'il
733 1325 146 32 promet,
906 1324 35 26 et
966 1324 50 25 les
1043 1322 148 26 femmes
1215 1320 5 9 '
1236 1340 3 6 .
1287 1330 47 25 ble
1362 1329 36 25 de
1423 1330 80 24 toute
1529 1328 103 25 femme
1659 1326 47 32 qui
1733 1328 64 24 veut
1824 1326 60 25 être
1913 1324 75 27 belle

457 1365 57 33 qui
544 1365 86 27 l'ont
659 1363 124 33 essayé
813 1363 193 32 l'adoptent
1035 1360 154 27 définiti-
1214 1375 5 26 j
1284 1365 29 24 et
1337 1362 170 26 séduisante.

457 1405 150 24 vement.
628 1402 209 27 GUITARE
858 1408 80 20 sera
959 1401 106 26 fidèle
1085 1400 22 26 à
1126 1407 63 19 vos
1236 1405 5 31 |
1287 1408 47 26 Les
1354 1409 113 23 travaux
1489 1407 36 25 du
1548 1406 130 31 ménage,
1703 1405 39 26 les
1764 1406 101 30 sports,
1890 1404 39 26 les
1951 1403 38 26 in-

456 1442 113 26 lèvres
595 1442 156 28 pendant
778 1447 67 20 une
871 1440 145 30 journée
1043 1439 144 30 entière,
1214 1438 5 28 I
1284 1441 161 29 tempéries,
1467 1440 165 26 dessèchent
1652 1440 25 25 la
1700 1447 82 23 peau,
1803 1439 127 25 abfment
1950 1437 39 26 les

457 1488 83 17 sans
601 1480 192 25 nécessiter
853 1485 116 18 aucun
1030 1478 155 26 raccord.
1235 1469 6 30 ^
1285 1475 88 26 mains
1402 1476 30 24 et
1461 1474 39 26 les
1529 1474 117 25 rendent
1675 1472 107 32 rêches,
1813 1473 117 31 gercées
1960 1473 29 25 et

454 1519 206 28 GUITARE
681 1524 135 28 permet
837 1519 42 25 de
900 1524 156 26 manger,
1080 1517 105 30 boire,
1214 1504 5 13 '
1235 1532 5 11 L
1286 1508 99 26 laides.

454 1565 119 19 nager,
602 1559 125 25 fumer,
755 1558 210 26 embrasser,
994 1563 84 20 sans
1104 1557 82 25 lais-
1213 1563 6 22 j
1281 1553 69 26 Vous
1368 1560 106 24 pouvez
1490 1551 143 27 continuer
1649 1559 49 17 vos
1714 1550 195 31 occupations,
1927 1558 63 23 pra-

454 1605 57 17 ser
534 1599 34 23 la
592 1597 156 25 moindre
773 1597 97 25 trace
894 1599 35 23 et
953 1603 85 19 sans
1062 1602 66 20 que
1152 1595 35 27 la
1235 1596 4 26 I
1285 1587 93 31 tiquer
1402 1588 78 24 votre
1505 1587 78 30 sport
1607 1584 100 32 favori,
1732 1593 62 18 sans
1819 1584 75 27 nuire
1920 1584 15 26 à
1962 1584 26 26 la

455 1638 7 8 ,
499 1644 15 2 „
548 1638 6 7 ,
569 1637 7 7 .
619 1637 8 7 ,
654 1644 15 2 D
1140 1635 43 11 HL,
1213 1628 6 18 <
1287 1623 103 23 beauté
1410 1622 36 24 de
1464 1628 49 17 vos
1530 1627 96 19 rnains.
1645 1627 33 18 en
1697 1621 123 23 utilisant
1838 1621 151 25 régulière-

455 1637 125 27 beauté
608 1637 62 26 des
699 1637 113 26 lèvres
842 1637 67 26 soit
938 1636 31 25 le
997 1642 113 19 moins
1140 1636 45 25 du
1213 1636 4 18 <
1286 1656 75 19 MENT
1401 1653 24 21 la
1465 1654 92 20 CRÈME
1596 1641 38 33 a
1634 1641 152 33 LAMONT
1811 1661 16 14 »
1864 1652 16 23 À
1920 1652 69 23 base

453 1676 124 26 monde
613 1675 140 27 altérée.
788 1674 211 28 GUITARE
1032 1681 45 19 ne
1112 1680 72 20 ma-
1214 1693 3 27 !
1286 1687 167 26 d'arnandes
1481 1687 114 26 douces.

453 1715 104 34 quille
590 1721 74 27 pas,
699 1714 162 27 l'utiliser,
905 1714 88 26 c'est
1024 1713 162 34 acquérir
1233 1722 6 31 >
1284 1740 15 15 ^
1334 1732 147 23 UMONT
1641 1730 18 25 „
1699 1732 17 23 <
1809 1730 30 25 è|
1879 1730 31 25 ch

451 1755 35 26 la
509 1754 172 27 certitude
704 1754 135 25 d'avoir
861 1754 62 25 des
947 1754 114 25 lèvres
1083 1754 102 31 jolies
1212 1755 5 29 |
1287 1766 101 24 lavage,
1439 1765 68 25 rend
1546 1764 15 26 k
1600 1774 49 16 vos
1687 1765 88 25 mains
1814 1773 51 17 une
1912 1765 77 25 blan-

451 1793 281 26 naturellement.
764 1792 48 26 Le
841 1798 107 27 rouge
974 1791 210 27 GUITARE
1234 1789 5 28 I
1286 1800 82 25 cheur
1396 1801 29 24 et
1455 1807 51 18 une
1536 1798 99 27 finesse
1665 1799 183 26 admirables.
1879 1799 111 32 Essayez

452 1832 112 27 existe
597 1839 42 20 en
673 1831 35 27 16
741 1831 128 27 teintes
903 1831 213 26 lumineuses
1150 1831 35 25 et
1212 1833 5 16 '
1233 1850 4 6 .
1284 1842 16 16 «
1327 1833 147 26 LAMONT
1499 1841 15 17 »
1539 1832 175 32 aujourd'hui
1740 1833 102 32 même,
1869 1835 29 24 et
1923 1840 68 19 vous

449 1871 266 33 transparentes
754 1870 84 27 dont
877 1870 90 26 deux
1006 1870 175 26 créations
1212 1882 5 30 |
1285 1875 75 18 serez
1382 1866 179 27 émerveillée
1585 1867 37 25 du
1647 1867 125 25 résultat.

449 1911 160 25 récentes
631 1917 6 18 :
665 1910 33 26 G
727 1911 35 25 et
787 1909 37 26 'H
854 1910 181 33 cyclamen
1069 1918 16 17 «
1105 1909 76 26 der-
1233 1915 5 27 |
1286 1912 34 25 En
1342 1913 81 28 vente
1446 1913 123 30 partout.
1592 1912 23 25 A
1635 1912 109 31 défaut,
1766 1911 152 27 s'adresser
1940 1920 50 17 aux

449 1950 76 25 nier
549 1949 48 27 cri
614 1957 26 18 :..
667 1949 53 26 En
744 1949 105 25 vente
874 1949 144 29 partout
1042 1955 43 20 en
1110 1948 71 26 étui
1211 1945 5 29 I
1286 1945 196 26 Laboratoires
1516 1945 156 32 LAMONT,
1711 1946 34 31 18,
1780 1954 47 18 rue
1862 1946 126 31 Ficatier,

453 1990 80 24 luxe
552 1989 36 25 25
607 1990 34 24 et
659 1988 35 26 12
712 1988 43 26 fr.
774 1988 96 26 Tube
883 1988 132 26 d'essai
1232 1977 5 30 •
1283 1978 223 27 COURBEVOIE
1550 1979 119 31 (Seine).
1710 1980 73 26 Tube
1796 1994 10 6 -
1819 1979 170 27 échantillon

451 2035 87 19 pour
577 2029 15 25 1
631 2027 89 26 mois
742 2034 6 19 :
788 2027 17 27 3
846 2027 41 26 fr.
929 2027 84 26 Lab.
1102 2051 47 2 _
1211 2013 5 26 1
1232 2043 5 10 ,
1285 2014 97 25 contre
1409 2013 6 25 1
1441 2013 34 25 fr.
1498 2014 31 25 50
1550 2021 34 19 en
1606 2013 224 32 timbres-poste.

451 2067 190 23 VALDOR
674 2066 149 24 (service
851 2066 69 24 M]G
950 2066 65 24 29),
1086 2053 99 37 HÏSb
1213 2074 2 16 i
1284 2056 25 26 Si
1349 2065 67 18 vous
1454 2057 119 27 souffrez
1612 2058 50 27 des
1702 2058 90 32 pieds,
1834 2058 158 27 l'Emulsion

449 2106 45 31 50,
524 2106 80 33 quai
633 2106 178 30 National,
840 2106 173 26 Puteaux.
1075 2088 108 43 M
1231 2105 5 29 I
1283 2091 184 51 îJ-AMONT
1484 2099 15 18 »
1517 2099 67 19 vous
1604 2100 117 23 procure
1741 2101 33 18 un
1793 2093 198 32 soulagement

647 2145 40 29 P
687 2145 144 29 ALITA,

484 2222 465 97 GUITAR
986 2152 27 18 S-

485 2338 41 27 04
550 2337 163 31 À~eecLCÀP-
810 2338 101 30 bG~
1114 2336 43 25 Ù*
1282 2317 273 58 BEAU.TÉ
1583 2214 412 102 ~AMONT

2172 565 125 29 Autour
2329 566 37 28 de
2397 566 73 33 moi,
2501 565 57 34 j'ai
2589 565 45 29 les
2665 564 101 29 fortes
2796 574 72 19 cou-

2130 605 84 28 leurs
2244 609 29 24 et
2305 605 44 28 les
2379 604 68 28 bois
2477 604 96 28 clairs
2603 603 205 35 qu'aimaient
2840 604 29 28 la

2131 643 223 29 Restauration
2402 648 30 24 et
2480 643 28 28 le
2553 642 127 29 Second
2728 642 141 34 Empire,

2127 683 151 35 quelques
2304 682 158 29 verreries
2487 682 164 35 massives,
2678 681 54 29 des
2758 681 110 29 biblio-

2128 722 163 35 thèques...
2337 721 84 30 C'est
2464 726 69 24 tout
2553 721 12 28 ?
2610 721 29 29 A
2682 731 61 25 peu
2785 721 83 34 près.

2129 761 319 34 Qu'attendiez-vous
2502 761 79 29 donc
2602 760 12 28 ?
2660 760 85 30 C'est
2798 760 70 29 bien

2128 810 99 19 assez.
2264 801 83 28 Mais
2380 800 79 29 dans
2493 800 29 29 la
2555 800 164 28 cheminée
2753 800 27 28 le
2815 799 53 29 feu

2128 840 105 28 danse.
2267 839 32 29 Si
2330 840 45 28 les
2405 840 118 33 lampes
2553 845 70 24 sont
2653 839 215 31 nombreuses,

2127 889 123 18 aucune
2293 888 37 20 ne
2374 878 116 29 s'élève
2535 879 149 34 jusqu'au
2727 877 141 35 plafond.

2130 917 182 35 L'ampoule
2346 918 100 34 bleue,
2480 918 76 29 celle
2589 918 41 27 du
2665 917 125 32 travail,
2823 916 46 35 pi-

2127 962 71 23 vote
2227 962 29 24 et
2285 962 159 29 parcourt,
2473 967 55 18 sur
2555 966 42 19 un
2626 956 29 28 X
2683 956 185 31 extensible.

2127 1007 41 17 un
2201 997 102 34 grand
2334 997 112 34 champ
2478 997 37 27 de
2547 996 126 34 papiers
2706 995 102 35 épars.
2843 995 24 28 Il

2129 1036 57 28 fait
2218 1036 92 28 bon...
2344 1035 42 30 Le
2417 1035 169 34 chauffage
2617 1035 46 28 dit
2695 1034 172 29 individuel

2127 1075 81 31 date.
2248 1075 80 29 niais
2368 1074 184 30 fonctionne
2591 1074 81 29 bien.
2714 1074 89 29 Dans
2842 1074 28 28 le

2129 1123 17 19 «
2163 1115 87 28 salon
2268 1123 29 26 »,
2324 1114 20 28 il
2372 1124 19 24 y
2417 1124 18 19 a
2461 1124 42 18 un
2529 1113 237 35 chauffe-plats.
2794 1113 75 30 Cela

2127 1154 49 29 n'a
2212 1163 57 25 pas
2306 1153 227 35 d'importance
2569 1153 134 35 puisque
2738 1153 32 34 je
2807 1152 62 29 n'ai

2126 1202 56 25 pas
2216 1193 38 29 de
2288 1193 68 28 vrai
2392 1193 98 32 salon,
2525 1202 59 25 que
2618 1192 31 35 je
2683 1192 74 28 dors
2791 1192 78 28 dans

2126 1242 72 19 mon
2231 1232 124 29 cabinet
2389 1232 37 30 de
2458 1232 115 28 travail
2606 1237 30 23 et
2668 1241 60 26 que
2761 1231 108 35 j'écris

2126 1272 79 30 dans
2239 1272 28 28 la
2299 1272 149 28 chambre
2480 1270 18 29 à
2530 1272 145 28 coucher.
2710 1270 109 35 Quant
2851 1269 18 29 à

2127 1311 28 28 la
2192 1311 78 29 salle
2306 1310 19 29 à
2361 1320 142 25 manger,
2541 1320 80 19 nous
2657 1310 148 35 plantons
2841 1310 29 28 le

2126 1355 130 24 couvert
2287 1360 40 19 au
2359 1350 70 35 plus
2460 1351 80 28 beau
2571 1350 37 29 de
2639 1355 91 24 notre
2760 1349 110 29 climat

2126 1389 165 30 intérieur.
2343 1389 43 30 Le
2435 1389 58 29 ciel
2544 1389 234 34 rectangulaire
2828 1388 41 29 du

2128 1428 225 35 Palais-Royal
2387 1445 42 4 —
2462 1429 30 29 la
2526 1428 114 35 façade
2675 1428 133 35 regarde
2843 1428 27 28 le

2126 1468 58 29 sud
2214 1485 42 3 —
2286 1473 30 24 et
2346 1469 30 28 la
2406 1468 81 29 cime
2517 1468 55 29 des
2602 1468 111 29 arbres
2744 1472 125 25 entrent

2125 1517 57 26 par
2213 1508 79 29 trois
2324 1507 152 30 fenêtres.
2510 1507 233 35 L'imprimerie
2776 1507 93 34 Baze,

2125 1557 40 19 au
2189 1547 288 35 rez-de-chaussée,
2501 1557 159 19 ronronne
2682 1556 122 19 comme
2826 1556 42 18 un

2126 1596 95 25 cargo
2250 1586 53 36 qui
2335 1587 129 29 ralentit
2493 1596 38 20 en
2562 1597 60 18 vue
2651 1586 42 29 du
2721 1591 82 30 port.
2833 1585 36 35 Je

2126 1636 38 19 ne
2205 1626 64 29 sais
2310 1626 70 35 quel
2422 1635 72 20 voeu
2533 1626 176 35 provincial
2751 1625 119 29 semble

2125 1665 91 29 avoir
2241 1665 121 35 groupé
2389 1665 39 29 ici
2454 1670 104 25 toutes
2582 1665 122 34 choses,
2731 1664 81 29 mais
2837 1665 33 35 je

2125 1715 39 19 ne
2197 1705 51 29 l'ai
2282 1715 56 25 pas
2372 1705 61 30 fait
2466 1705 126 35 exprès.
2627 1705 86 29 C'est
2746 1714 41 19 un
2821 1704 48 29 air

2125 1754 59 25 que
2213 1749 156 30 prennent
2396 1744 18 29 à
2444 1754 66 19 mes
2537 1744 89 29 côtés
2654 1745 29 28 le
2711 1744 79 35 petit
2817 1753 52 25 cy-

2125 1784 120 29 clamen
2272 1794 107 24 rouge,
2406 1784 45 29 les
2474 1784 110 29 boules
2608 1784 38 29 de
2669 1784 109 29 cristal
2804 1783 65 29 chi-

2125 1824 114 33 noises,
2274 1824 29 28 la
2336 1824 84 29 table
2453 1823 106 36 ronde,
2593 1823 123 35 épaisse
2748 1832 121 20 comme

2125 1873 61 19 une
2216 1863 102 29 meule
2348 1863 38 29 de
2415 1863 130 34 moulin,
2576 1873 42 18 un
2647 1862 49 29 air
2726 1862 143 29 d'immo-

2125 1903 89 28 bilité
2246 1909 31 23 et
2308 1903 246 29 d'attachement
2585 1902 54 35 qui
2671 1902 69 29 leur
2773 1901 96 33 vient,

2125 1942 32 34 je
2188 1942 93 33 crois,
2313 1941 100 31 d'être
2446 1948 159 23 rarement
2637 1942 94 28 seuls.
2763 1941 37 35 Je
2833 1951 37 20 ne

2125 1982 46 29 les
2210 1981 100 36 quitte
2351 1982 107 35 guère,
2500 1992 39 19 ne
2579 1986 124 24 sortant
2742 1991 61 25 que
2842 1981 28 29 le

2123 2021 111 35 matin,
2266 2026 31 24 et
2329 2022 33 37 je
2394 2022 147 29 travaille
2573 2022 185 35 lentement;
2789 2019 82 30 ainsi

2124 2061 133 34 j'habite
2292 2066 200 25 tenacement
2528 2070 66 20 mes
2629 2061 82 34 gîtes
2747 2070 122 19 succes-

2125 2100 71 30 sifs.
2236 2100 79 30 Bien
2352 2100 118 35 gardée
2506 2110 57 26 par
2600 2101 28 29 le
2664 2101 206 34 majestueux

2125 2140 112 29 édifice
2260 2140 53 36 qui
2339 2140 145 30 enferme
2507 2150 42 19 un
2574 2140 109 34 jardin
2707 2139 84 29 aimé
2816 2139 55 29 des

2124 2180 142 34 pigeons,
2296 2180 55 29 des
2380 2179 130 30 enfants
2539 2185 31 24 et
2599 2180 55 28 des
2682 2189 187 21 amoureux,

2125 2219 32 35 je
2185 2219 62 29 n'ai
2276 2219 88 35 point
2393 2220 37 30 de
2459 2219 115 29 mérite
2602 2218 18 29 à
2648 2224 101 24 rester
2777 2218 94 29 fidèle

2125 2269 40 18 au
2201 2259 225 34 Palais-Royal
2458 2275 43 4 —
2532 2259 41 28 du
2607 2258 103 29 moins
2742 2257 129 36 jusqu'à

2125 2308 72 20 mon
2223 2298 153 31 prochain
2402 2298 272 31 déinénaeiiient.

2651 2336 178 29 COLETTE.

2161 2679 38 4 —
2219 2663 66 28 Oui
2320 2663 8 28 !
2355 2670 48 20 un
2447 2661 90 35 petit
2580 2666 167 21 morceau
2791 2658 79 27 tout

2124 2707 90 26 brun
2246 2705 59 34 qui
2338 2703 145 29 dansait
2512 2710 66 20 sur
2609 2709 75 20 mes
2716 2706 150 28 genoux.

2123 2747 115 27 Parce
2258 2753 70 27 que
2348 2744 132 35 j'avais
2503 2743 115 27 oublié
2641 2743 44 26 de
2706 2748 89 20 vous
2816 2739 51 28 di-

2124 2795 46 24 re,
2200 2787 121 34 j'étais
2346 2786 71 27 allé
2445 2785 22 26 à
2495 2785 35 26 la
2557 2783 145 30 colonie,
2732 2787 137 21 comme

2123 2828 118 28 Louis.
2279 2827 128 33 Quand
2444 2832 44 20 on
2522 2825 74 26 m'a
2632 2822 158 35 rapatrié
2826 2821 42 27 de

2123 2870 107 30 force,
2262 2867 105 35 après
2398 2865 200 34 vingt-cinq
2625 2871 68 20 ans
2722 2864 44 26 de
2793 2869 74 20 ser-

2123 2909 86 32 vice,
2241 2915 107 28 parce
2377 2907 107 34 qu'on
2513 2905 109 28 disait
2650 2911 69 27 que
2747 2902 121 35 j'étais

2123 2950 73 31 usé,
2229 2949 75 34 fini,
2336 2949 79 34 plus
2445 2947 70 27 bon
2538 2946 26 27 à
2593 2945 85 31 rien,
2707 2945 39 26 la
2772 2943 98 27 mère

2124 2991 61 26 n'a
2216 2996 65 28 pas
2313 2989 108 26 voulu
2454 2994 58 20 me
2544 2986 130 31 suivre,
2706 2984 96 27 mais
2834 2984 35 26 la

2122 3037 106 28 gosse
2259 3029 91 27 était
2381 3028 102 27 toute
2512 3026 179 28 contente.

2153 3089 17 19 »
2199 3080 128 28 J'étais
2357 3086 133 20 revenu
2519 3085 47 20 au
2595 3077 142 33 village,
2769 3076 92 26 mais

2117 3122 33 33 je
2176 3122 62 34 n'y
2263 3120 75 28 suis
2365 3127 65 27 pas
2458 3119 105 27 resté.
2581 3118 93 27 Tout
2689 3117 31 26 le
2735 3116 128 27 monde

2123 3163 73 33 m'y
2225 3161 101 28 avait
2357 3160 125 31 oublié,
2517 3160 35 27 et
2582 3159 80 34 puis
2690 3158 39 26 la
2758 3157 110 35 petite

2122 3202 101 28 avait
2246 3209 50 20 un
2317 3208 68 28 peu
2408 3202 79 32 trop
2511 3200 32 27 le
2565 3200 86 33 type
2672 3199 44 26 de
2736 3197 129 27 là-bas.

2123 3243 44 28 Je
2188 3249 56 21 me
2264 3242 77 27 suis
2363 3240 80 28 loué
2465 3241 91 26 dans
2579 3246 69 20 une
2671 3244 199 28 campagne

2123 3291 43 19 en
2195 3283 212 32 Camargue,
2439 3288 48 19 au
2518 3280 86 27 bord
2634 3279 62 27 des
2727 3279 138 32 étangs.

2123 3324 93 27 Mais
2247 3324 36 26 la
2312 3322 112 35 petite
2451 3322 62 26 n'a
2542 3327 65 28 pas
2638 3318 169 35 supporté
2836 3318 34 26 le

2124 3364 85 28 vent
2236 3362 143 28 humide
2405 3361 59 35 qui
2493 3361 135 28 souffle
2650 3361 45 26 de
2721 3360 37 26 la.
2781 3365 85 25 mer,

2124 3405 158 34 pendant
2311 3404 50 26 les
2392 3402 129 27 hivers.
2554 3401 79 27 Elle
2660 3401 55 26 est
2745 3400 123 26 morte.

2123 3445 104 27 Alors
2249 3443 63 34 j'ai
2333 3442 169 28 continué
2523 3441 24 27 à
2569 3441 119 27 fumer
2709 3447 59 19 ma
2790 3439 80 35 pipe

2122 3485 81 28 tout
2228 3484 76 28 seul
2329 3491 45 20 en
2398 3483 155 34 pensant
2578 3481 22 27 à
2625 3482 61 26 des
2712 3481 136 27 choses.

2160 3551 39 5 —
2218 3536 98 27 Vous
2342 3535 90 27 étiez
2459 3534 106 27 triste
2592 3534 16 27 ?

2160 3603 39 4 —
2219 3587 54 28 Oh
2303 3594 70 20 non
2412 3587 7 26 !
2450 3586 55 27 On
2534 3586 94 27 n'est
2655 3586 80 34 plus
2765 3584 105 28 triste

2124 3628 22 27 à
2174 3635 63 21 nos
2266 3628 97 34 âges.
2393 3627 55 27 On
2475 3627 135 27 attend.
2640 3625 231 28 Maintenant

2124 3676 60 20 ma
2205 3669 148 34 pension
2375 3668 55 27 est
2452 3667 30 28 si
2504 3667 98 34 juste
2622 3674 70 27 que
2711 3666 37 33 je
2768 3666 101 26 viens

2124 3710 80 28 ici...

2160 3776 39 5 —
2219 3761 56 32 Et,
2313 3760 192 32 dites-moi,
2544 3760 44 27 de
2623 3759 118 32 Louis,
2780 3765 88 20 vous

2123 3809 88 21 avez
2239 3802 62 27 des
2330 3801 181 27 nouvelles
2543 3801 15 27 ?

2160 3868 39 5 —
2219 3853 72 27 Pas
2323 3853 125 34 depuis
2482 3853 212 33 longtemlps.
2732 3851 30 27 Il
2795 3850 75 28 doit

2117 3894 76 27 être
2226 3894 95 26 mort
2353 3892 155 27 là-bas...

2160 3961 38 4 —
2218 3945 115 28 Parce
2359 3945 85 34 qu'il
2472 3951 23 27 y
2522 3944 89 28 était
2638 3944 106 31 resté,
2774 3943 48 28 lui
2853 3943 17 27 ?

2161 4012 38 4 —
2219 3997 185 27 Probable.
2445 3996 53 27 La
2537 3996 162 28 dernière
2738 3995 68 27 fois
2846 3995 23 26 il

2122 4044 58 21 me
2199 4037 133 35 parlait
2348 4036 252 28 d'Andrivette
2629 4037 7 26 !
2657 4036 213 27 Andrivette

2124 4079 88 27 c'est
2237 4078 82 27 bien
2342 4084 100 24 vous,
2469 4077 152 26 n'est-ce
2644 4083 66 27 pas
2738 4076 50 26 ?...

2161 4129 94 27 Mais
2288 4129 36 26 la
2354 4128 125 36 cloche
2509 4127 158 28 affairée
2700 4126 170 35 appelant

2124 4170 50 27 les
2215 4169 182 27 vieillards
2437 4175 47 20 au
2527 4167 188 28 réfectoire
2756 4174 114 27 coupa

2121 4210 100 26 toute
2256 4209 187 33 réponse...
2480 4208 37 26 et
2551 4208 37 26 la
2622 4207 111 34 petite
2770 4214 96 19 sœur

2115 4250 61 34 qui
2200 4249 246 34 s'approchait
2468 4256 90 27 pour
2580 4248 126 34 guider
2729 4248 32 26 le
2776 4255 87 20 nou-

2123 4302 92 20 veau
2243 4302 82 20 vers
2353 4301 42 20 sa
2423 4294 96 26 table
2547 4293 45 27 fit
2618 4293 182 27 semblant
2827 4292 43 27 d'e

2124 4342 44 20 ne
2186 4342 65 27 pas
2271 4340 208 28 remarquer
2496 4333 106 34 qu'ils
2619 4332 149 28 avaient
2788 4333 81 26 tous

2124 4376 93 26 deux
2241 4376 53 26 les
2321 4381 95 27 yeux
2442 4374 167 27 brouillés
2636 4374 44 27 de
2706 4374 142 25 larmes.

2162 4426 77 27 Elle
2262 4433 45 21 ne
2327 4426 80 27 s'en
2427 4426 135 26 étonna
2582 4432 66 27 pas
2672 4425 103 27 outre
2797 4432 72 20 me-

2123 4473 93 21 sure.
2260 4466 30 26 Il
2332 4465 118 27 arrive
2493 4465 264 34 fréquemment
2796 4471 74 20 aux

2124 4506 181 28 vieillards
2340 4506 45 27 de
2419 4505 189 31 larmoyer.

2717 4544 42 28 E.
2786 4545 43 27 A.

2984 366 84 64 LE
3174 366 492 66 COURRIER

3288 470 78 50 DE

2980 552 278 64 MARIE
3290 588 22 8 -
3346 552 306 64 CLAIRE

2946 752 40 41 *
3017 766 19 21 «
3069 756 363 31 RENATO-LUGANO
3463 766 29 21 ».
3537 757 67 30 Une
3647 755 41 31 de

2946 822 66 19 mes
3037 812 99 29 amies
3162 811 59 31 m'a
3248 811 62 31 fait
3335 812 129 39 présent
3489 810 95 32 d'une
3610 811 78 32 robe

2946 865 42 31 de
3013 865 51 32 bal
3087 866 65 31 très
3177 865 93 37 belle,
3293 878 39 19 en
3356 866 98 41 crêpe
3479 866 41 32 de
3544 865 103 32 Chine
3671 869 16 28 à

2945 920 109 37 fleurs;
3083 920 60 32 elle
3171 934 49 18 me
3248 934 37 19 va
3316 921 83 37 bien,
3427 922 70 31 sauf
3524 921 28 32 le
3580 921 109 32 décol-

2945 975 64 32 leté
3034 976 40 31 du
3100 976 121 32 devant
3245 980 33 28 et
3303 976 40 32 du
3370 976 68 37 dos,
3463 979 54 37 qui
3542 981 49 27 est
3614 981 73 37 trop

2944 1032 138 40 profond
3108 1045 79 28 pour
3208 1035 62 30 moi
3293 1045 53 20 car
3360 1033 51 40 j'ai
3423 1033 187 40 vingt-deux
3623 1045 65 20 ans.

2980 1107 111 28 Votre
3117 1108 83 30 robe
3223 1116 85 19 sera
3333 1109 74 28 très
3432 1109 83 32 jolie
3539 1109 31 27 si
3597 1116 89 20 vous

2945 1158 33 27 la
3004 1160 124 32 portez
3154 1165 66 21 sur
3248 1166 69 21 une
3343 1159 145 34 guimpe
3517 1160 43 28 de
3588 1159 95 28 tulle.

2943 1208 100 27 Dans
3070 1209 31 26 le
3123 1209 54 26 NI
3206 1209 47 31 89,
3280 1216 94 27 page
3399 1209 47 32 31,
3473 1217 90 21 vous
3591 1211 95 26 trou-

2943 1266 103 19 verez
3084 1267 48 19 un
3169 1260 191 27 charmant
3394 1260 138 27 modèle
3568 1261 44 27 de
3649 1267 39 20 ce

2943 1315 108 27 genre
3079 1310 71 33 qui,
3184 1311 34 33 je
3247 1311 160 34 l'espère,
3442 1318 88 21 vous
3561 1312 123 33 plaira.

2944 1388 41 41 •jç
3008 1391 39 30 A.
3072 1391 28 31 P.
3122 1392 50 30 62.
3195 1391 137 32 Serait-il
3358 1392 140 41 possible
3521 1392 42 32 de
3586 1396 103 29 savoir

2943 1448 23 30 si
2992 1446 103 32 Alexis
3122 1448 87 31 Piron
3241 1446 228 42 (1689-1773),
3497 1450 109 40 poète,
3634 1453 55 28 eut

2944 1502 57 32 des
3028 1503 218 33 descendants
3274 1509 34 27 et
3336 1507 23 30 si
3387 1518 60 19 une
3478 1505 140 32 branche
3646 1505 42 32 de

2944 1563 88 27 cette
3059 1559 119 32 famille
3207 1560 135 33 subsiste
3370 1574 118 19 encore
3519 1562 15 31 ?

2981 1635 281 28 Adressez-vous
3300 1636 22 27 à
3361 1645 47 20 un
3443 1637 244 34 généalogiste

2943 1693 45 20 ou
3020 1686 24 26 à
3078 1694 47 19 un
3156 1687 458 35 archiviste-paléographe
3646 1689 43 27 de

2943 1738 102 27 votre
3077 1738 135 34 région,
3253 1739 86 28 dont
3376 1746 91 21 vous
3504 1740 186 27 trouverez

2944 1787 170 28 l'adresse
3146 1789 89 27 dans
3268 1796 49 20 un
3349 1790 184 27 annuaire.

2940 1867 47 41 i*
3010 1869 30 32 S.
3064 1871 37 35 B.,
3127 1871 211 38 BELGIQUE.
3363 1872 93 31 Etant
3477 1885 49 19 sur
3549 1872 28 31 le
3602 1874 91 39 point

2945 1924 103 33 d'être
3071 1938 125 20 maman
3220 1931 34 27 et
3277 1931 97 36 ayant
3398 1927 98 33 choisi
3520 1940 48 19 ma
3595 1928 97 32 belle-

2945 1982 85 31 mère
3059 1995 79 28 pour
3163 1986 156 29 marraine
3346 1984 41 32 de
3415 1996 71 20 mon
3514 1985 122 36 enfant,
3663 1987 28 38 je

2944 2038 148 33 voudrais
3117 2052 64 27 que
3208 2052 76 20 vous
3309 2053 50 19 me
3387 2040 97 33 disiez
3509 2053 38 19 ce
3572 2053 64 28 que
3663 2043 28 39 je

2945 2097 141 39 pourrais
3113 2095 38 32 lui
3180 2096 179 33 demander
3390 2097 16 32 ?

2982 2169 53 30 Ne
3065 2173 47 27 lui
3143 2173 155 34 imposez
3331 2182 64 27 pas
3428 2182 45 20 un
3506 2175 137 27 cadeau
3681 2182 7 25 ;

2943 2223 64 27 elle
3050 2224 169 28 trouvera
3259 2225 94 28 dans
3397 2233 65 20 son
3507 2233 98 20 cœur
3645 2226 45 27 de

2942 2274 226 33 grand'mère
3202 2275 64 30 des
3300 2277 98 27 idées
3434 2277 73 29 très
3544 2277 144 32 bonnes,

2943 2324 72 33 j'en
3048 2324 74 28 suis
3156 2325 93 32 sûre,
3283 2329 35 25 et
3350 2328 87 27 dont
3470 2335 90 20 vous
3593 2335 98 20 serez

2942 2375 34 27 la
3004 2376 172 33 première
3203 2377 23 27 à
3253 2377 203 29 bénéficier.

2984 2457 175 32 Comment
3198 2460 208 32 nettoie-t-on
3446 2473 60 19 une
3546 2461 144 32 fourrure

2944 2512 136 33 blanche
3107 2514 15 32 ?

2980 2579 95 27 Avec
3111 2579 47 28 du
3195 2587 63 21 son
3295 2581 126 28 chaud.
3463 2582 152 28 Secouez
3652 2584 35 26 et

2944 2635 263 22 recommencez
3238 2630 145 35 jusqu'à
3415 2639 41 20 ce
3490 2640 69 27 que
3591 2634 99 27 toute

2943 2680 34 27 la
3008 2681 114 27 saleté
3157 2682 69 27 soit
3259 2683 124 33 partie.
3418 2683 64 27 S'il
3515 2691 24 26 y
3570 2692 24 20 a
3625 2685 64 26 des

2942 2731 135 32 taches,
3101 2731 131 28 frottez
3252 2733 146 27 d'abord
3419 2741 89 20 avec
3528 2741 47 20 un
3595 2735 91 27 tam-

2943 2788 68 26 pon
3044 2782 43 28 de
3120 2782 156 28 benzine.
3313 2784 146 28 Laissez
3492 2785 127 27 sécher
3650 2786 38 26 et

2942 2832 169 34 procédez
3146 2840 136 23 comme
3318 2834 186 29 ci-dessus.

3116 2919 57 40 JE
3208 2920 73 40 ME
3316 2921 196 40 REPOSE

3067 2986 89 31 (Dos
3184 2987 63 27 des
3275 2994 112 27 pages
3414 2988 49 32 26,
3493 2989 65 31 27.)
