3824 5004
1014 413 45 48 %
1077 428 41 31 JE
1136 426 126 33 DISAIS
1279 423 162 33 COMME
1456 422 66 31 TOI
1541 420 137 32 AVANT
1702 407 9 14 '

922 483 20 27 \
1040 479 17 84 DE
1057 479 30 84 LES
1106 475 197 34 FORTIFIER
1321 473 99 32 MON
1440 472 115 31 SANG
1573 471 106 32 AVEC

263 473 22 42 (
286 518 19 21 «
322 507 106 31 C'EST
446 506 100 32 MON
563 506 296 32 TEMPERAMENT
933 503 11 60 J
1168 523 179 39 PILULES

290 563 126 31 D'ETRE
458 563 192 31 MAIGRE...
692 563 32 30 IL
1050 581 107 38 PINK.
1211 595 23 23 »
1379 541 64 62 0
1470 546 165 73 ^jSS^

288 618 65 33 N'Y
369 620 28 29 A
417 619 87 31 RIEN
522 620 29 29 A
570 619 120 31 FAIRE.
707 629 15 22 Ï

242 1321 98 56 MÊME
399 1330 32 47 SI
491 1330 89 48 VOUS
633 1331 89 48 VOUS
775 1333 132 47 CROYEZ
962 1335 289 47 NATURELLEMENT
1300 1269 106 111 M?

536 1420 440 124 MAIGRE
1264 1376 376 168 LJ

244 1567 90 47 VOUS
406 1567 155 46 POURREZ
634 1568 134 47 GAGNER
843 1569 66 47 UNE
983 1570 97 47 JOLIE
1156 1571 96 47 LIGNE
1536 1556 84 73 T

320 1657 49 25 en
393 1644 148 38 suivant
564 1659 46 25 ce
632 1647 226 38 traitement
881 1648 22 38 à
930 1646 95 42 base
1049 1648 52 40 de
1125 1648 60 42 fer
1280 1648 30 41 ¥
1331 1638 77 56 WHL

294 1760 145 23 Certaines
464 1760 97 26 Jeunes
587 1761 74 23 flues
688 1763 135 24 semblent
848 1769 36 18 ne
908 1770 50 21 pas
983 1766 116 25 pouvoir
1123 1768 116 25 prendre
1311 1777 87 16 oiCKl
1421 1778 51 15 NE
1490 1778 108 15 VAUT
1616 1779 7 14 i
1638 1778 18 15 c
1676 1779 63 14 ccd

261 1788 33 23 de
326 1789 98 25 poids:
461 1790 254 26 suralirnentation,
748 1792 93 22 chaise
873 1793 108 23 lontue,
1016 1795 58 22 rien
1107 1801 36 15 ne
1173 1798 65 20 peut
1311 1788 87 21 RI,EN
1616 1788 40 22 Le
1676 1788 67 23 rcR

261 1817 155 23 combattre
441 1818 59 22 leur
525 1820 148 25 maigreur.
700 1821 74 22 C'est
800 1826 52 21 que
878 1822 58 23 leur
962 1828 69 21 sang
1056 1825 62 25 trop
1144 1825 92 26 faible,

262 1847 135 24 appauvri
424 1852 34 17 en
484 1846 135 24 éléments
646 1849 96 22 vitaux
766 1861 33 4 —
824 1851 28 22 et
877 1852 175 23 notamment
1080 1858 34 17 en
1142 1854 42 22 fer

264 1875 148 22 s'assimile
442 1875 55 23 mal
529 1876 39 23 les
598 1877 132 24 aliments
744 1883 5 20 ;
783 1878 60 23 leur
873 1881 156 23 organisme
1059 1881 95 24 répare
1184 1883 56 22 mal

263 1908 44 17 ses
331 1905 91 24 pertes
447 1904 27 23 et
500 1905 65 22 finit
589 1910 51 21 par
664 1906 157 24 s'anémier.
847 1908 50 23 Ces
921 1909 96 24 jeunes
1042 1910 74 23 filles
1141 1912 48 22 ont
1215 1912 23 22 le
1334 1921 33 11 r.
1416 1921 41 12 fer
1504 1921 42 12 est
1594 1921 139 12 l'élément

263 1932 72 22 teint
361 1932 63 26 pâle
449 1938 34 17 ou
507 1934 93 25 Jaune,
628 1934 39 23 les
692 1934 88 24 lèvres
806 1936 161 26 décolorées,
994 1938 66 22 elles
1086 1940 63 22 sont
1174 1940 64 22 ché-
1300 1949 132 13 essentiel
1432 1949 53 13 du
1503 1932 70 30 fana
1603 1932 132 30 C'esTzû»

263 1961 80 24 tives,
372 1962 116 22 souvent
515 1967 156 22 nerveuses,
699 1964 109 25 portées
835 1965 17 22 à
879 1966 26 22 la
933 1968 136 22 tristesse.
1607 1961 117 28 Vt-fLUt

296 1990 73 21 Mais
403 1990 115 26 qu'elles
554 1991 106 23 fassent
697 1997 53 18 une
785 1998 64 18 cure
884 1995 32 22 de
951 1996 102 22 Pilules
1088 1997 79 22 Pink.
1203 1998 36 21 et.
1300 1990 65 29 globine,
1365 1990 45 29 qui,
1450 1990 68 29 fixe
1518 1990 81 29 forme
1599 1990 137 29 d'hémo-de

264 2019 131 24 aussitôt,
431 2019 59 22 leur
522 2020 72 22 teint
629 2021 109 23 devient
772 2022 62 25 plus
866 2023 49 25 vif,
951 2024 73 22 leurs
1057 2025 88 23 lèvres
1179 2026 61 22 plus
1302 2034 63 14 l'air,
1412 2019 260 29 indâteiL^à
1709 2036 27 12 la

264 2047 130 25 fraîches,
429 2047 60 23 leur
519 2053 80 21 corps
631 2049 62 26 plus
725 2049 126 27 épanoui.
885 2052 50 22 Les
968 2053 102 23 Pilules
1103 2055 71 21 Pink
1206 2060 33 17 en
1294 2047 44 30 v^
1366 2050 42 27 'un
1423 2047 142 30 f^in^t
1593 2064 60 13 pour
1653 2064 84 13 IJ(1ir

265 2075 165 25 régénérant
454 2075 58 23 leur
534 2082 77 22 sang,
636 2083 34 17 en
693 2078 37 23 lui
755 2080 150 23 restituant
928 2080 40 23 les
989 2081 135 24 éléments
1146 2084 95 21 vitaux
1294 2075 41 30 Vie.
1335 2075 99 30 pleinement,
1434 2075 34 30 Un
1516 2092 57 13 doit

266 2104 66 21 dont
362 2104 20 21 il
411 2104 70 23 était
509 2105 85 26 privé,
625 2112 34 17 en
689 2107 62 23 font
781 2109 46 21 des
855 2109 97 25 Jeunes
982 2110 74 23 filles
1085 2112 63 22 bien
1176 2117 64 21 por-
1301 2104 111 38 du^

265 2132 95 22 tantes
396 2133 92 22 saines
512 2135 27 22 et
564 2135 134 25 joyeuses.
724 2137 36 22 Ce
785 2138 191 23 remarquable
999 2139 142 22 fortifiant
1167 2142 73 19 enri-
1301 2152 67 9 vous
1452 2121 50 21 Les
1534 2098 96 44 Pilules
1630 2098 108 44 contenir

265 2160 59 23 chit
363 2161 26 22 le
425 2166 70 23 sang,
543 2163 87 23 calme
668 2164 40 23 les
745 2166 86 24 nerfs,
872 2167 113 23 stimule
1022 2168 40 22 les
1101 2169 140 21 fonctions
1301 2160 42 30 i
1343 2160 85 30 en
1451 2160 80 30 offrent
1531 2160 50 30 plus
1581 2160 30 30 la
1611 2160 111 30 oombi-Pink

265 2191 337 43 mfSviiV"'graaiLPren
680 2193 36 23 du
851 2200 66 17 sans
945 2196 101 25 Jamais
1075 2198 106 22 donner
1209 2199 32 22 de
1303 2203 26 22 ^
1578 2189 157 12 MiSZusè

296 2246 198 24 Demandez-le
524 2249 176 26 aujourd'hui
730 2251 91 23 même
851 2251 17 23 à
898 2253 79 23 votre
1005 2254 178 22 pharmacien
1213 2257 27 19 et
1303 2233 93 43 IJ88imil<Wle
1396 2233 50 43 ti'Ve.
1446 2233 50 43 PTenez
1496 2233 29 43 et
1549 2240 47 36 dès

265 2278 171 20 commencez
461 2277 77 22 votre
561 2282 64 18 cure
650 2284 6 16 :
684 2284 67 18 vous
776 2285 74 18 serez
874 2282 153 23 enchantée
1051 2283 36 23 du
1111 2283 128 23 résultat.
1301 2278 82 28 Pink,
1416 2295 67 11 vous
1515 2275 81 31 wm?
1615 2294 123 12 porterez

296 2303 66 22 Ttes
394 2304 96 23 Phcles
504 2311 5 16 :
544 2306 51 22 Frs
626 2306 73 26 10,40
729 2308 26 22 la
786 2308 74 24 botte
889 2311 28 21 et
948 2311 127 23 TRIPLE
1104 2313 136 21 FLACON
1303 2319 92 15 mieux
1420 2303 35 31 et
1455 2303 70 31 serez
1525 2303 58 31 vous
1583 2303 70 31 plt18
1653 2303 84 31 Jolie.

269 2333 151 25 (beaucoup
445 2334 62 26 plus
533 2336 198 26 avantageux),
759 2336 16 23 à
801 2338 49 22 Frs
876 2338 82 26 23,40.

619 2546 316 77 iraines

462 2624 73 69 \\j

264 3282 17 83 !
412 3296 547 90 (OoisTIfil

421 3368 48 47 \
632 3368 42 28 V
835 3368 98 29 i>®
1211 3375 28 27 *
1323 3386 59 26 Les
1397 3386 329 29 FRUCTINES-VICHY

466 3414 34 33 \
1187 3423 138 23 assurent
1369 3420 206 28 l'élimination
1619 3422 107 33 rapide

508 3463 23 13 *
1187 3453 55 26 des
1262 3453 125 28 déchets
1409 3455 40 26 de
1476 3454 193 28 l'organisme
1696 3460 29 23 et

263 3486 48 33 4^
421 3508 5 10 j
753 3486 29 33 \
1187 3486 27 27 1°
1256 3488 219 27 débarrassent
1510 3490 56 26 des
1609 3490 116 27 toxines

262 3518 49 32 B
330 3518 468 32 ^\
1187 3520 135 28 néfastes
1349 3522 52 29 qui
1434 3523 231 28 empoisonnent
1698 3523 30 28 le

261 3550 85 43 Ht,-,
793 3550 22 34 \
855 3560 2 2 '
1185 3563 90 26 sang.

260 3584 57 52 t
1212 3599 29 27 *
1321 3607 59 27 Les
1394 3607 331 30 FRUCTlNES-VICHY

260 3636 58 39 H|<
563 3660 17 15 ^
769 3657 26 18 *
1184 3645 180 23 conservent
1386 3641 29 28 la
1437 3643 88 26 santé
1550 3650 37 19 en
1609 3643 116 32 suppri-

260 3674 54 33 B&-
355 3674 75 35 5?^
460 3674 103 38 00^
1185 3678 82 23 mont
1300 3676 30 26 la
1359 3676 213 34 constipation,
1605 3677 117 33 origine

1184 3712 68 27 trop
1269 3711 6 31 _
1296 3714 128 23 souvent
1470 3711 166 27 méconnue
1682 3713 40 26 de

265 3757 42 18 W
386 3741 72 32 llk
768 3741 87 34 f\l6^
1186 3743 140 28 malaises
1369 3748 30 23 et
1442 3746 41 26 de
1529 3745 194 28 nombreuses

687 3773 90 57 ^Cj0*
1185 3778 158 27 maladies.

1211 3825 63 34 A.
1319 3830 58 28 Les
1392 3830 330 29 FRUCTINES-VICHY

309 3872 35 23 V
669 3889 22 6 —
700 3858 111 40 %\Qr
1183 3863 152 28 délicieux
1373 3864 142 27 bonbons
1559 3865 163 27 laxatifs

335 3898 36 29 fe
938 3920 8 5 ,
1184 3897 105 28 luttent
1310 3902 103 23 contre
1447 3898 219 28 l'embonpoint
1691 3903 30 23 et

459 3931 67 30 sL
1182 3936 139 24 assurent
1345 3942 39 18 au
1409 3941 87 25 corps
1511 3934 157 32 souplesse
1690 3938 30 22 et

1183 3966 123 28 beauté.

851 4039 282 222 MES

268 4294 106 78 le
392 4294 214 96 plu
606 4318 64 54 M
700 4296 306 76 doux
1042 4298 200 76 DES
1262 4292 478 84 laxatifs

718 4398 44 24 EN
781 4397 109 25 VENTE
912 4397 129 26 TOUTES
1062 4398 215 26 PHARMACIES

248 4450 546 58 JECHANTILLC>N
834 4446 364 62 GRATUIT
1213 4444 544 67 FRUCTINES-VICH'VATVICH7AlÛer)!

1824 762 39 40 ,*
1886 765 133 32 MIMYE
2040 767 236 32 DESESPEREE.
2295 769 81 31 Vous
2395 769 164 32 conseillez

1825 810 119 39 parfois
1969 813 17 28 à
2014 814 158 29 certaines
2198 812 41 32 de
2264 825 54 20 vos
2344 813 144 33 lectrices
2513 814 43 32 tel

1824 866 39 19 ou
1890 854 44 31 tel
1964 857 128 30 numéro
2123 869 7 23 ;
2159 858 28 38 je
2214 857 148 32 voudrais
2389 861 100 29 savoir
2516 861 39 30 où

1823 911 49 19 me
1896 899 43 31 les
1963 912 160 28 procurer.

1859 962 202 29 Demandez
2097 965 230 27 directement
2362 966 32 27 le
2429 973 43 21 ou
2507 968 49 26 les

1822 1003 164 27 numéros
2034 1004 59 33 qui
2141 1011 87 20 vous
2274 1005 214 28 intéressent
2535 1007 22 26 à

1822 1042 101 27 notre
1968 1043 136 27 service
2150 1044 44 26 de
2239 1045 114 31 vente,
2402 1045 45 30 25,
2496 1052 62 20 rue

1821 1080 204 32 d'Aboukir,
2048 1089 43 20 en
2110 1083 164 33 joignant
2292 1083 24 26 à
2336 1085 98 27 votre
2454 1085 103 26 lettre

1821 1120 18 25 2
1861 1120 43 26 fr.
1929 1120 36 27 30
1987 1128 65 26 par
2075 1122 154 26 numéro.
2255 1122 47 29 Ils
2327 1129 87 20 vous
2438 1124 120 26 seront

1821 1159 163 28 adressés
2010 1167 64 27 par
2099 1161 119 27 retour
2243 1162 45 26 du
2315 1162 162 28 courrier.

1864 1235 61 31 J'ai
1959 1248 38 18 un
2029 1236 119 32 double
2181 1240 128 29 menton
2344 1249 8 24 ;
2384 1249 63 28 que
2478 1238 80 31 faire

1825 1292 78 27 pour
1923 1280 74 39 qu'il
2020 1280 189 42 disparaisse
2235 1282 16 31 ?

1860 1344 121 28 Faites
2023 1346 136 33 chaque
2198 1347 81 33 jour
2320 1354 57 20 ces
2418 1354 140 20 mouve-

1825 1384 114 27 ments
1968 1391 6 20 :
1998 1385 33 25 1°
2055 1385 158 27 Tournez
2235 1386 35 27 la
2291 1386 72 27 tête
2384 1387 43 27 de
2447 1387 112 26 droite

1823 1423 21 26 à
1873 1424 138 32 gauche
2035 1426 37 26 et
2099 1426 43 26 de
2169 1426 138 33 gauche
2335 1425 22 26 à
2385 1426 122 31 droite,
2537 1426 22 26 à

1825 1462 83 27 fond
1930 1464 34 26 et
1984 1471 101 20 assez
2106 1465 203 26 lentement.
2333 1465 34 26 2°
2391 1465 168 27 Contrac-

1825 1503 55 25 tez
1899 1502 50 26 les
1968 1503 152 26 muscles
2140 1504 45 26 du
2204 1510 65 20 cou
2288 1510 43 20 en
2350 1504 142 26 serrant
2511 1504 50 26 les

1824 1541 208 32 mâchoires,
2072 1543 79 33 puis
2189 1543 172 27 relâchez.
2400 1543 32 27 3°
2470 1544 92 25 Ren-

1824 1588 122 20 versez
1979 1582 35 26 la
2045 1583 72 26 tête
2150 1590 43 19 en
2225 1583 133 26 arrière
2392 1584 44 30 et,
2472 1584 89 26 dans

1825 1622 92 27 cette
1946 1622 161 33 position,
2141 1630 128 20 ouvrez
2300 1624 35 26 et
2365 1624 131 26 fermez
2527 1624 34 26 la

1824 1661 135 28 bouche
1990 1662 202 27 lentement.
2226 1662 68 27 Dix
2324 1663 70 26 fois
2424 1663 137 33 chaque

1825 1701 165 27 exercice.
2021 1701 84 27 Puis
2134 1703 265 32 reportez-vous
2426 1709 47 20 au
2500 1709 60 28 pa-

1826 1740 176 34 ragraphe
2026 1741 152 27 traitant
2203 1742 43 26 de
2270 1742 93 26 cette
2386 1742 174 33 question,

1826 1780 89 26 dans
1937 1780 150 27 l'article
2107 1781 44 26 de
2172 1781 102 27 notre
2296 1786 40 21 n°
2360 1780 46 27 28.

1872 1866 101 32 Est-ce
1999 1879 74 27 que,
2101 1867 74 32 l'été
2203 1867 161 41 prochain,
2390 1880 38 19 en
2456 1868 109 32 endui-

1829 1915 71 28 sant
1923 1924 71 20 mon
2018 1914 108 38 visage
2151 1916 33 28 et
2207 1925 65 19 mes
2296 1913 72 32 bras
2391 1913 72 32 d'un
2489 1913 76 32 bau-

1831 1969 49 19 me
1909 1956 124 39 solaire,
2061 1959 29 38 je
2119 1960 125 38 pourrai
2274 1958 102 32 brunir
2403 1970 71 20 sans
2501 1971 63 27 que

1830 2001 42 32 de
1901 2002 156 41 multiples
2084 2002 112 32 taches
2224 2003 41 32 de
2294 2016 143 19 rousseur
2464 2017 101 29 appa-

1831 2049 132 30 raissent
1983 2060 123 20 comme
2128 2047 74 33 l'été
2222 2048 126 32 dernier
2370 2050 16 31 ?

1866 2112 96 28 Vous
1991 2119 132 28 pouvez
2152 2114 185 33 empêcher
2364 2115 50 26 les
2443 2115 122 27 taches

1828 2152 43 27 de
1895 2159 168 21 rousseur
2086 2154 43 26 de
2152 2153 245 34 réapparaître
2421 2161 42 21 en
2487 2162 78 27 pro-

1828 2191 147 34 tégeant
1995 2192 100 27 votre
2116 2192 125 34 visage
2260 2194 34 26 et
2315 2200 63 20 vos
2399 2193 82 28 bras
2502 2201 64 27 par

1828 2238 47 20 un
1908 2231 141 34 produit
2079 2232 235 34 anti-solaire,
2348 2233 91 27 mais
2471 2234 94 26 alors

1830 2278 86 22 vous
1948 2278 44 20 ne
2020 2271 162 27 brunirez
2212 2279 74 27 pas,
2318 2273 69 26 et...
2420 2272 28 27 si
2478 2280 88 20 vous

1829 2317 88 20 vous
1945 2311 126 27 laissez
2099 2311 132 32 brunir,
2262 2312 49 26 les
2338 2312 125 27 taches
2490 2319 75 20 sur-

1830 2349 118 34 giront
1996 2349 22 27 à
2066 2356 174 21 nouveau.
2292 2350 98 27 C'est
2437 2350 35 27 là
2520 2357 48 20 un

1829 2390 179 34 problème
2038 2390 204 35 impossible
2273 2390 21 27 à
2327 2391 175 27 résoudre.
2538 2392 28 26 Il

1830 2430 80 26 faut
1945 2429 139 32 choisir,
2122 2437 43 20 ou
2199 2438 41 19 se
2274 2430 83 31 dire,
2395 2437 70 21 une
2498 2431 67 27 fois

1829 2476 89 28 pour
1942 2470 128 30 toutes,
2096 2476 69 27 que
2192 2470 49 27 les
2266 2470 179 34 éphélides
2470 2471 96 27 n'en-

1829 2508 186 29 laidissent
2042 2516 174 28 personne
2243 2511 34 26 et
2305 2510 156 28 donnent
2487 2517 79 21 sou-

1829 2550 84 26 vent
1941 2548 22 27 à
1990 2556 48 19 un
2064 2549 106 33 jeune
2197 2549 124 35 visage
2348 2556 47 21 un
2424 2549 143 28 charme

1829 2588 74 27 très
1930 2589 161 33 prenant.

1873 2676 75 38 Que
1978 2687 204 30 pensez-vous
2210 2675 42 33 de
2282 2689 71 19 mon
2383 2677 137 31 écriture
2551 2676 16 33 ?

1834 2721 248 41 Répondez-moi
2105 2720 234 33 franchement.

1868 2786 44 27 Je
1936 2793 44 21 ne
2003 2793 108 27 pense
2135 2793 68 27 que
2226 2787 46 26 du
2297 2786 81 28 bien
2402 2787 44 27 de
2470 2787 100 27 votre

1829 2825 155 28 écriture
2015 2825 59 35 qui
2106 2833 44 20 ne
2182 2827 212 33 correspond
2427 2833 65 28 pas
2524 2827 46 27 du

1832 2865 78 28 tout
1938 2865 23 27 à
1989 2865 102 29 votre
2119 2866 249 34 pseudonyme.
2400 2866 170 34 Désespé-

1833 2905 67 32 rée,
1936 2912 88 20 vous
2059 2906 16 25 ?
2108 2905 78 28 Elle
2215 2913 164 20 annonce
2409 2913 48 20 au
2489 2912 82 21 con-

1833 2944 109 27 traire
1970 2944 236 34 l'optimisme,
2236 2945 35 26 la
2298 2945 118 33 gaieté
2443 2945 36 27 et
2504 2951 69 20 une

1832 2985 135 34 grande
1999 2985 166 33 jeunesse
2200 2985 252 34 incompatible
2484 2992 88 21 avec

1833 3025 31 27 le
1895 3024 189 35 désespoir.
2118 3025 97 27 Vous
2245 3025 162 34 pourriez
2438 3026 36 26 la
2503 3025 68 28 soi-

1833 3071 87 27 gner
1944 3065 203 33 davantage
2167 3066 37 27 et
2226 3065 179 27 surtout...
2431 3065 141 34 soigner

1835 3104 273 34 l'orthographe.

1834 3178 44 40 *
1903 3180 81 32 UNE
2017 3180 259 32 CONVERTIE...
2310 3193 57 28 par
2400 3180 112 37 là-bas,
2535 3193 38 19 en

1839 3226 198 40 Bourgogne,
2058 3228 53 37 qui
2132 3239 17 19 a
2173 3225 171 42 beaucoup
2365 3226 121 32 admiré
2508 3226 67 32 l'ar-

1838 3270 74 32 ticle
1940 3271 41 31 de
2010 3272 44 31 M.
2082 3272 86 31 Louis
2195 3271 101 32 Gillet
2320 3283 19 21 «
2366 3272 55 31 Sur
2448 3271 43 32 les
2518 3284 57 29 pas

1837 3316 41 32 du
1898 3315 107 33 Christ
2023 3328 27 24 »,
2071 3320 33 28 et
2123 3319 152 30 remercie
2294 3317 280 37 «Marie-Claire»,

1838 3361 171 37 demande,
2035 3361 124 33 d'autre
2186 3366 81 37 part,
2293 3375 38 19 ce
2356 3362 116 41 qu'elle
2498 3367 78 37 peut

1837 3407 81 32 faire
1945 3407 57 32 des
2026 3409 88 30 vieux
2140 3410 145 30 numéros
2311 3408 42 32 de
2380 3412 95 32 notre,
2496 3411 80 38 jour-

1838 3451 49 33 nal
1907 3452 80 32 dont
2005 3452 59 32 elle
2084 3452 142 42 dispose.

1872 3518 103 26 'Nous
1997 3524 153 20 sommes
2173 3517 75 28 très
2271 3518 179 32 touchées,
2475 3519 102 27 chère

1837 3556 154 31 lectrice,
2015 3564 67 26 que
2104 3564 90 20 vous
2214 3565 89 27 ayez
2325 3558 74 34 pris
2420 3559 36 26 la
2477 3559 101 33 peine

1837 3595 42 27 de
1909 3602 89 21 nous
2028 3596 74 27 dire
2132 3598 101 26 votre
2261 3598 70 31 joie
2361 3598 43 26 de
2433 3600 145 25 trouver

1805 3628 2 34 I
1838 3635 100 27 notre
1992 3636 146 27 numéro
2191 3637 43 26 de
2286 3637 89 27 Noël
2429 3638 147 27 intéres-

1805 3666 2 50 1
1836 3677 82 26 sant
1936 3676 36 26 et
1989 3676 327 31 particulièrement
2335 3677 124 27 réussi.
2478 3678 98 27 Vous

1835 3720 135 27 pouvez
1993 3715 90 27 faire
2104 3715 167 34 parvenir
2294 3718 80 26 tous
2395 3723 64 20 vos
2481 3717 94 33 jour-

1836 3760 97 20 naux
1962 3756 35 25 et
2026 3755 206 33 magazines
2261 3755 22 27 à
2312 3756 61 27 des
2404 3756 172 35 hôpitaux

1805 3792 2 25 I
1842 3801 43 20 ou
1912 3795 189 27 sanatoria
2142 3801 44 21 ou
2227 3795 23 27 à
2291 3795 146 28 l'œuvre
2482 3804 15 17 «
2530 3796 53 26 La

1835 3833 152 29 Lecture
2007 3834 22 27 à
2051 3835 160 33 l'hôpital
2234 3844 27 22 »,
2280 3835 50 32 44,
2353 3843 62 19 rue
2436 3836 43 27 de
2500 3836 75 27 Lis-

1836 3873 125 32 bonne,
1989 3874 114 31 Paris,
2127 3874 41 27 8°,
2193 3875 152 27 D'autre
2369 3876 93 33 part,
2487 3882 90 21 nous

1840 3920 180 24 recevons,
2051 3913 22 27 à
2102 3914 175 32 l'instant,
2307 3921 68 20 une
2404 3916 104 26 lettre
2537 3915 42 27 de

1837 3953 35 26 la
1895 3952 96 27 mère
2015 3953 104 27 d'une
2141 3954 106 33 jeune
2271 3953 74 28 fille
2369 3954 142 34 soignée
2534 3961 43 20 en

1838 3993 233 31 sanatorium,
2120 3993 37 27 et
2203 3993 58 34 qui
2306 3994 63 27 n'a
2414 4001 65 27 pas
2527 3995 50 26 les

1837 4038 146 27 moyens
2005 4032 42 27 de
2069 4031 49 28 lui
2139 4033 146 27 acheter
2306 4033 272 33 régulièrement

1836 4071 258 28 Marie-Claire.
2140 4072 240 27 Voulez-vous
2425 4073 49 26 lui
2518 4079 58 20 en-

1837 4117 109 27 voyer
1975 4111 52 27 les
2056 4111 121 27 vôtres
2207 4112 141 34 lorsque
2377 4119 89 20 vous
2495 4112 84 27 n'en

1836 4157 88 20 avez
1947 4151 81 33 plus
2052 4151 122 27 besoin
2201 4152 16 26 ?
2239 4151 101 28 Nous
2363 4153 127 26 tenons
2514 4159 63 20 son

1839 4196 82 20 nom
1945 4191 35 26 et
2005 4197 64 20 son
2092 4190 146 28 adresse
2261 4190 23 28 à
2307 4192 101 26 votre
2431 4191 148 34 disposi-

1840 4229 85 27 tion.

1844 4303 41 41 ★
1910 4305 211 33 MARCELLE
2159 4307 53 31 DU
2253 4306 308 33 PAS-DE-CALAIS.

1877 4369 102 28 Nous
2002 4371 202 32 regrettons
2228 4371 42 27 de
2294 4378 43 20 ne
2359 4371 148 34 pouvoir
2529 4371 52 27 ré-

1841 4409 134 34 pondre
1993 4409 22 27 à
2035 4410 119 27 toutes
2173 4417 64 21 vos
2256 4411 193 34 questions.
2472 4411 110 34 Soyez

1840 4455 104 20 assez
1974 4449 147 33 gentille
2151 4457 88 27 pour
2268 4457 90 20 nous
2390 4450 191 29 communi-

1841 4494 87 29 quer
1957 4489 102 27 votre
2089 4489 146 27 adresse
2265 4497 43 21 en
2338 4497 89 20 vous
2457 4496 123 29 rappe-

1841 4528 76 26 lant
1940 4535 64 20 vos
2028 4528 203 29 demandes.

2650 381 85 74 Ce
2759 411 39 43 n
2825 397 90 58 est
2925 408 114 60 pas
3053 413 87 55 qu
3159 382 184 75 ïlsoit

2746 495 284 61 mauvais
3061 513 230 61 garçon
3319 494 28 63 /

2746 595 216 61 mais...

2708 1195 19 21 «
2753 1183 54 33 De
2838 1184 113 40 quelle
2983 1185 149 33 humeur
3163 1191 50 27 est
3245 1189 30 30 le
3307 1192 57 34 pa-

2664 1234 77 27 tron
2763 1229 252 40 aujourd'hui?
3039 1242 18 21 »
3083 1229 109 41 (C'est
3213 1231 33 33 la
3266 1243 98 29 ques-

2665 1274 72 33 tion
2765 1286 66 29 que
2860 1286 36 22 se
2924 1280 135 35 posent,
3088 1276 130 41 chaque
3248 1277 118 39 matin,

2664 1320 50 33 les
2744 1320 177 40 employés
2949 1320 43 33 de
3020 1320 50 33 M.
3102 1321 195 41 Martinet.)

2711 1917 18 21 «
2760 1905 244 33 Massacrante
3036 1908 13 30 !
3076 1905 32 32 Il
3136 1909 51 28 est
3213 1904 43 33 de
3283 1915 84 22 nou-

2663 1962 92 22 veau
2799 1950 166 33 enrhumé
3010 1955 43 34 e1,
3095 1949 274 40 naturellement,

2669 2002 75 28 tout
2769 1996 70 33 s'en
2862 2001 144 28 ressent.
3034 2006 19 21 »

2712 2054 19 21 «
2766 2041 124 42 Quelle
2924 2041 93 39 tuile,
3049 2052 58 22 car
3136 2040 93 33 voici
3258 2039 110 41 juste-

2668 2093 92 28 ment
2781 2091 100 29 notre
2902 2087 107 33 vieux
3031 2086 100 33 client
3151 2086 49 33 M.
3223 2086 141 33 Blanc.»

2718 2651 19 22 «
2775 2640 186 34 Comment
2996 2653 39 29 ça
3067 2654 44 22 va
3150 2642 18 33 ?
3200 2643 106 33 Mal...
3342 2643 31 34 le

2673 2686 177 33 troisième
2876 2687 126 33 rhume
3031 2694 51 27 cet
3109 2688 100 33 hiver
3240 2693 12 29 !
3282 2700 14 21 7

2711 2742 19 21 «
2749 2732 106 39 Mais,
2872 2733 51 32 M.
2942 2733 180 40 Martinet,
3140 2740 125 34 prenez
3280 2735 90 33 donc

2671 2776 130 41 chaque
2856 2777 85 40 jour
2996 2779 166 40 quelques
3215 2780 157 40 pastilles

2676 2822 144 40 Wybert
2845 2828 33 28 et
2901 2834 91 23 vous
3015 2835 41 21 ne
3079 2835 89 23 vous
3192 2825 181 34 enrhume-
3430 2796 3 3 -

2668 2878 60 22 rez
2754 2867 87 41 plus.
2874 2879 20 22 »

2669 3461 55 33 On
2757 3467 84 35 peut
2871 3461 219 35 s'enrhumer
3120 3463 20 32 à
3175 3468 75 28 tout
3282 3462 83 41 âge..

2663 3506 157 34 Prendre
2833 3507 62 34 des
2910 3507 145 42 Wybert
3081 3509 81 32 c'est
3176 3509 78 39 plus
3266 3511 102 37 sage!

2706 3604 618 74 WYBERT

2669 3740 33 33 la
2731 3741 186 33 délicieuse
2945 3741 107 41 petite
3081 3742 137 40 pastille
3249 3753 41 22 en
3319 3743 49 33 lo-

2670 3797 106 29 sange
2797 3786 114 33 réunit
2932 3798 84 22 sous
3036 3799 46 21 un
3101 3787 111 40 faible
3231 3788 141 33 volume

2670 3832 31 32 le
2760 3832 194 34 maximum
3012 3832 215 41 d'efficacité
3283 3839 90 35 pour

2668 3877 193 33 combattre
2906 3883 96 35 toux,
3043 3878 154 39 rhumes,
3238 3879 132 41 grippe,

2667 3928 253 35 enrouements,
2933 3923 175 34 irritation
3135 3925 42 32 de
3205 3925 33 32 la
3249 3936 80 29 gorç
3342 3936 27 22 e.

2839 3990 132 35 Toutes
2991 3991 219 41 pharmacies

2750 4047 58 33 Fr.
2832 4056 83 32 3.25,
2941 4048 32 33 la
2998 4047 92 34 boîte
3114 4049 42 33 de
3178 4048 120 41 poche.

2752 4093 57 32 Fr.
2833 4093 82 40 6.—,
2941 4093 33 33 la
2997 4093 93 33 boîte
3111 4094 180 40 familiale.
