3851 5004
691 1050 140 30 DAINA.
857 1050 114 37 Depuis
996 1048 24 30 la
1048 1051 161 28 naissance
1234 1047 40 30 de
1299 1059 47 18 ma
1370 1046 74 34 fille,
1469 1048 26 36 je

628 1107 46 17 me
703 1097 57 28 suis
788 1107 59 27 peu
877 1096 15 28 à
923 1106 58 26 peu
1011 1092 159 31 détachée
1199 1092 39 30 de
1267 1104 69 18 mon
1364 1093 86 29 mari.
1478 1090 18 30 Il

626 1152 135 26 manque
782 1139 39 30 de
843 1138 235 40 complaisance
1099 1142 32 25 et
1152 1149 74 19 nous
1246 1148 95 19 avons
1361 1136 56 30 des
1437 1136 59 30 dis-

626 1188 136 27 cussions
784 1185 196 37 fréquentes.
1003 1184 38 29 Je
1067 1195 36 18 ne
1128 1195 74 17 veux
1227 1194 55 27 pas
1305 1184 119 36 quitter
1447 1193 47 18 ma

624 1229 64 30 fille
713 1233 32 26 et
771 1231 25 37 je
823 1230 58 29 n'ai
908 1240 55 28 pas
988 1228 26 30 le
1039 1228 83 30 droit
1147 1228 40 29 de
1213 1227 179 30 l'emmener
1417 1237 78 19 avec

626 1277 70 28 moi.
719 1275 60 29 J'ai
802 1276 33 27 21
864 1286 63 18 ans.
950 1273 72 37 Que
1044 1273 79 30 faire
1150 1272 14 30 ?

662 1361 84 25 Etre
793 1362 77 30 plus
917 1360 167 32 patiente,
1134 1360 77 31 plus
1259 1357 234 26 raisonnable.

625 1401 94 25 Vous
750 1400 72 25 dire
852 1406 65 25 que
949 1398 180 26 l'hostilité
1159 1405 65 24 que
1255 1404 87 18 vous
1372 1397 122 31 éprou-

625 1446 61 18 vez
712 1446 85 25 pour
824 1441 97 22 votre
948 1438 87 24 mari
1062 1439 53 24 est
1142 1443 83 19 sans
1252 1436 105 25 doute
1382 1435 66 25 due
1474 1434 21 25 à

625 1485 65 18 une
731 1478 135 31 fatigue
906 1483 169 19 nerveuse
1115 1475 254 25 momentanée.
1411 1474 84 26 Cela

623 1517 115 25 arrive
771 1516 268 32 fréquemment.
1074 1515 94 25 Vous
1201 1521 85 18 avez
1319 1513 175 32 peut-être

625 1556 118 25 besoin
772 1556 41 24 de
842 1562 111 25 repos,
984 1554 41 25 de
1055 1553 208 27 fortifiants.
1295 1553 96 24 Allez
1419 1551 75 25 voir

625 1602 44 18 un
701 1595 153 25 docteur.
889 1594 89 25 Mais
1010 1600 41 18 ne
1083 1599 86 19 vous
1200 1593 198 30 comportez
1430 1597 63 26 pas

624 1634 165 25 vis-à-vis
823 1634 41 24 de
898 1634 99 24 votre
1033 1633 86 24 mari
1155 1638 41 18 en
1232 1631 124 25 enfant
1390 1629 103 33 gâtée

623 1676 34 23 et
684 1679 125 26 prenez
838 1672 77 32 plus
944 1671 253 29 sérieusement
1226 1671 99 24 votre
1353 1669 71 25 rôle
1453 1669 40 25 de

624 1718 151 19 maman.

684 1798 236 30 ESPERANCE.
945 1798 122 29 Devant
1089 1796 74 31 aller
1186 1798 15 28 à
1226 1808 37 18 un
1287 1797 151 37 mariage,
1464 1796 27 37 je

621 1846 59 28 sais
703 1856 62 26 que
790 1855 69 18 mon
885 1842 136 30 cavalier
1045 1845 129 36 compte
1199 1854 47 17 me
1271 1841 79 30 faire
1374 1853 37 17 un
1438 1852 53 27 pe-

619 1891 38 28 tit
682 1888 135 31 cadeau.
843 1889 155 36 Devrai-je
1024 1886 27 31 le
1077 1886 151 39 regarder
1252 1890 71 26 tout
1346 1885 40 30 de
1413 1887 78 28 suite

621 1934 118 30 devant
765 1933 37 30 lui
827 1937 33 26 et
885 1933 25 30 le
937 1932 104 31 laisser
1066 1935 16 28 à
1110 1932 24 31 la
1162 1934 116 28 maison
1305 1944 37 18 ou
1369 1931 27 30 le
1421 1943 71 27 gar-

621 1979 55 31 der
702 1991 78 18 avec
807 1981 71 28 moi.
906 1979 36 29 En
969 1977 88 39 quels
1083 1981 116 26 termes
1226 1976 25 31 le
1279 1978 167 29 remercier
1475 1977 14 29 ?

659 2061 26 24 Il
711 2060 78 26 faut
812 2060 166 32 regarder
1000 2060 31 24 le
1054 2059 132 26 cadeau
1211 2058 154 27 aussitôt
1388 2058 103 32 qu'on

621 2107 86 18 vous
737 2100 29 25 le
795 2100 179 24 remettra.
1007 2098 58 26 S'il
1095 2098 117 32 s'agit,
1244 2104 133 20 comme
1407 2097 86 25 c'est

620 2139 174 33 probable,
817 2139 83 25 d'un
921 2138 86 33 petit
1028 2138 94 31 objet
1141 2137 196 33 personnel,
1361 2143 133 19 comme

621 2178 173 33 poudrier,
831 2178 123 32 peigne
988 2177 169 29 d'écaille,
1195 2177 174 32 pochette,
1405 2183 88 18 vous

620 2224 132 26 pouvez
780 2217 172 26 aisément
981 2217 29 25 le
1036 2216 126 32 glisser
1190 2216 88 26 dans
1306 2217 98 24 votre
1431 2221 62 19 sac

621 2264 39 18 en
690 2256 212 30 remerciant
929 2256 73 25 très
1030 2255 223 32 simplement
1281 2255 41 25 de
1350 2255 34 25 la
1410 2260 81 26 gen-

621 2296 71 26 tille
721 2296 186 25 attention.

622 2377 37 39 *
684 2378 133 30 J'AIME
839 2378 105 30 TOUT
966 2377 50 30 CE
1039 2377 73 37 QUI
1140 2377 60 30 EST
1224 2377 111 30 BEAU.
1357 2376 39 30 Je
1420 2387 72 19 vou-

619 2424 82 31 drais
729 2424 79 30 faire
838 2436 59 18 une
927 2425 132 38 surprise
1089 2425 15 28 à
1136 2435 69 18 mon
1236 2424 74 28 mari
1341 2421 150 31 actuelle-

619 2473 85 26 ment
733 2481 36 18 en
799 2481 136 27 voyage.
963 2470 27 28 A
1020 2471 31 27 51
1086 2480 55 19 ans
1175 2465 92 41 (mais
1298 2468 57 38 j'en
1387 2469 104 38 parais

617 2513 69 39 46),
714 2515 49 38 j'ai
791 2514 42 30 les
860 2513 136 31 cheveux
1025 2526 135 28 presque
1189 2513 118 31 blancs.
1333 2512 80 31 Cela
1442 2524 48 18 me

618 2560 105 31 donne
751 2559 170 40 beaucoup
947 2559 41 30 de
1015 2559 136 35 charme,
1178 2571 53 18 car
1257 2559 49 38 j'ai
1333 2557 26 31 la
1385 2558 105 39 figure

618 2617 116 19 encore
763 2607 90 37 jeune
882 2608 32 27 et
941 2604 132 31 fraîche.
1103 2605 116 38 Dois-je
1249 2603 43 31 les
1317 2603 126 31 teindre
1474 2604 15 29 ?

655 2688 191 26 Etes-vous
890 2687 82 26 sûre
1015 2695 66 25 que
1127 2687 92 26 cette
1268 2694 15 17 «
1305 2686 157 33 surprise
1477 2692 15 17 »

617 2735 79 19 sera
718 2728 166 32 agréable
908 2728 20 25 à
953 2729 98 24 votre
1074 2727 89 26 mari
1183 2727 14 24 ?
1222 2726 97 26 Nous
1345 2725 145 27 conseil-

617 2769 73 27 lons
721 2775 148 26 presque
898 2768 160 32 toujours
1087 2774 72 19 aux
1188 2767 148 25 femmes
1366 2772 125 20 encore

616 2809 123 32 jeunes
765 2809 40 26 de
831 2815 36 18 se
893 2808 135 26 teindre
1053 2808 88 25 dans
1167 2807 76 25 leur
1267 2813 137 19 nuance
1430 2812 60 19 na-

616 2849 125 25 turelle
776 2849 139 31 lorsque
950 2847 250 33 apparaissent
1237 2847 49 25 les
1322 2846 169 33 premiers

617 2889 158 25 cheveux
803 2888 131 25 blancs.
965 2887 90 26 Mais
1085 2888 100 25 votre
1214 2893 60 19 cas
1304 2887 53 25 est
1385 2885 105 26 diffé-

616 2929 77 25 rent
718 2936 4 17 :
757 2934 61 19 vos
851 2928 156 25 cheveux
1040 2928 89 29 sont,
1164 2926 207 30 dites-vous,
1407 2926 83 25 d'un

617 2968 101 26 blanc
749 2968 126 32 argent
906 2967 143 26 brillant
1081 2966 71 26 très
1185 2966 99 30 beau,
1318 2966 41 26 ils
1391 2965 98 32 ajou-

616 3010 74 24 tent
721 3008 180 32 beaucoup
932 3008 41 26 de
1003 3007 143 26 charme
1175 3006 21 26 à
1226 3008 99 24 votre
1355 3005 132 32 visage,

616 3049 98 24 votre
742 3047 89 26 mari
860 3048 53 25 est
941 3046 144 26 habitué
1115 3046 21 25 à
1165 3053 87 19 vous
1282 3045 75 26 voir
1384 3044 103 27 ainsi.

615 3088 52 26 Ne
710 3087 267 32 craignez-vous
1019 3093 63 26 pas
1126 3086 82 32 qu'il
1251 3092 43 20 ne
1334 3085 67 26 soit
1443 3091 47 19 un

615 3135 99 26 peu...
762 3127 97 31 déçu,
909 3133 41 19 en
997 3133 86 19 vous
1130 3127 171 24 trouvant
1345 3125 111 26 teinte
1475 3124 14 26 ?

614 3167 228 32 Croyez-moi,
883 3167 166 25 attendez
1090 3172 134 20 encore.
1266 3166 30 24 A
1332 3172 65 19 son
1438 3171 48 19 re-

614 3208 88 29 tour,
738 3208 126 24 mettez
898 3206 225 30 habilement,
1160 3205 260 30 discrètement,
1455 3205 33 25 la

615 3247 160 33 question
801 3254 60 18 sur
885 3254 37 18 ce
947 3246 132 26 terrain
1091 3253 5 24 ;
1125 3246 98 26 votre
1247 3245 167 26 intuition
1440 3245 48 25 fé-

614 3287 130 26 minine
771 3294 86 18 vous
884 3288 77 24 fera
987 3286 72 25 vite
1086 3286 229 32 comprendre
1340 3292 40 20 ce
1402 3284 85 33 qu'il

616 3327 137 33 préfère
782 3327 42 29 et,
855 3326 30 26 si
912 3333 87 19 vous
1027 3326 108 26 devez
1164 3332 86 21 vous
1281 3325 90 26 faire
1400 3324 87 26 tein-

614 3368 68 29 dre,
736 3374 86 18 vous
874 3366 187 33 profiterez
1113 3366 42 26 de
1202 3372 65 19 son
1318 3364 169 34 prochain

614 3413 144 26 voyage.
826 3406 121 32 Quelle
999 3405 112 27 teinte
1128 3406 15 24 ?
1197 3405 90 26 Mais
1342 3404 145 27 châtain

614 3447 111 29 foncé,
756 3453 135 20 comme
921 3452 61 20 vos
1010 3445 160 31 sourcils,
1201 3452 90 19 avec
1319 3445 168 32 quelques

614 3487 122 26 reflets
763 3487 136 31 acajou.

677 3575 131 34 SPORT,
831 3573 98 36 JOIE,
954 3574 134 31 SANTE.
1113 3573 157 31 Existe-t-il
1295 3573 56 31 des
1375 3585 108 19 revues

613 3619 184 32 mensuelles
824 3633 38 18 ou
891 3623 105 27 autres
1023 3631 78 28 pour
1129 3618 199 41 développer
1357 3618 25 31 la
1412 3631 73 19 con-

611 3668 162 28 naissance
794 3665 40 31 de
855 3665 25 31 la
903 3664 172 41 philatélie.
1094 3665 52 31 Où
1167 3664 131 32 acheter
1317 3677 37 18 un
1376 3664 104 31 album

610 3716 32 26 et
664 3715 159 27 comment
844 3712 199 30 reconnaître
1065 3714 33 27 et
1119 3710 114 31 classer
1255 3709 42 31 les
1317 3709 131 31 timbres
1466 3710 14 30 ?

648 3794 42 26 Je
727 3800 86 19 vous
849 3793 164 26 conseille
1050 3793 41 25 de
1128 3799 86 19 vous
1250 3799 167 25 procurer
1453 3792 30 25 le

611 3833 142 25 Manuel
779 3833 162 31 pratique
969 3832 91 26 édité
1087 3839 64 25 par
1178 3833 137 31 Maury,
1343 3832 27 29 6,
1400 3832 82 25 bou-

612 3872 120 26 levard
763 3873 234 24 Montmartre
1034 3871 32 29 (6
1098 3872 59 29 fr.)
1193 3871 43 25 où
1268 3878 87 19 vous
1388 3872 94 25 trou-

611 3919 101 19 verez
747 3914 77 23 tous
858 3912 49 25 les
941 3911 303 32 renseignements
1277 3911 84 26 dont
1395 3917 86 19 vous

614 3958 85 19 avez
726 3951 128 26 besoin.

683 4034 84 30 Mme
798 4033 182 36 LAPORTE,
1016 4035 41 33 16,
1087 4032 92 41 place
1208 4032 41 32 de
1279 4032 25 32 la
1337 4033 147 40 Républi-

612 4091 72 27 que,
720 4081 15 29 à
770 4080 120 30 Vanves
930 4076 139 41 (Seine),
1105 4081 95 29 serait
1233 4079 63 31 très
1331 4078 152 32 heureuse

614 4124 119 32 d'avoir
755 4137 37 18 un
819 4125 50 30 Rie
892 4137 38 19 ou
954 4137 37 18 un
1018 4126 72 30 Rac.
1112 4124 63 38 Qui
1199 4124 26 31 le
1249 4124 37 31 lui
1309 4124 109 32 offrira
1446 4125 15 30 ?

1608 1044 38 37 ■^C
1674 1043 156 31 BLONDE
1859 1040 289 31 MARSEILLAISE.
2174 1041 39 29 Je
2240 1043 58 28 suis
2324 1042 115 29 invitée
2465 1044 16 27 à

1608 1089 149 40 plusieurs
1789 1087 66 31 bals
1886 1091 32 25 et
1947 1086 146 31 voudrais
2124 1098 48 17 me
2203 1086 79 30 faire
2313 1086 79 30 faire
2423 1098 59 18 une

1607 1133 77 31 robe
1716 1133 39 30 du
1788 1134 68 32 soir,
1889 1133 75 28 mais
1996 1133 26 36 je
2054 1143 36 17 ne
2122 1133 58 27 sais
2220 1130 73 39 quel
2335 1133 72 28 tissu
2449 1135 33 25 et

1607 1178 104 39 quelle
1741 1180 100 28 teinte
1872 1176 121 35 choisir,
2024 1188 52 18 car
2106 1176 57 38 j'en
2194 1178 28 28 ai
2251 1176 72 38 déjà
2355 1188 59 18 une
2444 1188 36 18 en

1605 1224 135 30 taffetas
1768 1224 73 33 noir,
1868 1222 62 30 très
1956 1223 126 29 évasée.
2110 1221 158 30 Peut-être
2297 1223 184 37 pourrais-je

1608 1267 135 41 prendre
1769 1279 59 18 une
1854 1266 77 31 robe
1957 1268 121 37 ajustée
2104 1278 55 18 aux
2184 1265 148 31 hanches.
2356 1267 39 29 Je
2421 1278 62 18 me-

1607 1325 67 18 sure
1706 1315 4 27 1
1741 1325 37 17 m.
1804 1314 37 28 60
1865 1316 32 26 et
1921 1314 27 36 je
1973 1314 58 28 suis
2055 1312 62 29 très
2142 1313 112 28 mince.

1646 1400 151 32 Puisque
1822 1407 87 18 vous
1934 1400 74 25 êtes
2033 1399 123 29 mince,
2183 1405 67 19 une
2277 1399 80 25 robe
2383 1399 96 31 ajus-

1606 1441 54 25 tée
1685 1446 86 19 vous
1796 1440 52 24 ira
1872 1439 180 25 sûrement
2078 1438 71 25 très
2174 1438 77 25 bien
2277 1440 33 24 et
2335 1438 33 31 je
2391 1444 88 18 vous

1607 1479 163 26 conseille
1798 1479 180 31 beaucoup
2006 1478 29 25 le
2063 1477 180 26 ravissant
2271 1476 134 27 modèle
2433 1477 45 29 13,

1602 1525 88 26 page
1714 1518 35 26 33
1778 1518 103 28 (dans
1905 1518 30 24 le
1960 1516 144 26 numéro
2127 1516 65 28 93).
2217 1516 144 27 Comme
2386 1517 89 24 colo-

1603 1558 47 25 ris
1689 1556 190 26 choisissez
1917 1556 45 26 du
2000 1556 78 26 bleu
2117 1562 42 20 ou
2197 1556 45 25 du
2281 1556 192 31 cyclamen,

1607 1597 133 26 bandes
1769 1595 202 33 dégradées.

1608 1694 38 39 *
1671 1696 117 30 PETITE
1812 1696 156 30 MIENNE
1995 1692 56 41 (de
2077 1693 152 39 Roubaix)
2257 1697 48 27 est
2328 1695 87 38 priée
2438 1692 41 31 de

1605 1741 121 31 donner
1754 1754 53 18 son
1839 1740 128 31 adresse
1998 1753 77 27 pour
2104 1742 142 28 recevoir
2275 1752 37 18 un
2343 1741 136 37 croquis.

1672 1837 215 30 GENEVIEVE
1920 1837 27 29 F.
1978 1836 61 30 J'ai
2076 1838 32 27 17
2139 1847 65 19 ans.
2234 1835 100 30 Cette
2366 1836 113 33 année,

1607 1883 49 38 j'ai
1683 1883 103 37 quitté
1813 1881 27 31 le
1867 1881 135 39 collège,
2029 1885 41 31 et,
2098 1883 90 28 étant
2215 1880 104 31 bonne
2345 1892 37 19 en
2410 1879 70 31 des-

1606 1930 53 32 sin,
1684 1929 27 37 je
1733 1927 147 31 voudrais
1903 1927 128 30 devenir
2054 1925 188 32 architecte.
2264 1927 38 29 Je
2328 1927 59 29 n'ai
2412 1938 69 27 per-

1606 1985 96 19 sonne
1742 1985 78 27 pour
1857 1973 191 30 m'orienter.
2086 1972 98 39 Soyez
2220 1983 85 19 assez
2342 1970 138 32 aimable

1608 2031 76 27 pour
1710 2030 48 18 me
1785 2017 121 32 donner
1931 2030 36 18 un
1994 2017 128 31 conseil.

1644 2113 26 24 Il
1706 2119 41 18 ne
1782 2112 79 26 faut
1895 2119 62 25 pas
1993 2118 86 19 vous
2112 2111 205 26 dissimuler
2348 2118 67 26 que
2449 2112 32 24 la

1605 2152 152 26 carrière
1788 2152 239 30 d'architecte,
2063 2152 236 25 évidemment
2329 2151 152 26 accessi-

1606 2193 54 25 ble
1681 2199 71 19 aux
1775 2192 158 32 femmes,
1959 2199 43 20 ne
2024 2193 74 24 leur
2120 2192 93 26 offre
2235 2199 63 25 pas
2321 2192 41 25 de
2386 2198 95 18 nom-

1605 2233 144 25 breuses
1787 2239 211 22 ressources,
2039 2232 250 25 actuellement
2328 2231 151 26 surtout.

1605 2272 95 26 C'est
1729 2273 87 25 donc
1845 2272 79 26 bien
1952 2272 112 27 moins
2094 2278 67 19 une
2189 2271 172 26 situation
2390 2271 91 25 d'ar-

1605 2313 152 25 chitecte
1786 2313 122 25 même.
1942 2319 66 25 que
2038 2318 87 20 vous
2156 2311 159 33 pourriez
2344 2311 138 25 arriver

1604 2353 21 25 à
1657 2359 87 19 vous
1779 2352 106 29 créer,
1921 2359 66 26 que
2021 2352 85 26 celle
2139 2352 41 26 de
2213 2351 268 26 collaboratrice

1604 2393 240 25 d'architecte.

1641 2444 143 26 J'attire
1809 2445 100 25 votre
1930 2443 179 26 attention
2132 2451 62 18 sur
2217 2450 45 19 un
2287 2443 97 33 point
2409 2443 72 26 très

1603 2485 195 33 important
1843 2491 6 18 :
1890 2484 28 26 si
1958 2484 169 26 toutefois
2166 2490 87 19 vous
2292 2483 188 33 envisagez

1603 2526 288 32 d'entreprendre
1923 2532 57 19 ces
2011 2525 123 26 études
2165 2525 89 26 dans
2285 2525 31 25 le
2347 2524 62 26 but
2440 2524 41 26 de

1603 2574 87 18 vous
1719 2566 127 26 établir
1872 2566 150 32 quelque
2048 2565 80 32 jour
2155 2564 21 26 à
2202 2566 100 24 votre
2330 2565 147 32 compte,

1601 2607 22 25 il
1662 2614 87 19 vous
1788 2607 131 25 faudra
1957 2606 201 26 considérer
2196 2606 109 32 qu'un
2343 2605 136 26 certain

1603 2647 103 26 fonds
1728 2647 41 26 de
1791 2647 196 25 roulement
2009 2647 53 25 est
2084 2646 209 30 nécessaire,
2318 2652 60 19 car
2400 2646 79 25 l'ar-

1603 2687 152 26 chite,cte
1783 2687 73 26 doit
1883 2687 165 25 attendre
2077 2687 30 26 le
2136 2686 140 26 client...

1638 2741 65 27 Les
1750 2740 214 26 architectes
2011 2739 142 26 doivent
2199 2738 167 34 posséder
2412 2746 68 19 une

1602 2781 135 32 grande
1763 2781 137 25 culture
1928 2780 173 32 générale,
2132 2781 34 25 et
2193 2786 68 20 une
2288 2779 192 26 formation

1601 2821 189 32 artistique
1812 2821 159 25 étendue.
1996 2820 28 25 Il
2047 2821 74 25 leur
2142 2821 54 25 est
2217 2820 263 32 indispensable

1602 2861 135 26 d'avoir
1766 2868 42 19 en
1836 2860 216 32 mécanique,
2084 2867 42 19 en
2154 2859 136 31 chimie,
2322 2866 42 20 en
2392 2860 87 25 élec-

1601 2901 127 30 tricité,
1757 2908 41 19 en
1826 2901 205 32 chauffage,
2061 2901 60 25 des
2148 2900 153 26 données
2328 2900 72 25 très
2426 2900 52 25 sé-

1602 2941 143 29 rieuses,
1780 2940 164 34 puisqu'il
1979 2941 75 25 leur
2086 2940 130 26 faudra
2247 2939 138 34 prévoir
2418 2940 61 26 des

1601 2981 241 26 installations
1899 2981 166 29 diverses,
2125 2981 60 26 des
2242 2980 236 33 applications

1601 3021 219 33 électriques,
1859 3022 63 25 etc.
1961 3021 47 25 Ils
2044 3021 149 25 devront
2228 3020 183 26 connaître
2446 3021 34 25 la

1601 3062 132 32 qualité
1763 3063 33 24 et
1824 3062 34 25 la
1886 3061 195 26 résistance
2109 3061 61 26 des
2198 3061 202 25 matériaux
2429 3061 49 24 in-

1601 3103 189 26 tervenant
1813 3102 88 26 dans
1925 3102 34 25 la
1982 3101 242 27 construction
2248 3102 60 25 des
2333 3101 144 25 immeu-

1601 3143 73 26 bles
1702 3143 84 25 dont
1813 3142 42 26 ils
1882 3143 129 25 auront
2039 3142 120 26 dressé
2187 3142 49 26 les
2264 3142 111 32 plans.

1638 3182 77 27 Une
1740 3182 156 27 sérieuse
1923 3182 192 26 formation
2143 3181 195 27 financière
2365 3182 34 26 et
2424 3181 53 33 ju-

1600 3223 134 32 ridique
1764 3223 166 32 s'impose
1960 3222 210 32 également,
2203 3228 61 20 car
2294 3221 184 27 l'exercice

1599 3263 42 26 de
1667 3270 41 19 sa
1732 3262 200 33 profession
1957 3263 100 32 place
2082 3262 221 26 l'architecte
2328 3268 43 20 en
2397 3262 80 26 face

1599 3304 42 25 de
1665 3303 191 26 situations
1881 3303 159 25 relevant
2064 3303 41 25 de
2130 3303 71 25 l'un
2223 3304 36 24 et
2283 3302 41 26 de
2349 3303 129 25 l'autre

1599 3345 42 25 de
1667 3351 56 19 ces
1750 3343 192 26 domaines.

1636 3395 51 26 La
1711 3395 228 33 préparation
1963 3394 22 26 à
2010 3395 32 25 la
2067 3394 153 26 carrière
2245 3393 232 27 d'architecte

1599 3438 83 32 peut
1710 3443 37 20 se
1775 3435 90 27 faire
1893 3435 68 26 soit
1989 3434 21 26 à
2036 3434 133 26 l'Ecole
2197 3434 190 26 Nationale
2415 3435 60 25 des

1598 3477 226 26 Beaux-Arts
1854 3476 41 26 de
1925 3475 111 30 Paris,
2068 3475 68 26 soit
2166 3476 89 25 dans
2285 3482 67 19 une
2381 3474 94 27 école

1599 3517 178 33 régionale
1815 3516 286 29 d'architecture,
2140 3523 68 25 que
2245 3515 33 33 je
2315 3522 44 20 ne
2398 3515 77 33 puis

1597 3564 88 19 vous
1715 3556 171 33 indique-r,
1920 3555 146 34 puisque
2096 3556 149 32 j'ignore
2273 3556 35 27 le
2337 3555 67 27 lieu
2434 3556 44 25 de

1599 3600 100 25 votre
1737 3599 189 26 résidence.
1969 3598 236 26 L'admission
2243 3605 22 19 a
2304 3598 68 26 lieu
2412 3605 65 26 par

1599 3646 170 19 concours
1805 3641 34 24 et
1876 3639 48 26 les
1962 3639 170 33 épreuves
2168 3638 101 26 dudit
2305 3645 170 19 concours

1598 3681 80 24 sont
1704 3679 73 26 très
1803 3679 179 26 difficiles.

1636 3719 76 26 Une
1751 3719 228 33 préparation
2017 3719 78 25 tout
2133 3718 21 26 à
2194 3718 67 26 fait
2300 3718 172 34 pratique,

1597 3760 90 25 mais
1721 3760 193 25 nullement
1946 3759 199 32 artistique,
2181 3759 21 25 à
2236 3760 33 24 la
2301 3759 172 26 situation

1596 3799 434 33 d'ingénieur-architecte
2079 3800 53 25 est
2179 3799 185 33 dispensée
2411 3806 64 26 par

1597 3840 131 26 l'Ecole
1761 3839 152 34 spéciale
1946 3840 60 26 des
2039 3840 167 25 Travaux
2240 3839 152 33 Publics,
2428 3840 44 29 12,

1599 3888 60 18 rue
1686 3881 45 25 du
1760 3880 224 26 Sommerard
2019 3887 4 23 ;
2055 3881 29 25 le
2112 3880 128 26 niveau
2268 3880 41 26 de
2338 3880 136 26 l'ensei-

1598 3922 167 31 gnement
1800 3920 100 33 exige
1936 3920 59 26 des
2033 3920 122 26 études
2191 3920 72 26 très
2300 3920 175 26 sérieuses

1598 3960 220 34 poursuivies
1845 3961 105 32 après
1979 3960 206 26 l'obtention
2213 3961 46 25 du
2287 3960 187 26 baccalau-

1598 4001 86 25 réat.

1636 4041 119 30 Enfin,
1799 4041 131 26 l'Ecole
1969 4042 61 25 des
2070 4041 85 26 Arts
2196 4040 214 32 Décoratifs,
2453 4040 23 26 à

1598 4081 111 31 Paris,
1747 4081 45 30 31,
1832 4089 60 19 rue
1927 4081 127 30 d'Ulm,
2093 4082 148 33 possède
2275 4081 200 33 également

1597 4129 69 19 une
1698 4122 133 25 section
1867 4122 285 26 d'architecture.

2597 1041 34 38 *
2658 1043 221 31 ANEMONE.
2901 1044 60 30 J'ai
2983 1057 31 17 re
3020 1047 131 28 ncontré
3172 1058 36 17 un
3233 1047 91 37 jeune
3345 1045 125 33 homme

2593 1087 78 31 dans
2703 1087 26 31 le
2761 1089 126 34 monde,
2920 1102 37 17 au
2990 1092 175 38 printemps
3195 1090 135 36 dernier,
3362 1091 16 30 il
3410 1093 58 30 m'a

2591 1133 60 29 fait
2669 1132 114 31 danser
2801 1134 63 29 très
2882 1138 133 27 souvent
3036 1148 6 22 ;
3062 1139 53 26 cet
3134 1137 52 29 été
3207 1135 15 30 il
3242 1136 74 30 s'est
3334 1139 135 37 arrangé

2594 1190 77 26 pour
2696 1180 94 33 venir,
2818 1179 145 38 pendant
2988 1191 31 19 sa
3047 1183 139 27 semaine
3213 1180 40 30 de
3279 1184 115 36 congé,
3421 1195 48 17 me

2594 1226 160 27 retrouver
2785 1236 37 18 au
2855 1224 79 30 bord
2966 1224 40 30 de
3038 1224 26 31 la
3096 1238 64 17 mer
3190 1227 38 29 où
3260 1227 101 37 j'étais
3391 1240 79 17 avec

2593 1279 64 18 mes
2698 1272 139 35 parents.
2877 1269 61 30 J'ai
2980 1272 52 28 été
3074 1270 213 39 imprudente.
3326 1272 144 39 Croyant

2593 1312 118 31 l'aimer
2737 1315 26 36 je
2789 1313 38 30 lui
2853 1316 28 28 ai
2908 1316 138 38 proposé
3073 1315 41 30 de
3140 1315 130 31 devenir
3295 1328 30 19 sa
3351 1317 118 30 femme

2593 1356 135 40 lorsqu'il
2756 1361 102 28 aurait
2885 1371 59 18 une
2972 1362 148 28 situation
3149 1363 52 36 qui
3230 1373 75 18 nous
3333 1366 137 35 permet-

2591 1405 74 27 trait
2689 1403 40 30 de
2753 1406 93 32 vivre,
2871 1408 33 25 et
2927 1416 76 19 nous
3027 1417 95 18 avons
3146 1407 149 29 continué
3319 1419 59 18 une
3403 1419 67 19 cor-

2592 1448 222 38 respondance
2849 1448 142 32 d'amitié
3026 1462 198 19 amoureuse.

2633 1516 106 37 Ayant
2760 1516 84 30 enfin
2867 1519 111 28 trouvé
3000 1530 37 18 un
3060 1518 117 39 emploi
3201 1519 71 30 bien
3295 1521 173 35 rémunéré,

2592 1559 16 30 il
2630 1560 122 30 m'écrit
2771 1561 73 38 qu'il
2868 1566 77 35 peut
2965 1565 198 28 maintenant
3183 1564 189 39 m'épouser,
3394 1568 76 28 mais

2593 1607 61 28 moi
2684 1607 26 36 je
2740 1607 191 39 m'aperçois
2958 1619 63 27 que
3051 1620 60 28 peu
3142 1611 15 27 à
3188 1621 59 27 peu
3278 1611 26 37 je
3334 1622 48 18 me
3411 1613 59 28 suis

2592 1649 161 32 détachée
2778 1651 41 31 de
2844 1651 49 32 lui.
2918 1652 72 37 Que
3015 1653 160 40 répondre
3202 1655 14 30 ?
3241 1655 61 30 J'ai
3328 1667 76 28 peur
3428 1655 42 31 de

2593 1694 37 31 lui
2657 1695 80 31 faire
2766 1696 40 31 de
2835 1696 25 32 la
2890 1700 105 37 peine.
3023 1698 188 32 Aidez-moi.

2631 1787 112 27 Chère
2767 1790 109 31 petite
2901 1791 102 29 amie,
3030 1793 106 24 merci
3162 1792 42 26 de
3227 1793 34 25 la
3287 1794 185 26 confiance

2592 1834 66 25 que
2682 1835 88 18 vous
2796 1836 86 18 nous
2907 1830 208 32 témoignez.
3142 1832 107 25 Votre
3274 1833 97 25 devoi
3416 1832 56 27 est

2594 1866 110 26 d'être
2735 1868 114 32 loyale
2879 1875 128 21 envers
3038 1877 46 18 un
3114 1877 131 25 garçon
3276 1873 58 31 qui
3365 1873 22 24 i
3410 1872 56 26 été

2592 1906 135 32 parfait
2752 1914 86 19 avec
2864 1915 87 19 vous
2976 1916 4 22 ;
3008 1909 22 25 il
3056 1912 86 24 vaut
3167 1911 117 25 mieux
3308 1912 46 24 lui
3379 1908 85 32 faire

2594 1945 41 26 de
2667 1946 33 25 la
2729 1947 101 32 peine
2861 1948 225 28 maintenant
3116 1957 66 25 que
3213 1951 41 25 de
3286 1952 28 24 le
3347 1952 125 25 laisser

2592 1985 142 32 espérer
2774 1987 79 31 plus
2896 1987 209 34 longtemps.
3149 1989 213 27 Ecrivez-lui
3405 1998 67 19 une

2593 2024 104 26 lettre
2719 2025 76 26 très
2821 2026 148 26 franche
2994 2034 41 19 en
3061 2028 207 33 expliquant
3292 2037 67 25 que
3384 2038 89 18 vous

2592 2070 89 19 vous
2701 2065 74 25 êtes
2796 2066 158 32 trompée
2974 2074 61 18 sur
3053 2074 63 19 vos
3136 2069 212 26 sentiments
3368 2069 21 26 à
3408 2077 63 18 son

2594 2102 108 33 égard
2737 2106 34 24 et
2805 2111 67 26 que
2906 2113 88 18 vous
3029 2107 46 25 lui
3112 2108 126 25 rendez
3273 2116 41 18 sa
3348 2109 123 26 liberté

2593 2142 101 29 étant
2719 2143 81 26 sûre
2824 2144 42 26 de
2891 2151 42 19 ne
2957 2152 64 26 pas
3046 2147 74 26 être
3145 2148 146 31 capable
3315 2149 41 25 de
3382 2149 89 25 faire

2593 2189 63 19 son
2684 2183 167 26 bonheur.
2881 2184 124 26 Evitez
3032 2186 40 25 de
3100 2187 30 24 le
3157 2187 124 30 revoir,
3310 2194 60 19 car
3397 2188 74 26 rien

2594 2228 42 18 ne
2662 2222 29 24 le
2717 2223 144 31 guérira
2887 2224 117 25 mieux
3030 2232 66 25 que
3123 2226 187 27 l'absence.

2633 2272 92 25 Pour
2761 2280 99 24 vous,
2901 2275 92 25 cette
3030 2276 123 26 inutile
3190 2279 172 25 aventure
3399 2279 72 26 doit

2594 2312 74 25 être
2700 2319 67 19 une
2798 2313 122 26 sévère
2952 2315 97 31 leçon
3089 2315 6 25 !
3130 2316 52 26 Ne
3212 2323 104 27 soyez
3347 2325 63 26 pas
3442 2319 30 25 si

2594 2351 115 32 légère
2728 2352 22 25 à
2769 2353 158 26 l'avenir.
2951 2355 41 26 Je
3011 2362 88 19 vous
3120 2356 163 26 souhaite
3304 2358 67 25 bon
3391 2365 80 18 cou-

2595 2397 93 25 rage.

2593 2494 41 40 *
2661 2497 86 30 Mme
2775 2498 182 32 PALMIERI
2986 2511 27 18 c.
3038 2513 28 17 a.
3092 2512 38 24 o-,
3156 2503 49 33 47,
3232 2513 52 19 rue
3310 2502 160 36 Cambon,

2592 2542 90 35 Paris,
2722 2542 161 32 demande
2922 2547 52 36 qui
3014 2558 113 27 pourra
3167 2546 37 31 lui
3244 2560 149 26 procurer
3431 2561 37 18 un

2592 2588 92 38 jeune
2710 2587 90 32 chien
2826 2592 53 36 qui
2906 2589 120 37 chasse,
3054 2591 122 39 braque
3202 2593 202 31 St-Germain
3436 2592 32 40 (à

2591 2632 112 31 taches
2733 2636 91 36 jaune
2854 2634 106 39 clair).
2992 2635 17 31 Il
3039 2639 97 29 serait
3163 2638 63 30 très
3256 2638 72 31 bien
3358 2641 111 38 soigné

2591 2682 34 27 et
2647 2680 111 29 vivrait
2783 2682 16 28 à
2825 2679 26 32 la
2879 2693 194 28 campagne.

2591 2783 38 41 *
2651 2786 117 31 PETITE
2789 2787 250 33 MALGACHE.
3064 2792 26 28 10
3112 2791 45 30 Un
3178 2793 141 38 mariage
3340 2791 40 31 de
3401 2794 70 38 pré-

2590 2834 159 29 sentation
2784 2833 110 40 peut-il
2928 2838 156 36 apporter
3117 2838 61 37 joie
3210 2841 33 26 et
3276 2837 141 32 bonheur
3452 2838 16 31 ?

2589 2879 33 28 2"
2657 2878 67 31 Une
2758 2880 91 37 jeune
2880 2879 62 31 fille
2973 2880 158 39 française
3165 2882 153 40 peut-elle
3350 2883 120 31 s'accli-

2590 2927 101 27 mater
2724 2924 212 40 rapidement,
2969 2929 33 27 et
3034 2938 68 20 sans
3135 2929 224 30 inconvénient
3391 2942 78 27 pour

2589 2980 31 19 sa
2644 2971 101 34 santé,
2767 2982 37 19 au
2827 2970 119 40 Congo
2968 2984 38 18 ou
3030 2974 15 28 à
3071 2972 218 40 Madagascar
3314 2974 15 30 ?
3352 2974 116 38 Quelle

2589 3018 49 27 est
2669 3014 25 32 la
2727 3014 99 32 durée
2857 3018 156 29 minimum
3045 3017 72 32 d'un
3149 3020 103 38 séjour
3282 3032 37 18 en
3350 3020 119 40 Angle-

2587 3063 84 28 terre
2708 3073 78 27 pour
2819 3062 184 40 apprendre
3038 3068 219 28 couramment
3290 3064 26 32 la
3352 3065 117 41 langue

2588 3105 144 40 anglaise
2760 3107 15 30 ?

2628 3199 55 26 Un
2719 3200 160 33 mariage
2915 3201 42 26 de
2993 3202 245 32 présentation
3273 3206 85 31 peut
3394 3205 74 26 être

2588 3239 257 33 parfaitement
2870 3241 157 27 heureux
3051 3243 138 32 lorsque
3213 3244 34 25 la
3269 3244 197 31 confiance,

2588 3279 36 25 la
2663 3280 214 32 sympathie,
2918 3281 79 32 puis
3037 3282 150 26 l'amour
3226 3284 161 26 naissent
3427 3285 41 25 de

2590 3319 92 27 cette
2717 3320 197 31 rencontre,
2951 3321 57 33 qui
3043 3322 91 27 n'est
3170 3323 129 32 qu'une
3334 3324 134 26 chance

2588 3360 135 26 donnée
2750 3367 45 20 au
2823 3361 127 26 destin.

2623 3413 55 26 On
2702 3414 83 31 peut
2810 3413 182 32 s'adapter
3015 3413 79 32 plus
3118 3420 43 19 ou
3185 3413 115 26 moins
3324 3414 72 25 vite
3419 3422 47 19 au

2585 3452 123 26 climat
2743 3452 41 26 de
2820 3452 177 27 certaines
3032 3452 163 30 colonies,
3233 3453 96 26 selon
3364 3453 101 26 l'état

2587 3492 42 25 de
2664 3492 103 26 santé
2802 3493 34 25 et
2870 3492 51 26 les
2956 3492 229 33 dispositions
3220 3493 246 32 particulières

2587 3531 250 33 personnelles.
2884 3531 92 26 Pour
3018 3532 100 25 avoir
3160 3532 61 25 des
3263 3532 202 32 renseigne-

2585 3573 118 25 ments
2735 3571 114 34 précis
2882 3579 62 18 sur
2972 3579 60 18 ces
3066 3571 163 30 colonies,
3264 3572 135 25 écrivez
3446 3571 21 26 à

2586 3612 144 26 l'Office
2752 3612 145 26 Central
2920 3612 61 26 des
3003 3611 174 31 Colonies,
3203 3612 44 31 11,
3273 3619 61 19 rue
3359 3612 107 26 Tron-

2587 3653 90 30 chet,
2704 3652 113 26 Paris.
2843 3652 28 25 Il
2896 3652 59 32 n'y
2978 3659 21 19 a
3022 3659 64 26 pas
3110 3652 41 27 de
3174 3652 114 33 règles
3311 3653 155 32 précises

2586 3700 87 26 pour
2724 3694 33 25 la
2807 3693 106 26 durée
2964 3693 41 27 de
3056 3693 130 25 l'étude
3236 3693 104 25 d'une
3391 3693 74 25 lan-

2586 3740 76 26 gue.
2685 3733 92 26 Tout
2797 3733 135 33 dépend
2954 3733 45 26 du
3020 3732 105 33 degré
3146 3733 42 27 de
3209 3732 258 27 connaissance

2585 3774 106 32 qu'on
2716 3773 115 25 désire
2856 3772 164 34 acquérir
3045 3774 34 25 et
3104 3773 61 25 des
3191 3773 181 33 aptitudes
3398 3780 67 25 que

2587 3813 69 26 l'on
2688 3820 30 19 a.
2754 3812 234 26 Ecrivez-moi
3022 3812 244 30 directement,
3300 3813 34 25 la
3365 3813 100 32 place

2587 3860 55 18 me
2677 3859 153 26 manque
2865 3859 87 26 pour
2988 3852 170 32 répondre
3193 3851 22 26 à
3249 3853 118 25 toutes
3402 3859 63 18 vos

2585 3892 193 33 questions.

2650 3986 64 38 Qui
2739 3987 141 39 pourrait
2903 3984 121 32 donner
3047 3986 62 30 soit
3130 3997 38 18 un
3193 3983 125 42 couple,
3342 3986 61 29 soit
3425 3997 38 18 un

2587 4032 91 36 mâle,
2712 4031 42 32 de
2787 4043 109 20 saxons
2929 4031 109 31 blancs
3070 4044 38 18 ou
3144 4030 171 41 panachés,
3349 4044 38 18 ou
3423 4030 42 31 de

2588 4077 185 37 bouvreuils,
2801 4080 16 29 à
2847 4077 74 32 Mlle
2949 4078 199 37 DARMON,
3180 4079 41 34 17,
3250 4077 92 40 place
3369 4077 40 31 de
3437 4076 26 32 la

2588 4125 134 36 Liberté,
2762 4126 16 30 à
2819 4123 274 33 Saint-Chamond
3138 4121 121 41 (Loire)
3295 4124 15 29 ?
3354 4124 111 30 Merci.
