7618 5004
1000 1856 200 240 LE

616 2216 60 244 NOUVEAU

836 2584 520 244 VENU

844 3292 271 36 NOUVELLE
1152 3287 206 42 INÉDITE

1065 3367 74 34 PAR

842 3433 202 42 ÉTIENNE
1079 3441 280 35 ANTHERIEU

605 3765 210 29 C'É".I'AIT
919 3771 9 17 R
973 3772 124 22 SOIR
1139 3772 73 23 DE
1255 3773 143 23 LE(TR
1443 3773 99 24 VIE.

771 3865 13 21 !

603 3914 87 23 n.s
717 3915 28 22 l'
767 3914 73 23 L'II
855 3915 168 22 siiI:\R
1040 3912 413 27 PAIS'IBLE,U":NT
1473 3916 73 23 M:

604 4056 173 24 LEI'RS
790 4056 316 28 SOr'FIÎA'/llS,
1122 4057 249 31 1.0K.*t»r"r
1385 4058 36 23 JV
1429 4059 133 30 JOVMT

607 4199 68 23 (T,V
720 4199 248 23 NO("'EA(T
1015 4199 138 24 'l'E."V
1201 4200 176 23 PARLA.
1429 4201 117 24 ET...

1709 1579 13 12 *
1747 1557 30 35 Il
1806 1557 83 34 faut
1917 1568 158 32 pousser
2103 1568 73 23 une
2202 1556 110 44 grille
2339 1556 45 34 de
2415 1555 59 35 fer
2500 1555 62 44 qui
2591 1561 134 29 tourne
2753 1566 65 23 sur
2844 1555 65 34 des
2936 1554 121 45 gonds
3084 1553 87 35 bien
3197 1552 123 36 huilés
3348 1558 35 29 et

1716 1619 175 27 raverser
1917 1620 72 23 une
2014 1619 91 24 cour
2131 1607 131 41 dallée,
2289 1605 148 45 plantée
2463 1606 197 35 d'acacias.

1753 1660 62 35 Au
1840 1667 128 29 centre
1992 1660 110 34 d'une
2129 1659 134 44 façade
2288 1659 44 34 de
2357 1658 136 44 pierre,
2518 1658 150 35 s'ouvre
2692 1658 32 36 le
2751 1658 138 44 porche
2913 1657 45 35 de
2983 1656 35 36 la
3042 1656 181 44 chapelle,
3248 1655 137 36 décoré

1698 1710 111 36 d'une
1836 1710 107 34 croix
1970 1721 83 23 nue.
2079 1709 63 35 Un
2170 1709 167 34 écriteau
2363 1709 130 41 invite,
2521 1720 44 22 en
2593 1708 129 35 lettres
2748 1707 212 45 gothiques,
2987 1707 23 35 à
3042 1719 18 21 «
3089 1718 139 23 sonner
3257 1706 79 35 fort
3365 1719 18 20 »

1697 1768 38 28 et
1760 1761 73 35 l'on
1859 1762 130 34 attend
2014 1773 71 31 que
2110 1760 253 36 s'entrebâille
2391 1760 32 35 le
2447 1759 114 45 judas
2586 1760 49 34 du
2661 1760 191 43 portillon,
2879 1758 125 36 tandis
3029 1770 71 33 que
3126 1758 33 37 le
3183 1758 201 35 tintement

1697 1811 208 42 s'éternise,
1934 1811 136 40 feutré,
2096 1823 46 23 au
2168 1822 117 23 creux
2310 1811 48 34 du
2384 1810 183 34 corridor.

1756 1862 54 36 La
1837 1863 122 34 bonne
1988 1875 100 22 sœur
2115 1868 249 29 trotte-menu
2392 1861 61 44 qui
2482 1868 156 28 accourt
2666 1867 36 29 et
2729 1872 95 24 vous
2852 1860 181 35 accueille
3061 1868 55 29 est
3146 1860 176 44 toujours
3349 1859 36 36 la

1695 1913 134 41 même,
1856 1925 87 23 sans
1971 1913 99 34 rides
2097 1920 36 27 et
2158 1912 110 35 d'une
2295 1911 131 44 pâleur
2451 1912 45 34 de
2522 1911 156 44 prières,
2705 1923 94 23 avec
2825 1922 68 23 son
2921 1910 173 44 chapelet
3119 1911 45 34 de
3190 1910 83 34 buis
3299 1909 85 46 gré-

1698 1964 127 35 sillant
1847 1963 21 36 à
1891 1964 35 34 la
1950 1964 169 34 ceinture
2143 1970 36 28 et
2200 1975 58 23 ses
2280 1974 100 32 yeux
2402 1962 184 35 d'enfant.

1756 2015 61 35 On
1846 2015 155 43 pénètre
2029 2015 97 35 ainsi
2157 2015 94 34 dans
2280 2014 179 43 l'hospice
2489 2014 65 34 des
2584 2013 206 42 vieillards,
2822 2013 96 35 celui
2947 2013 45 35 de
3022 2024 88 24 mon
3140 2013 150 44 village.
3324 2012 60 36 On

1698 2065 122 35 baisse
1845 2065 35 35 la
1903 2066 101 40 voix,
2029 2077 48 23 on
2101 2076 144 24 avance
2269 2076 64 23 sur
2357 2064 35 35 la
2415 2063 127 45 pointe
2566 2064 65 34 des
2654 2063 105 44 pieds
2783 2064 21 34 à
2829 2070 149 28 travers
3003 2069 59 28 cet
3085 2063 67 35 îlot
3178 2075 44 23 en
3245 2062 140 36 dehors

1698 2117 48 34 du
1768 2117 147 41 monde,
1937 2116 48 35 où
2006 2116 185 35 abordent
2213 2116 52 34 les
2288 2116 114 34 vieux
2424 2127 70 32 que
2516 2115 35 34 la
2573 2115 59 35 vie
2656 2115 148 44 rejette,
2827 2126 95 32 pour
2944 2127 22 31 y
2989 2114 186 41 attendre,
3198 2114 82 44 plus
3304 2120 82 29 tout

1699 2167 23 35 à
1746 2167 71 35 fait
1840 2167 164 42 vivants,
2028 2179 67 32 pas
2120 2178 136 24 encore
2281 2173 130 35 morts,
2435 2178 71 32 que
2530 2165 136 36 vienne
2691 2166 82 34 leur
2797 2172 86 28 tour
2908 2166 45 34 de
2980 2165 174 35 franchir
3179 2165 53 35 les
3257 2171 128 38 portes

1702 2218 154 35 froides.

1747 2269 158 42 Enfant,
1928 2282 48 23 on
2000 2269 74 44 m'y
2098 2268 213 36 conduisait
2336 2280 45 23 en
2404 2268 242 44 promenade,
2671 2274 34 28 et
2729 2267 36 35 la
2789 2268 109 34 Mère
2921 2267 220 45 supérieure
3166 2267 220 44 récompen-

1699 2321 71 34 sait
1794 2333 60 22 ma
1878 2321 111 34 visite
2014 2321 111 34 d'une
2149 2320 140 44 dragée
2314 2331 84 23 rose
2421 2331 48 23 ou
2493 2319 110 35 d'une
2627 2319 124 44 image
2775 2320 111 34 naïve
2911 2327 35 27 et
2970 2318 224 36 enluminée.
3221 2319 164 35 Mainte-

1700 2377 90 29 nant
1815 2371 54 45 j'y
1896 2372 149 35 reviens
2073 2378 160 28 souvent
2259 2371 94 34 mais
2378 2382 96 32 pour
2498 2382 23 32 y
2546 2370 133 44 glaner
2704 2370 166 35 d'autres
2898 2369 275 44 récompenses.

1755 2423 152 35 L'autre
1933 2424 100 43 jour,
2060 2423 67 44 j'ai
2154 2422 97 36 senti
2278 2422 65 35 dès
2371 2421 155 36 l'entrée
2551 2422 113 43 qu'un
2693 2421 222 37 événement
2941 2422 130 35 venait
3099 2422 61 44 d'y
3185 2422 200 44 perturber

1699 2473 33 35 le
1759 2473 260 36 déroulement
2047 2473 167 36 familier
2240 2473 65 35 des
2331 2473 136 34 heures
2494 2472 266 35 somnolentes.
2787 2472 130 34 Avant
2943 2472 120 35 même
3089 2484 71 32 que
3187 2473 38 43 je
3252 2472 135 36 l'eusse

1699 2525 227 44 interrogée,
1952 2525 34 35 la
2011 2525 109 35 Mère
2145 2524 220 44 supérieure
2389 2536 58 23 me
2472 2523 188 36 conduisit
2683 2523 22 35 à
2727 2523 36 36 la
2788 2523 149 36 fenêtre
2962 2531 34 29 et
3021 2535 58 24 me
3103 2531 162 37 montra,
3289 2525 97 35 assis

1700 2576 81 34 côte
1804 2575 21 35 à
1848 2575 81 35 côte
1952 2587 88 23 sous
2062 2575 173 42 l'olivier,
2258 2586 72 23 une
2353 2574 208 35 minuscule
2586 2573 123 35 vieille
2731 2573 279 44 parcheminée,
3034 2573 111 37 sèche
3169 2586 144 24 comme
3337 2586 50 24 un

1698 2628 146 34 dessert
1866 2628 44 34 de
1934 2626 161 42 carême,
2119 2633 35 29 et
2177 2638 50 23 un
2249 2626 90 45 long
2360 2626 176 35 vieillard
2557 2625 126 43 voûté,
2707 2625 201 43 décharné,
2932 2625 115 36 coiffé

1696 2677 109 35 d'une
1831 2683 192 38 casquette
2047 2677 107 35 bleue
2182 2676 21 35 à
2228 2676 138 36 visière
2392 2677 44 35 de
2462 2676 92 35 cuir.

1751 2749 48 5 —
1823 2728 121 35 Notre
1970 2740 185 31 nouveau,
2181 2740 59 23 me
2264 2728 156 42 dit-elle,
2446 2728 24 34 il
2496 2736 56 28 est
2577 2727 128 36 arrivé
2730 2739 41 24 ce
2796 2727 118 36 matin
2939 2728 45 35 de
3009 2728 36 36 la

1698 2777 190 43 Rochane,
1926 2779 32 34 le
1994 2778 162 36 hameau
2192 2779 62 43 qui
2292 2778 146 44 dépend
2475 2779 44 34 de
2556 2784 108 29 notre
2702 2789 209 31 commune,
2949 2789 96 33 pour
3221 2785 92 37 Wfe
3352 2807 28 15 ♦
3398 2795 29 27 5|

1697 2830 190 41 l'hospice.
1918 2830 107 35 Nous
2054 2842 46 25 ne
2129 2841 139 24 savons
2297 2841 160 30 presque
2488 2829 79 36 rien
2596 2830 45 35 de
2671 2829 63 42 lui,
2764 2841 148 24 encore.
2943 2829 101 36 Mais
3126 2832 6 14 '
3167 2820 157 49 w/mfl
3338 2842 10 3 "
3392 2820 35 49 Ê

1699 2892 129 24 voyez,
1855 2879 25 36 il
1907 2886 56 29 est
1989 2892 46 23 en
2062 2881 100 34 train
2190 2881 44 34 de
2261 2880 189 35 bavarder
2476 2891 92 24 avec
2595 2880 239 35 Andrivette.
2863 2880 109 35 Nous
2999 2892 47 24 ne
3109 2885 9 6 '
3250 2880 84 36 §K§
3391 2869 36 53 1]

1698 2932 200 34 tarderons
1922 2943 66 32 pas
2013 2931 21 35 à
2058 2932 33 34 le
2116 2931 208 35 connaître.
3198 2962 24 21 \
3260 2920 87 63 1*%
3382 2920 45 55 M

1756 2983 74 35 Par
1854 2982 112 43 petits
1989 2994 176 31 groupes,
2188 2983 94 35 dans
2305 2982 33 36 le
2359 2982 130 43 jardin
2513 2983 130 42 calme,
2666 2983 54 35 les
2740 2983 197 35 vieillards
2960 2995 84 30 pre-

1698 3033 130 35 naient
1856 3033 33 35 le
1918 3033 118 38 soleil,
2065 3045 45 23 en
2139 3039 203 35 arpentant
2371 3033 53 35 les
2454 3033 125 35 allées.
3131 3023 89 52 V^r
3244 3026 183 59 ^'>3^

1746 3084 51 35 Le
1817 3096 174 23 nouveau
2012 3084 91 36 était
2123 3085 78 35 seul
2223 3096 64 23 sur
2306 3085 33 35 le
2358 3085 107 41 banc,
2486 3084 85 44 près
2592 3084 277 36 d'Andrivette.
2891 3085 30 34 Il
2942 3085 104 35 avait

1699 3135 163 44 compris
1888 3135 133 44 qu'elle
2049 3135 91 35 était
2165 3136 150 39 sourde,
2342 3142 46 36 et,
2415 3136 130 35 timide
2571 3147 149 30 encore,
2746 3136 24 34 il
2796 3148 39 23 se
2862 3136 184 43 résignait

1696 3186 22 36 à
1741 3186 125 36 élever
1889 3186 34 35 la
1946 3186 90 35 voix
2059 3186 151 44 lorsque
2233 3198 186 32 personne
2443 3198 46 23 ne
2512 3186 53 36 les
2588 3187 206 44 regardait.
3131 3177 77 45 «F
3223 3177 46 62 S
3285 3187 70 52 .j,.?,
3382 3201 45 38 yi

1866 3273 21 16 «
1909 3267 131 23 VOUS
2068 3260 188 29 N'ÊTES
2293 3265 66 22 PAS
2427 3264 43 24 D'ICI
2470 3264 14 24 »
2484 3264 74 24 DIT-ELLE

1756 3315 76 37 Son
1860 3316 190 36 vêtement
2077 3328 96 30 noir,
2200 3327 49 24 un
2277 3328 71 31 peu
2374 3316 141 35 luisant
2541 3328 76 23 aux
2644 3316 191 43 manches,
2863 3316 91 37 était
2980 3323 65 29 net

1697 3371 35 31 et
1756 3366 85 35 bien
1865 3366 142 35 brossé.
2034 3366 117 35 Buste
2176 3366 150 42 incliné,
2353 3367 138 34 coudes
2516 3378 65 23 sur
2606 3367 56 34 les
2682 3378 154 33 genoux
2862 3375 35 27 et
2922 3367 121 36 mains

1696 3417 154 45 jointes,
1875 3417 24 34 il
1923 3417 151 44 gardait
2097 3417 94 35 dans
2215 3417 33 35 le
2273 3429 109 32 repos
2407 3417 187 36 l'attitude
2618 3418 44 35 de
2686 3429 97 24 ceux
2805 3418 62 44 qui
2892 3419 153 35 usèrent

1698 3468 85 35 bien
1803 3468 65 36 des
1887 3468 109 44 jours
2016 3467 21 36 à
2058 3480 38 24 se
2115 3467 165 45 pencher
2300 3480 88 23 vers
2408 3469 35 34 la
2463 3475 101 29 terre
2585 3476 36 28 et
2641 3469 91 35 dont
2753 3469 53 35 les
2828 3469 101 36 reins
2950 3482 95 23 sem-

1697 3519 102 35 blent
1822 3518 109 37 avoir
1954 3519 78 44 pris
2056 3530 41 24 ce
2119 3519 63 44 pli.

1742 3591 48 4 —
1816 3570 126 41 Alors,
1972 3582 143 23 comme
2144 3582 56 32 ça,
2228 3570 52 35 lui
2308 3570 113 36 disait
2450 3570 240 43 Andrivette,
2721 3583 44 24 en
2795 3571 249 45 écarquillant

1699 3633 87 23 vers
1813 3621 49 35 lui
1890 3633 63 23 ses
1976 3633 100 32 yeux
2105 3621 136 35 faibles
2268 3633 71 33 que
2367 3621 263 46 protégeaient
2657 3623 65 34 des
2749 3634 130 24 verres
2909 3623 137 43 fumés,

1698 3684 94 23 vous
1818 3672 118 36 n'êtes
1962 3684 67 32 pas
2055 3672 85 35 d'ici
2176 3671 14 36 ?

1744 3744 50 6 —
1820 3723 99 42 Non,
1949 3723 256 44 répondait-il.
2233 3723 44 45 Je
2305 3723 78 36 suis
2412 3724 44 35 de
2486 3724 35 35 la
2551 3724 192 36 Rochane.
2771 3724 61 45 J'y
2859 3725 108 36 avais
2996 3738 49 22 un

1697 3774 103 45 lopin
1830 3775 45 35 de
1905 3774 134 45 vignes
2068 3786 71 33 que
2168 3774 196 45 j'arrivais
2395 3775 21 34 à
2447 3775 161 36 cultiver
2638 3782 81 30 tant
2749 3776 87 36 bien
2867 3789 71 32 que
2968 3777 75 35 mal

1699 3825 21 35 à
1752 3826 134 39 petites
1918 3825 192 40 journées.
2147 3825 47 35 Et
2228 3826 65 35 des
2327 3826 144 35 voisins
2505 3838 58 24 me
2597 3828 280 37 demandaient,
2910 3828 135 38 par-ci,

1697 3876 135 44 par-là,
1861 3888 50 24 un
1939 3888 96 32 coup
2061 3876 45 36 de
2133 3876 102 35 main
2262 3888 95 33 pour
2385 3877 153 45 soigner
2565 3878 54 36 les
2644 3879 136 44 jeunes
2808 3880 164 44 greffes.
3000 3880 44 44 Je
3090 3864 8 65 j

1698 3928 61 35 l'ai
1787 3928 70 35 fait
1881 3929 165 43 pendant
2072 3928 30 36 si
2127 3928 248 45 longtemps...
2399 3929 44 45 Je
2467 3929 177 44 vivotais,
2669 3930 87 45 quoi
2792 3930 45 36 !...
3092 3946 6 20 -,

1742 3999 49 5 —
1817 3978 93 43 Moi,
1934 3978 115 36 disait
2073 3979 240 42 Andrivette,
2336 3979 40 42 je
2401 3979 77 36 suis
2503 3980 47 35 ici
2576 3980 20 36 à
2623 3992 112 25 cause
2760 3982 45 34 de
2828 3993 79 24 mes
2932 3993 111 28 yeux.
3090 3969 8 60 ]

1697 4028 100 36 C'est
1818 4029 22 35 à
1861 4029 109 38 peine
1992 4030 30 35 si
2044 4029 55 38 j'y
2120 4030 83 35 vois
2225 4041 95 26 pour
2342 4042 58 24 me
2423 4031 192 36 conduire.
2639 4032 49 35 Et
2709 4032 132 37 depuis
2863 4044 71 26 que
2957 4044 88 23 mon

1701 4080 64 36 fils
1791 4088 56 28 est
1871 4086 134 30 mort...
3089 4068 9 68 j

1752 4153 48 4 —
1819 4131 61 35 Ah
1913 4131 6 35 !
1943 4132 53 39 dit
2017 4132 33 36 le
2071 4145 188 30 nouveau,
2280 4140 109 30 votre
2408 4132 94 37 'fils...
2523 4133 94 42 Moi,
2638 4134 139 41 j'avais
2797 4148 74 24 une
2893 4135 72 36 fille
2999 4136 44 36 !...
3089 4121 9 54 ]

1752 4182 49 35 Ils
1827 4194 38 23 se
1892 4183 256 36 recueillirent
2172 4185 166 43 pendant
2362 4196 71 32 que
2458 4184 53 35 les
2537 4185 149 35 ombres
2712 4186 203 44 passaient.
2943 4187 105 35 Mais
3088 4173 10 55 j

1696 4233 52 36 les
1768 4233 137 37 heures
1927 4243 85 28 sont
2033 4235 117 42 vides,
2170 4242 235 35 monotones,
2427 4235 285 38 interminables
2733 4237 21 36 à
2776 4237 180 45 l'hospice
2976 4239 66 36 des
3095 4247 3 29 ;

1697 4283 205 36 vieillards.
1931 4283 127 44 Alors,
2087 4285 229 37 Andrivette
2346 4286 118 44 reprit
2502 4298 8 23 :

1743 4355 48 5 —
1818 4335 48 34 Et
1894 4347 143 25 comme
2065 4348 55 32 ça,
2148 4348 94 24 vous
2269 4337 79 36 êtes
2376 4337 45 36 de
2448 4337 36 36 la
2512 4337 181 37 Rochane
2732 4338 7 35 !
2768 4339 60 45 J'y
2856 4339 35 36 ai
2920 4352 125 23 connu

1696 4385 200 45 quelqu'un
1918 4386 25 35 il
1964 4399 23 32 y
2008 4399 21 23 a
2051 4386 224 46 longtemps.

1750 4437 82 36 Elle
1867 4437 59 37 rit.
1960 4437 63 37 Un
2056 4438 76 36 rire
2166 4438 107 43 fluet,
2307 4438 100 37 resté
2443 4439 107 44 frais,
2584 4440 136 37 sortait
2753 4442 45 35 de
2831 4454 69 23 son
2933 4454 110 34 corps

1697 4487 106 36 cassé
1825 4499 68 33 par
1917 4488 107 45 l'âge.

4006 519 49 4 —
4080 497 60 34 Ah
4178 497 7 35 !
4211 496 127 45 j'étais
4365 507 72 24 une
4462 496 177 43 jeunesse
4664 494 21 35 à
4710 493 180 44 l'époque.
4919 493 93 34 Mon
5037 491 88 44 père
5152 489 92 37 était
5269 489 168 45 proprié-

3963 549 96 35 taire
4086 549 44 34 de
4157 547 36 35 la
4220 547 146 35 maison
4394 546 22 35 à
4442 545 155 35 l'entrée
4623 545 48 35 du
4699 544 139 43 village
4865 555 93 23 avec
4985 554 40 23 ce
5053 541 137 44 portail
5217 540 48 35 où
5292 540 146 44 grimpe

3962 599 35 34 le
4028 599 124 40 lierre,
4184 609 94 23 vous
4309 609 123 23 savez.
4466 596 50 34 Ils
4549 607 44 23 en
4626 602 65 28 ont
4725 594 71 35 fait
4828 605 72 24 une
4932 593 113 41 école,
5077 592 246 35 maintenant.
5357 591 82 34 Elle

3964 649 157 35 donnait
4145 660 64 23 sur
4232 648 35 35 la
4292 647 106 44 place
4421 646 49 34 où
4495 658 39 23 se
4558 645 119 35 tenait
4701 645 35 35 la
4763 644 77 35 fête
4864 644 48 34 du
4937 655 103 32 pays.
5066 643 57 34 De
5149 653 86 23 mon
5260 647 120 37 temps
5404 641 35 34 la

3967 700 76 34 fête
4070 699 92 35 était
4187 710 72 23 une
4285 697 260 44 réjouissance
4571 695 190 45 générale,
4787 694 249 35 l'événement
5061 693 45 35 de
5132 691 157 36 l'année.
5316 691 124 36 Main-

3965 756 142 35 tenant,
4135 760 94 24 avec
4255 749 102 34 leurs
4386 747 177 41 cinémas,
4591 747 101 34 leurs
4722 744 260 42 automobiles,
5012 744 35 34 la
5075 744 176 44 jeunesse
5279 755 48 22 va
5356 742 21 34 à
5407 742 35 34 la

3966 800 99 35 ville.
4094 800 106 34 Nous
4228 805 139 34 autres,
4394 798 53 34 les
4477 797 111 41 filles,
4615 796 173 44 passions
4815 795 133 34 l'hiver
4975 794 21 35 à
5023 793 192 36 combiner
5241 793 53 34 les
5322 793 120 40 robes,

3968 851 181 44 préparer
4178 851 65 33 des
4273 848 145 42 confits,
4447 849 65 33 des
4542 846 270 41 charcuteries,
4842 846 65 34 des
4939 844 217 36 friandises.
5187 844 58 35 De
5276 850 83 29 tous
5388 844 55 34 les

3968 901 160 43 villages
4152 900 155 41 voisins,
4331 900 53 34 les
4408 910 89 33 gars
4520 898 179 36 venaient
4722 896 22 35 à
4767 896 59 35 six
4849 908 49 23 ou
4919 895 85 37 huit
5027 907 65 23 sur
5114 906 73 24 une
5211 893 174 43 carriole,
5408 899 37 29 et

3967 951 194 43 beaucoup
4194 949 233 44 repartaient
4458 948 150 35 fiancés.
4654 947 101 35 Mais
4786 958 94 23 vous
4911 958 93 22 avez
5035 956 123 23 connu
5202 956 41 23 ce
5288 951 154 36 temps,..

4017 1002 52 35 Le
4093 1013 187 29 nouveau,
4305 1000 176 44 toujours
4505 999 75 35 tête
4603 999 120 40 basse,
4749 997 174 44 répondit
4946 996 110 35 d'une
5079 995 91 35 voix
5195 995 136 35 sourde
5365 1006 8 23 :

4016 1072 49 6 —
4088 1052 72 44 J'ai
4186 1062 124 24 connu
4333 1062 41 23 ce
4397 1056 132 37 temps,
4553 1049 74 34 moi
4651 1048 102 35 aussi
4788 1048 45 34 !...

4023 1102 187 42 Barnabé,
4235 1102 160 35 l'ancien
4421 1100 181 42 fleuriste,
4629 1097 266 46 s'approchait,
4920 1103 200 38 menaçant
5144 1096 46 36 de
5214 1096 35 35 la
5274 1095 176 36 sarclette

3972 1155 53 35 les
4050 1154 98 35 seuls
4172 1154 104 34 brins
4300 1152 152 36 d'herbe
4479 1152 91 35 folle
4593 1153 46 33 de
4663 1150 131 42 l'allée,
4819 1148 156 45 poussés
4999 1149 102 43 juste
5124 1148 139 35 devant
5287 1148 32 35 le
5343 1147 107 34 banc.

3975 1205 31 35 Il
4033 1204 144 36 tend^it
4204 1203 156 35 l'oreille
4388 1202 121 35 restée
4535 1202 136 39 bonne,
4698 1201 94 34 mais
4820 1201 33 34 le
4880 1211 175 24 nouveau
5083 1198 124 36 s'était
5233 1205 50 28 tu.

4197 1295 108 23 PENDANT
4305 1295 40 23 LA
4345 1295 97 23 FÊTE,
4478 1296 11 22 UN
4489 1296 52 22 ÉTRANGER....

4025 1377 49 5 —
4100 1355 137 36 C'était
4261 1356 101 33 donc
4388 1355 165 43 pendant
4579 1353 35 35 la
4643 1353 89 41 fête,
4760 1363 144 24 comme
4930 1351 39 44 je
4995 1361 95 24 vous
5117 1349 34 35 le
5178 1348 129 42 disais,
5335 1348 118 44 reprit

3974 1406 240 43 Andrivette,
4239 1413 35 28 et
4297 1405 204 43 l'étranger
4525 1404 92 34 était
4638 1415 100 23 venu
4760 1414 51 23 un
4833 1401 131 42 matin,
4987 1412 64 23 sur
5074 1412 72 23 une
5169 1400 148 44 jument
5340 1399 114 35 arabe

3976 1458 92 34 dont
4096 1457 53 35 les
4178 1456 102 35 crins
4309 1455 205 35 traînaient
4543 1466 68 32 par
4640 1460 112 28 terre.
4783 1453 94 34 Mon
4906 1451 100 45 père,
5035 1451 62 44 qui
5128 1451 54 43 s'y
5211 1449 243 42 connaissait,

3977 1507 105 37 avait
4112 1507 49 35 lié
4192 1505 279 37 conversation.
4504 1505 51 35 Ils
4586 1504 201 35 devinrent
4818 1503 95 35 amis
4944 1509 82 28 tout
5058 1502 44 35 de
5135 1501 108 36 suite.
5277 1500 94 36 Père
5403 1499 52 35 lui

3978 1569 165 33 proposa
4170 1557 182 36 d'abriter
4380 1568 42 23 sa
4449 1556 84 35 bête
4561 1556 95 34 dans
4684 1562 109 27 notre
4823 1553 137 42 écurie,
4990 1553 22 35 à
5040 1552 83 35 côté
5153 1553 44 34 de
5227 1563 68 23 nos
5323 1557 134 38 quatre

3976 1609 226 36 boulonnais
4228 1609 46 36 de
4299 1608 145 41 labour,
4471 1606 63 45 qui
4562 1606 234 35 renâclaient
4821 1612 37 28 et
4882 1604 186 36 battaient
5093 1604 51 35 du
5171 1603 118 35 sabot.

4025 1672 45 44 Je
4089 1684 59 23 me
4168 1671 177 35 souviens
4366 1671 44 34 de
4430 1670 52 35 lui
4503 1681 143 23 comme
4667 1669 31 34 si
4718 1668 37 44 je
4776 1668 33 35 le
4828 1666 143 45 voyais.
4993 1666 137 39 C'était
5149 1676 49 24 un
5219 1676 88 33 gars
5328 1664 130 42 solide,

3980 1722 107 45 large
4110 1722 203 45 d'épaules,
4338 1733 73 23 une
4436 1720 164 36 chemise
4625 1718 210 36 échancrée
4860 1724 35 29 et
4920 1729 71 24 une
5017 1716 219 36 moustache
5261 1715 62 44 qui
5348 1726 110 33 pous-

3982 1773 73 36 sait
4076 1771 100 46 déjà.
4200 1773 31 34 Il
4253 1772 104 36 avait
4379 1771 72 36 tiré
4474 1783 51 23 un
4546 1770 172 36 mauvais
4741 1768 158 36 numéro
4922 1774 36 30 et
4980 1767 140 44 partait
5142 1766 145 36 bientôt
5309 1777 94 33 pour
5427 1766 33 34 le

3981 1825 145 35 service
4144 1825 94 34 dans
4257 1824 53 34 les
4329 1822 235 36 cuirassiers.
4585 1821 104 35 Mais
4704 1832 95 23 vous
4817 1820 119 35 l'avez
4955 1818 188 45 peut-être
5162 1828 122 24 connu
5304 1816 156 45 puisque

3980 1887 95 23 vous
4095 1876 79 35 êtes
4193 1875 46 35 de
4259 1874 36 36 la
4315 1873 180 36 Rochane
4523 1871 16 36 ?
4558 1872 108 35 Vous
4686 1871 176 44 pourriez
4882 1870 79 36 être
4981 1870 45 35 de
5047 1880 67 24 son
5134 1868 71 45 âge
5236 1868 7 35 !
5267 1868 30 34 Il
5318 1868 143 43 s'appe-

3982 1926 67 36 lait
4071 1925 115 36 Louis
4209 1925 166 35 Mitier...

4039 1998 48 5 —
4112 1977 116 35 Louis
4256 1976 144 42 Mitier,
4429 1974 118 45 reprit
4573 1974 35 36 le
4634 1985 174 24 nouveau
4835 1972 49 36 du
4911 1971 120 36 même
5058 1977 66 30 ton
5152 1969 174 44 exténué,
5353 1969 109 46 pardi

3983 2027 31 35 si
4038 2027 39 45 je
4102 2027 62 35 l'ai
4189 2038 124 23 connu
4348 2025 44 35 !...

4030 2098 49 6 —
4103 2078 45 44 Je
4171 2077 35 36 le
4231 2077 151 44 pensais
4408 2076 85 35 bien
4531 2075 7 35 !
4568 2075 51 35 Ils
4644 2086 47 24 ne
4717 2081 85 28 sont
4825 2085 68 33 pas
4918 2073 143 44 grands
5086 2084 68 23 nos
5179 2071 171 45 villages,
5377 2071 85 35 cha-

3983 2140 73 24 cun
4077 2129 55 44 s'y
4153 2127 164 37 connaît.
4338 2127 63 36 On
4421 2139 24 32 y
4465 2132 56 30 est
4542 2133 85 28 tous
4648 2137 50 24 un
4718 2137 72 32 peu
4809 2130 167 38 parents.

4023 2193 19 21 »
4062 2180 44 43 Je
4123 2191 59 24 me
4201 2179 179 35 souviens
4396 2177 90 45 qu'il
4508 2177 131 36 faisait
4657 2188 131 32 passer
4807 2184 84 29 tous
4910 2175 53 36 les
4982 2174 97 36 soirs
5098 2186 42 24 sa
5156 2174 148 44 jument
5322 2174 140 35 devant

3984 2243 62 23 ma
4071 2230 159 36 fenêtre.
4256 2229 29 35 Il
4308 2228 105 37 avait
4435 2228 121 36 tres-sé
4578 2240 42 23 sa
4642 2227 163 36 crinière
4826 2237 94 25 avec
4942 2227 45 34 de
5010 2225 35 36 la
5068 2224 99 36 laine
5190 2235 117 34 rouge
5330 2230 36 29 et
5389 2222 77 36 ciré

3985 2294 59 23 ses
4068 2281 138 36 sabots.
4232 2280 29 35 Il
4282 2293 24 31 y
4328 2279 131 36 tenait.

4043 2333 54 37 Le
4121 2344 176 24 nouveau
4321 2331 76 44 prit
4421 2343 43 23 sa
4488 2330 75 36 tête
4587 2330 95 35 dans
4706 2341 59 23 ses
4789 2328 133 36 mains.

4031 2403 50 6 —
4108 2383 275 44 Pomponnette
4407 2380 89 46 qu'il
4517 2380 206 44 l'appelait,
4749 2379 110 36 dit-il.

4040 2455 50 5 —
4110 2434 88 42 Oui,
4221 2434 89 37 c'est
4333 2433 92 41 cela,
4449 2432 276 44 Pomponnette
4758 2430 7 35 !
4790 2430 52 36 Le
4865 2441 88 24 nom
4974 2442 46 23 ne
5042 2441 59 23 me
5123 2428 172 36 revenait
5315 2440 78 32 pas.
5417 2428 50 35 Et

3986 2484 26 36 il
4031 2484 141 36 entrait
4191 2496 49 23 un
4260 2483 93 45 petit
4372 2489 167 29 moment
4558 2483 22 35 à
4599 2483 35 35 la
4654 2482 144 35 cuisine
4818 2481 81 35 dire
4918 2480 165 44 bonjour
5103 2486 36 29 et
5158 2479 105 35 boire
5283 2480 35 34 la
5338 2484 130 39 goutte

3987 2547 94 24 avec
4103 2535 54 36 les
4179 2535 183 41 hommes,
4386 2534 167 45 pendant
4576 2544 72 33 que
4670 2532 103 36 mère
4799 2539 34 29 et
4857 2532 75 35 moi
4956 2543 95 23 nous
5076 2530 205 36 achevions
5303 2530 47 35 de
5374 2540 95 24 nous

3988 2598 124 30 parer.
4136 2586 62 37 On
4220 2586 142 42 portait
4384 2586 65 35 des
4473 2585 109 36 robes
4605 2585 126 43 larges
4752 2583 22 35 à
4795 2583 86 36 n'en
4902 2583 83 44 plus
5008 2582 97 43 finir,
5127 2581 22 36 à
5172 2593 40 25 ce
5235 2580 233 43 moment-là,

4663 2646 93 25 avec
4784 2640 205 30 trente-six
5015 2644 140 34 jupons
5184 2638 37 29 et
5248 2638 65 29 des
5343 2642 126 24 corsa-

4663 2697 67 34 ges
4751 2686 45 35 de
4819 2685 111 41 satin,
4952 2691 35 29 et
5008 2684 45 36 de
5074 2684 142 45 grands
5238 2682 125 36 châles
5385 2682 84 34 bro-

4665 2737 77 35 dés.
4774 2736 53 36 Le
4858 2736 101 35 mien
4992 2734 92 36 était
5115 2734 34 35 le
5180 2734 83 44 plus
5295 2733 94 36 beau
5421 2733 50 34 du

4664 2788 151 44 village.

4724 2863 19 22 »
4770 2850 48 35 Et
4842 2848 83 46 puis
4948 2849 34 36 le
5005 2859 143 35 garçon
5171 2859 96 24 nous
5290 2846 180 36 escortait

4665 2900 151 46 jusqu'à
4841 2902 35 34 la
4900 2900 92 35 salle
5016 2900 45 35 de
5085 2899 72 42 bal,
5183 2905 35 29 et
5244 2898 24 35 il
5292 2910 59 23 me
5376 2903 95 29 rete-

4665 2952 81 36 nait
4778 2952 182 35 d'avance
4994 2958 85 29 tous
5113 2950 53 36 les
5199 2949 201 36 mazurkas
5434 2954 36 30 et

4666 3003 54 36 les
4760 3002 217 45 quadrilles.
5018 3002 45 44 Je
5105 3000 146 36 sentais-
5288 3011 42 23 sa
5370 2999 103 35 main

4666 3054 180 36 trembler
4879 3065 51 23 un
4962 3064 74 33 peu
5066 3052 127 44 quand
5223 3051 29 35 il
5286 3050 118 36 tenait
5438 3050 35 35 la

4666 3105 162 43 mienne,
4860 3116 48 24 au
4966 3108 332 31 commencement.
5331 3101 53 35 Le
5416 3113 58 23 sa-

4667 3157 100 35 medi
4796 3156 64 44 qui
4892 3154 195 37 terminait
5116 3154 37 35 la
5184 3153 89 42 fête,
5305 3159 85 28 tous
5421 3152 54 35 les

4668 3207 198 45 étrangers
4889 3206 141 35 étaient
5052 3204 137 36 invités
5209 3216 97 32 pour
5327 3204 36 35 la
5383 3203 91 35 veil-

4667 3258 57 36 lée
4756 3269 112 33 parce
4899 3257 113 44 qu'on
5043 3256 127 35 devait
5200 3256 140 35 danser
5372 3260 104 30 toute

4669 3309 36 36 la
4736 3309 92 36 nuit.
4860 3309 95 35 Mon
4985 3307 88 45 père
5104 3306 104 36 avait
5239 3305 118 46 gardé
5388 3317 89 23 mon

4669 3362 165 34 danseur
4864 3360 22 35 à
4915 3360 108 35 dîner
5052 3366 117 29 avant
5199 3359 33 35 le
5261 3358 71 35 bal.
5364 3357 61 35 Ah
5466 3356 7 35 !

4669 3413 46 34 de
4752 3423 42 24 ce
4832 3410 177 45 temps-là
5044 3421 50 24 on
5131 3409 124 36 savait
5292 3407 183 36 recevoir.

4671 3462 145 45 Depuis
4854 3462 34 35 le
4923 3461 120 36 matin
5080 3467 81 37 sept
5195 3460 149 41 heures,
5383 3469 95 24 nous

4671 3514 134 35 avions
4829 3512 161 46 préparé
5013 3512 36 35 la
5072 3511 111 42 table,
5205 3510 103 36 mère
5332 3516 36 30 et
5390 3509 87 35 moi.

4673 3565 138 36 Fallait
4833 3565 84 34 voir
4939 3571 158 28 tourner
5120 3563 35 35 la
5177 3562 140 35 broche
5339 3562 140 34 devant

4671 3616 35 35 le
4738 3616 65 35 feu
4832 3616 46 34 de
4909 3620 187 30 sarments
5127 3619 177 30 muscats.

4728 3691 19 22 »
4770 3678 172 35 Pendant
4961 3677 32 35 le
5012 3677 72 42 bal,
5103 3688 95 29 nous
5218 3687 162 24 sommes
5399 3686 77 24 res-

4673 3729 57 36 tés
4748 3728 86 46 près
4853 3728 75 35 l'un
4948 3728 46 34 de
5012 3727 146 41 l'autre,
5177 3733 37 28 et
5232 3738 46 23 en
5296 3731 185 30 revenant

4674 3780 22 36 à
4721 3791 68 24 nos
4816 3778 159 42 chaises,
5001 3784 106 29 entre
5133 3777 54 35 les
5212 3777 149 41 danses,
5387 3776 94 45 j'en-

4673 3830 148 36 tendais
4848 3830 53 35 les
4927 3829 124 35 mères
5077 3828 63 44 qui
5170 3828 84 35 font
5281 3827 199 45 tapisserie

4674 3888 138 30 autour
4851 3881 46 35 de
4948 3880 35 35 la
5023 3879 92 36 salle
5154 3879 81 35 dire
5274 3890 72 33 que
5385 3889 100 24 nous

4675 3933 122 35 étions
4823 3943 50 24 un
4897 3930 69 45 joli
4992 3929 143 46 couple.
5161 3929 101 36 Mais
5288 3941 95 23 nous
5409 3929 73 35 fai-

4675 3984 104 36 sions
4804 3982 186 37 semblant
5013 3982 46 34 de
5086 3981 93 42 rien,
5204 3992 96 24 nous
5324 3980 111 35 deux.

4733 4059 19 22 »
4782 4046 35 35 A
4843 4050 134 39 quatre
5004 4043 149 44 heures,
5181 4042 104 36 mère
5312 4042 82 36 vint
5420 4055 59 23 me

4675 4097 82 36 dire
4777 4096 88 45 qu'il
4886 4095 126 36 fallait
5031 4101 159 29 rentrer.
5212 4093 116 36 Louis
5348 4093 132 37 Mitier

4679 4161 59 23 me
4772 4147 76 47 prit
4881 4147 36 35 la
4951 4145 103 36 main
5099 4156 96 34 pour
5228 4145 36 35 la
5310 4144 174 37 dernière

4679 4199 129 35 danse.

4740 4263 18 21 »
4784 4269 50 6 —
4857 4246 102 46 Déjà
4985 4247 35 35 la
5045 4245 187 44 dernière,
5257 4246 230 43 demoiselle,

4676 4299 91 47 qu'il
4787 4311 60 23 me
4870 4298 54 36 dit
4957 4297 7 34 !
4990 4296 92 36 Cela
5101 4296 126 44 paraît
5249 4308 67 32 pas
5338 4309 83 24 vrai
5456 4297 7 35 !

4736 4364 19 22 »
4785 4350 101 35 Mais
4911 4360 72 33 que
5011 4347 186 45 répondre
5233 4347 14 36 ?
5274 4347 52 37 Ce
5352 4348 132 36 n'était

4679 4414 66 33 pas
4769 4399 233 38 convenable
5024 4398 46 36 de
5093 4399 126 43 parler
5242 4411 45 23 en
5310 4400 173 36 dansant.

4740 4466 18 22 »
4784 4451 229 41 Seulement,
5032 4449 39 45 je
5092 4448 57 36 dis
5169 4448 21 37 à
5211 4461 61 24 ma
5293 4450 102 37 mère
5415 4463 71 33 que

4679 4503 41 47 je
4750 4500 148 38 voulais
4931 4511 136 25 encore
5097 4499 139 36 danser
5267 4512 51 24 un
5348 4513 73 34 peu
5453 4508 36 30 et

5536 501 70 32 que
5630 501 78 23 mes
5731 488 117 36 amies
5871 501 58 22 me
5954 500 215 32 raccompa-

5539 539 209 45 gneraient.
5770 539 81 35 Elle
5871 539 146 44 permit.
6039 539 51 35 Ce
6114 539 58 35 fut

5539 590 120 35 Louis-
5696 589 62 44 qui
5800 589 92 35 vint.
5936 589 102 35 L'air
6081 589 92 35 était

5541 640 97 35 frais
5674 651 46 24 en
5753 646 147 28 sortant
5932 640 50 34 du
6014 639 72 36 bal.
6121 639 51 36 Le

5540 691 69 35 ciel
5654 690 215 41 s'éclairait,
5912 689 132 42 là-bas,
6089 701 85 32 par-

5541 742 132 34 dessus
5710 740 53 35 les
5800 740 224 35 Gardiolles.
6063 740 112 36 Bien-

5544 791 55 34 tôt
5625 791 33 35 le
5684 790 89 44 jour
5801 802 38 23 se
5866 790 168 36 lèverait.

5601 853 19 21 »
5642 841 30 34 Il
5690 853 59 25 me
5769 841 187 38 conduisit
5974 842 151 44 jusqu'à
6140 842 36 37 la

5543 897 108 37 porte
5675 891 45 35 de
5744 891 36 35 la
5803 891 147 36 maison
5973 903 46 24 en
6042 904 58 23 me
6124 899 54 29 te-

5545 946 91 30 nant
5660 941 35 34 la
5719 941 113 42 main,
5856 942 83 43 puis
5962 954 95 23 nous
6081 954 96 23 som-

5545 1003 79 23 mes
5665 991 119 35 restés
5824 992 138 36 debout
6002 999 84 29 tous
6126 994 53 34 les

5547 1041 100 35 deux
5685 1053 87 23 sans
5812 1049 153 29 trouver
6003 1055 49 23 un
6091 1050 89 36 mot,

5546 1091 146 44 plantés
5733 1104 143 23 comme
5916 1093 64 35 des
6021 1094 158 44 cigares.

5548 1142 107 35 Nous
5698 1142 121 36 étions
5860 1143 145 45 jeunes.
6049 1145 132 42 Enfin,

5549 1203 145 26 comme
5711 1193 40 44 je
5770 1205 57 24 me
5848 1194 219 36 détournais
6088 1207 95 32 pour

5549 1249 160 37 monter,
5736 1243 24 35 il
5787 1244 72 36 m'a
5884 1245 109 44 passé
6020 1258 49 23 un
6095 1247 88 35 bras

5550 1300 137 28 autour
5717 1294 65 35 des
5812 1294 151 44 épaules
5992 1303 36 28 et
6058 1297 24 34 il
6112 1298 72 35 m'a

5552 1343 224 44 embrassée,
5806 1345 46 42 là,
5883 1358 48 23 au
5960 1346 85 35 coin
6075 1348 44 34 de
6149 1348 36 35 la

5551 1393 114 36 lèvre.
5698 1394 143 44 J'avais
5876 1408 44 23 eu
5954 1396 21 35 à
6009 1397 108 44 peine
6151 1398 34 35 le

5553 1450 119 38 temps
5704 1446 44 34 de
5780 1457 57 24 me
5870 1453 198 30 retourner
6097 1449 89 44 qu'il

5554 1494 91 36 était
5665 1496 98 43 parti
5786 1508 45 24 en
5853 1505 168 36 courant,
6044 1510 143 25 comme

5555 1557 50 24 un
5632 1547 143 35 voleur.
5805 1560 19 22 »

5603 1596 85 36 Une
5710 1609 99 24 sœur
5832 1609 181 26 converse
6035 1600 153 44 passait,

5556 1646 135 36 tablier
5725 1648 110 36 blanc
5869 1650 97 35 noué
6002 1662 64 24 sur
6101 1651 88 36 robe

5557 1697 118 43 noire,
5702 1705 37 29 et
5763 1700 120 36 sourit
5909 1713 48 23 au
5983 1713 174 25 nouveau
6181 1714 8 30 ;

5557 1748 228 38 Andrivette
5804 1753 189 42 repensait
6011 1753 21 35 à
6051 1760 57 29 cet
6126 1766 65 24 an-

5558 1799 83 36 cien
5667 1800 135 36 baiser.

5605 1871 48 5 —
5679 1851 62 36 Un
5789 1852 132 36 voleur
5957 1853 8 35 !
6018 1855 116 44 reprit
6160 1856 33 35 le

5558 1913 175 25 nouveau
5762 1916 48 23 au
5838 1903 90 37 bout
5956 1906 87 35 d'un
6071 1914 120 37 temps

5564 1953 243 36 convenable.
5834 1954 31 35 Il
5891 1956 145 44 croyait
6061 1956 116 40 l'être,
6202 1957 62 44 qui
6290 1957 73 36 sait
6394 1957 16 36 ?

5607 2024 49 5 —
5681 2004 135 44 Quelle
5841 2005 93 43 idée,
5960 2013 36 29 et
6020 2008 184 44 pourquoi
6240 2007 14 36 ?

5607 2075 48 5 —
5682 2055 162 36 Peut-on
5867 2057 127 35 savoir
6015 2069 40 24 ce
6074 2058 64 44 qui
6158 2065 171 29 traverse
6350 2058 35 36 la
6406 2058 74 35 tête
6501 2058 86 35 d'un
6608 2068 142 34 garçon
6779 2056 14 35 ?
6818 2055 49 36 Sa
6890 2055 143 35 famille

5564 2105 133 37 n'était
5721 2118 67 33 pas
5813 2108 102 35 aussi
5949 2121 18 21 «
5995 2108 86 36 bien
6107 2122 20 21 »
6154 2121 71 32 que
6252 2110 34 34 la
6311 2109 120 35 vôtre.
6460 2108 29 35 Il
6513 2108 143 35 n'avait
6680 2119 68 33 pas
6773 2107 193 43 beaucoup
6989 2107 48 34 de

5566 2163 130 30 terres.
5724 2157 122 37 Lever
5871 2158 52 36 les
5949 2171 100 32 yeux
6073 2171 87 24 vers
6185 2171 105 31 vous,
6317 2159 125 36 c'était
6467 2159 231 36 effronterie
6723 2158 45 35 de
6795 2170 40 23 sa
6859 2165 96 37 part,
6981 2157 53 34 in-

5566 2219 253 25 convenance.
5848 2209 48 36 Et
5924 2210 94 44 puis,
6047 2210 24 35 il
6101 2210 127 36 devait
6255 2210 120 44 partir
6403 2222 48 23 au
6479 2210 156 35 service.
6665 2209 52 36 Ce
6745 2209 136 42 baiser,
6910 2207 127 37 c'était

5567 2265 81 29 tout
5673 2271 41 24 ce
5739 2259 88 45 qu'il
5852 2260 155 44 pouvait
6031 2272 97 23 oser.

5611 2332 48 5 —
5687 2311 199 36 Comment
5913 2311 34 36 le
5977 2323 227 24 savez-vous
6240 2310 16 36 ?
6284 2312 107 36 Vous
6420 2311 96 37 étiez
6543 2312 101 35 deux
6672 2310 95 36 amis
6795 2310 189 45 peut-être
7020 2308 15 37 ?

5614 2384 48 5 —
5689 2363 107 35 Nous
5820 2363 122 36 étions
5966 2363 106 36 amis.
6097 2364 101 34 Mais
6221 2363 191 35 dites-moi
6438 2363 35 35 la
6496 2362 107 36 suite.

5611 2435 49 5 —
5685 2414 62 36 Oh
5777 2413 7 35 !
5807 2414 24 35 il
5851 2414 60 44 n'y
5930 2426 21 23 a
5970 2425 66 33 pas
6055 2415 46 34 de
6120 2414 108 35 suite.
6247 2414 224 44 J'attendais
6490 2425 70 23 son
6580 2419 128 29 retour
6726 2424 95 33 pour
6842 2412 33 36 le
6895 2412 143 35 diman-

5567 2465 67 36 che
5657 2465 159 45 d'après,
5839 2477 144 23 comme
6005 2465 90 35 c'est
6117 2465 35 35 la
6174 2471 185 35 coutume,
6381 2464 94 35 mais
6496 2464 25 35 il
6543 2476 47 23 ne
6612 2464 86 35 s'est
6720 2475 66 32 pas
6808 2462 159 36 montré.
6991 2463 49 34 Et

5569 2517 83 44 puis
5675 2516 32 36 le
5730 2523 119 38 temps
5872 2529 21 22 a
5915 2516 119 44 passé.
6057 2516 44 44 Je
6123 2527 45 24 ne
6191 2515 125 36 savais
6339 2527 70 32 que
6430 2526 146 33 penser.
6600 2515 61 35 Un
6684 2526 47 24 an
6752 2515 82 43 plus
6857 2514 95 39 tard,
6975 2512 66 47 j'ai

5574 2580 89 34 reçu
5689 2581 73 23 une
5789 2575 104 29 carte
5928 2580 8 23 :
5971 2581 18 21 «
6020 2567 94 36 Bien
6142 2567 33 35 le
6201 2567 165 44 bonjour
6392 2566 22 35 à
6440 2573 96 35 tous,
6562 2566 50 35 du
6639 2565 196 45 régiment.
6864 2565 127 35 Louis.
7020 2577 19 22 »

5631 2634 19 21 »
5671 2621 44 44 Je
5735 2620 62 36 l'ai
5817 2620 146 36 là-haut
5982 2620 94 35 dans
6095 2631 78 24 mes
6193 2618 168 36 affaires.
6381 2619 44 44 Je
6443 2630 95 24 vous
6557 2618 36 35 la
6612 2617 218 36 montrerai.
6852 2617 137 36 C'était
7010 2617 33 36 le

5569 2671 162 45 portrait
5756 2671 88 35 d'un
5871 2671 133 42 soldat,
6013 2682 65 24 -en
6105 2671 186 41 couleurs,
6317 2669 63 44 qui
6407 2668 119 36 tenait
6552 2680 73 25 une
6651 2668 136 44 pensée
6812 2668 23 35 à
6861 2668 38 36 la
6923 2668 115 36 main.

5572 2722 102 36 Mais
5699 2722 23 35 à
5744 2721 164 45 présent,
5934 2721 69 36 elle
6029 2727 55 29 est
6109 2727 103 29 toute
6236 2720 128 44 jaune.

5627 2786 20 22 »
5668 2773 49 35 Et
5736 2773 94 44 puis,
5850 2784 144 24 comme
6012 2772 38 44 je
6068 2771 236 45 maigrissais
6324 2777 36 29 et
6378 2782 70 33 que
6466 2769 138 46 j'avais
6623 2770 83 35 l'air
6724 2771 45 34 de
6784 2770 162 45 languir,
6962 2782 79 24 mes

5572 2830 154 39 parents
5746 2824 116 34 m'ont
5882 2822 175 45 présenté
6076 2834 51 24 un
6154 2834 19 22 «
6196 2821 99 45 parti
6318 2834 32 22 ».
6372 2820 136 37 C'était
6528 2832 50 24 un
6598 2820 74 35 bon
6693 2820 109 44 parti.
6823 2821 44 44 Je
6888 2832 46 24 ne
6954 2832 91 32 pou-

5572 2875 83 36 vais
5682 2886 66 33 pas
5777 2874 161 36 refuser.
5966 2874 43 45 Je
6038 2872 145 37 n'avais
6211 2884 66 33 pas
6305 2872 33 36 le
6367 2872 100 35 droit
6494 2872 44 35 de
6567 2882 133 25 causer
6728 2872 48 34 du
6805 2877 190 30 tourment
7024 2871 22 35 à

5573 2939 63 23 ma
5658 2926 104 35 mère
5786 2936 95 33 pour
5904 2937 59 23 me
5988 2925 140 45 garder
6153 2923 22 36 à
6199 2935 50 23 un
6274 2934 143 34 garçon
6441 2923 63 44 qui
6529 2934 46 24 ne
6600 2934 58 23 me
6683 2922 128 36 l'avait
6836 2922 120 36 même
6981 2934 66 33 pas

5573 2976 195 37 demandé.
5793 2976 49 35 Et
5864 2976 95 44 puis,
5982 2988 73 23 une
6079 2975 101 36 seule
6204 2981 102 28 carte
6330 2985 48 24 au
6400 2973 90 35 bout
6513 2973 87 35 d'un
6623 2984 83 25 an...

5630 3042 19 21 »
5673 3028 128 42 Alors,
5823 3027 33 36 le
5878 3027 89 44 jour
5988 3028 66 35 des
6076 3037 149 25 noces...
6967 3026 7 16 1

5810 3116 234 24 L'AMOUR
6071 3115 73 23 AU
6166 3114 138 24 FOND
6328 3114 103 23 DES
6450 3114 159 23 VIEUX
6631 3114 185 23 CŒURS

5631 3170 52 36 Le
5706 3182 176 24 nouveau
5908 3169 174 36 redressa
6106 3170 33 34 le
6163 3169 120 41 buste,
6308 3180 39 24 se
6373 3169 144 43 pencha
6542 3168 22 34 à
6588 3167 155 36 l'oreille
6768 3165 278 45 d'Andrivette,

5576 3229 36 29 et
5635 3220 169 37 derrière
5829 3226 109 29 notre
5964 3219 160 42 fenêtre,
6148 3230 95 24 nous
6269 3219 232 36 entendîmes
6526 3218 121 35 moins
6672 3218 96 35 bien.

5629 3293 50 5 —
5705 3272 55 36 La
5789 3283 93 24 noce
5912 3270 91 36 était
6033 3269 146 37 tombée
6208 3282 49 24 au
6285 3276 166 29 moment
6479 3269 45 35 de
6553 3270 36 35 la
6620 3269 77 35 fête
6726 3269 50 34 du
6805 3280 104 32 pays,
6939 3267 112 36 dit-il.

5578 3323 118 36 Louis
5713 3335 59 23 me
5792 3323 47 35 l'a
5859 3320 166 38 raconté.
6048 3321 29 35 Il
6097 3321 91 35 était
6207 3321 206 44 justement
6432 3332 99 24 venu
6551 3332 45 23 en
6616 3319 226 45 permission
6862 3326 35 28 et
6917 3319 25 35 il
6962 3331 20 23 a
7004 3331 50 23 vu

5579 3386 131 33 passer
5735 3374 33 36 le
5793 3373 165 44 cortège.
5986 3373 29 34 Il
6041 3372 54 44 s'y
6120 3371 185 36 attendait
6330 3383 171 32 presque,
6528 3371 190 36 tellement
6744 3371 24 34 il
6795 3372 32 34 le
6854 3370 199 43 craignait.

5579 3426 102 36 Mais
5708 3425 24 35 il
5759 3425 86 36 n'en
5872 3437 21 23 a
5921 3424 81 36 rien
6029 3423 114 36 laissé
6168 3423 96 49 voir.
6293 3423 227 42 Seulement,
6550 3422 127 36 rentré
6704 3434 47 23 au
6778 3421 198 45 régiment,
7002 3433 50 23 on

5576 3478 219 36 demandait
5824 3477 65 36 des
5918 3476 234 36 volontaires
6179 3487 96 33 pour
6303 3475 34 35 le
6364 3474 163 43 Tonkin,
6569 3474 24 35 il
6636 3474 88 35 s'est
6765 3473 72 36 fait
6878 3473 172 36 inscrire.

5625 3551 50 5 —
5699 3529 117 36 Voilà
5842 3528 185 46 pourquoi
6055 3528 40 45 je
6122 3528 76 35 n'ai
6227 3528 83 43 plus
6337 3527 140 44 jamais
6506 3525 165 36 entendu
6699 3525 126 44 parler
6855 3525 45 35 de
6930 3525 62 35 lui.
7025 3524 31 34 Il

5580 3594 22 24 a
5630 3580 59 36 été
5716 3580 62 36 tué
5806 3592 91 24 sans
5921 3581 124 34 doute.

5618 3653 49 6 —
5692 3632 101 35 Tout
5815 3643 143 23 comme
5992 3630 7 35 !
6024 3631 35 34 la
6082 3629 165 42 chaleur,
6269 3629 35 35 la
6328 3628 135 42 fièvre,
6485 3628 53 35 les
6561 3628 178 43 congaies
6762 3626 21 36 à
6804 3638 96 33 peau
6921 3625 128 43 bistre,

5578 3683 213 45 parfumée,
5812 3694 144 24 comme
5977 3681 48 35 du
6045 3681 81 35 bois
6146 3682 45 34 de
6213 3679 191 45 réglisse...
6426 3680 48 35 Et
6494 3684 96 30 cette
6612 3678 131 44 espèce
6762 3678 46 35 de
6829 3678 172 42 maladie,
7023 3677 33 36 le

5580 3735 147 41 cafard,
5751 3745 144 24 comme
5917 3744 48 24 on
5988 3733 55 34 dit
6064 3731 246 36 maintenant.

5627 3807 49 5 —
5701 3785 107 35 Vous
5832 3784 107 35 aviez
5961 3784 46 35 de
6030 3795 59 23 ses
6112 3782 193 36 nouvelles
6337 3781 16 35 ?

5631 3857 50 7 —
5706 3836 85 35 Euh
5820 3835 8 36 !
5849 3846 94 24 vous
5962 3846 124 30 savez,
6105 3845 50 24 un
6173 3833 134 42 soldat,
6327 3832 80 36 cela
6425 3831 133 36 n'écrit
6576 3831 127 45 guère.
6725 3831 101 35 Pour
6845 3830 87 46 quoi
6951 3830 80 36 dire
7042 3829 16 37 ?

5582 3888 85 45 Que
5691 3899 41 24 sa
5755 3887 61 35 vie
5839 3892 56 30 est
5918 3885 117 42 ratée,
6058 3896 87 25 sans
6167 3884 77 43 but,
6267 3896 88 23 sans
6376 3883 90 45 joie.
6490 3883 102 45 Qu'il
6615 3895 46 24 ne
6685 3894 104 24 ces-se
6812 3882 45 36 de
6880 3893 135 33 penser
7037 3881 22 36 à

5584 3940 37 36 la
5648 3938 148 37 fraîche
5822 3937 252 37 demoiselle...

5628 4011 50 5 —
5702 3990 107 35 Vous
5832 4000 135 32 croyez
5987 3987 90 44 qu'il
6099 3999 23 32 y
6142 3985 149 46 pensait
6314 3997 136 25 encore
6480 3985 14 35 ?
6516 3985 61 36 Oh
6610 3985 8 35 !
6641 3984 40 45 je
6703 3984 77 35 suis
6803 3990 187 30 contente.
7012 3984 49 35 Et

5583 4041 76 35 moi
5684 4040 102 36 aussi
5809 4039 54 45 j'y
5886 4039 36 35 ai
5946 4037 126 46 pensé.
6095 4038 100 35 Tout
6219 4037 33 36 le
6276 4043 130 37 temps.
6433 4037 92 34 Mon
6550 4035 94 36 mari
6668 4035 131 36 n'était
6823 4047 66 32 pas
6913 4047 50 23 un
6987 4034 75 36 mé-

5588 4092 116 36 chant
5729 4091 162 41 homme,
5919 4090 96 36 mais
6041 4101 49 24 en
6119 4089 138 35 dehors
6285 4088 66 35 des
6380 4088 144 44 vignes,
6553 4088 45 34 de
6628 4087 35 35 la
6692 4087 144 41 chasse,
6866 4093 37 29 et
6932 4086 132 35 d'aller

5587 4156 48 23 au
5659 4142 155 36 marché
5841 4142 143 44 chaque
6011 4140 198 42 mercredi,
6237 4140 80 34 rien
6344 4150 47 24 ne
6417 4138 180 44 comptait
6625 4150 94 32 pour
6746 4138 62 34 lui.
6837 4138 48 35 Et
6912 4137 86 43 moi,
7025 4137 39 44 je

5588 4194 150 39 cousais
5768 4192 168 37 derrière
5968 4192 36 35 la
6036 4191 147 36 fenêtre
6214 4197 104 28 toute
6348 4190 35 35 la
6414 4189 121 36 sainte
6565 4188 172 46 journée.
6769 4188 102 36 C'est
6901 4188 21 35 à
6953 4200 112 23 cause

5590 4247 46 34 de
5667 4246 80 35 cela
5777 4257 70 32 que
5878 4256 79 23 mes
5987 4255 100 33 yeux
6118 4254 46 24 ne
6193 4241 130 36 valent
6352 4242 82 43 plus
6465 4240 260 46 grand'chose.
6759 4240 307 36 Heureusement

5589 4309 72 33 que
5685 4295 138 46 j'avais
5847 4306 88 23 mon
5963 4294 75 35 fils.
6065 4293 31 35 Il
6120 4292 92 36 était
6236 4304 92 24 avec
6352 4292 75 35 moi
6451 4292 102 35 doux
6579 4302 144 24 comme
6749 4303 72 23 une
6849 4290 91 35 fille.
6967 4289 101 37 C'est

5591 4348 36 36 la
5652 4359 138 34 guerre
5815 4346 64 45 qui
5905 4358 58 23 me
5989 4345 46 35 l'a
6061 4344 89 45 pris.
6178 4343 30 35 Il
6233 4343 143 36 n'avait
6400 4354 67 33 pas
6493 4348 184 38 quarante
6702 4353 68 23 ans
6797 4348 35 29 et
6858 4353 88 23 mon
6972 4340 95 36 mari

5590 4399 48 36 l'a
5661 4398 97 36 suivi
5782 4398 45 35 de
5851 4409 81 32 peu.
5959 4396 29 35 Il
6009 4396 135 45 jouait,
6168 4407 47 24 au
6238 4394 132 42 cercle,
6394 4406 45 23 en
6462 4393 170 36 cachette
6656 4399 36 30 et
6714 4392 204 36 aimait-un
6942 4404 70 32 peu
7036 4393 33 34 le

5590 4449 212 37 vermouth.
5830 4449 29 35 Il
5883 4448 73 36 m'a
5979 4447 113 37 laissé
6116 4447 65 35 des
6204 4447 132 35 dettes.
6359 4445 87 37 Une
6473 4445 137 36 femme
6635 4444 101 36 seule
6772 4444 7 35 !
6805 4443 62 36 On
6892 4443 72 36 m'a
6989 4449 81 29 tout

5592 4502 137 36 vendu.
5754 4501 50 36 Et
5826 4500 40 46 je
5890 4499 77 38 suis
5980 4516 3 3 -
5992 4498 46 37 là.
6064 4498 100 37 Mais
6188 4508 94 26 vous
6306 4509 93 25 avez
6424 4508 46 25 eu
6492 4507 73 26 une
6592 4495 92 43 fille,
6709 4506 93 25 vous
6828 4495 100 35 aussi
6963 4494 14 35 ?
