2564 4199
484 83 33 28 de
535 83 139 30 PfovincJe
693 83 180 35 Gelderland,
895 84 73 28 heeft
986 83 28 32 In
1030 84 44 28 die
1088 81 130 37 qaaliteyt
1235 83 66 28 Mtë
1317 85 128 33 géhornen

522 123 20 22 'S
552 126 275 21 GRAVENHAGE
837 124 45 24 den
895 130 32 25 14
937 124 110 32 May.De
1057 125 104 22 Heeren
1170 125 162 22 Staerenvart
1342 122 115 26 Holland

487 165 32 15 en
529 158 226 25 Weft-Vriesland
765 165 53 24 zyn
834 159 109 28 gifleren
963 167 33 17 en
1015 161 98 22 heeden
1134 161 105 22 weeder
1258 158 143 31 vergaderd
1415 164 28 25 ge-

487 195 87 24 weeft.
611 195 39 24 Ee
654 202 14 15 n
672 202 24 24 'B
696 201 15 18 e
720 195 190 30 buytenlandtfe
919 195 136 25 Gezanten
1071 195 102 24 hebben
1191 195 54 24 roet
1261 194 51 24 den
1326 194 131 24 Prefident

490 235 48 17 van
549 231 69 20 Haer
630 231 72 27 Hoog
715 231 70 28 Mog.
797 227 197 33 geconfereerd.
1030 231 43 30 D,ë
1093 230 261 30 Gedeputeerdevan
1362 222 37 30 de
1403 227 37 26 Ad-

489 263 161 32 miraliteyts
660 263 133 34 Collegien
804 265 190 25 contineeeren
1005 265 136 26 derzelver
1157 265 143 31 befoignes.
1320 265 73 24 Voor
1404 265 60 24 den-

491 301 73 22 Raed
574 307 50 17 van
634 301 110 24 Staeten
754 301 72 24 heeft
843 300 32 24 de
892 302 71 22 Heer
983 302 94 28 Monge
1095 301 116 24 Graham
1224 317 8 14 ,
1252 302 38 21 als
1309 299 148 32 Kapiteyn-

490 334 193 26 Commandant
699 344 52 19 van
758 337 34 24 de
802 337 161 32 Compagnie
984 337 161 25 Grenadiers
1154 335 27 24 in
1191 337 45 24 het
1244 334 141 32 Regiment
1404 343 53 18 van

490 371 216 31 Halket,enden
725 370 151 26 Solliciteur
891 371 112 25 Militair
1013 371 151 31 W.Srrtits,
1176 371 37 31 by
1224 370 152 32 procuratie
1393 374 65 21 voot

489 407 104 22 Waker
604 405 84 33 Philip
697 405 181 33 Nicolfdn.als
886 406 133 33 Kapiteyn
1028 415 52 19 van
1087 415 51 17 een
1147 405 161 39 Compagnie
1315 405 28 25 in
1352 407 45 24 het
1406 407 39 24 zel-

487 448 33 19 ve
531 442 156 32 Regiment,
694 443 33 24 de
733 443 83 25 eeden
826 443 119 31 afgelegt.

526 478 33 24 In
574 484 67 18 onze
658 477 90 33 vorige
767 478 100 32 gemeld
881 477 152 32 hebbende,
1052 478 46 24 dat
1115 478 56 30 Syn
1189 474 164 34 Hoogheyd,
1370 482 87 19 onzen

487 513 124 25 waerden
622 513 243 32 Erf-Stadhouder,
882 514 34 24 de
928 514 96 31 Haegfe
1042 513 144 31 Schuttery
1196 513 33 25 de
1246 520 46 18 eer
1307 513 150 31 aengedaen

489 549 85 30 beeft,
583 554 45 19 om
643 554 53 19 met
707 552 137 21 derzelver
854 549 137 24 Officieren
1007 549 46 26 het
1069 549 172 28 middagmael
1252 555 24 17 te
1291 548 124 30 houden;
1426 555 31 17 zo

489 583 81 25 diend
585 585 110 25 verder:
715 586 54 26 Dat
778 585 61 26 dien
853 586 78 24 Vorft
947 592 47 20 aen
1012 585 32 25 de
1055 586 83 31 tafel,
1154 585 44 24 die
1207 585 33 24 de
1250 585 84 24 forme
1344 588 52 20 vart
1407 591 51 18 een

490 620 146 30 Hoef-yzer
651 620 67 31 had,
728 626 56 18 was
793 627 123 25 gezeeten
926 622 81 22 tuffen
1018 621 51 22 den
1078 613 236 38 Hoog-Ëdia'laron
1323 626 53 19 van
1384 619 57 25 Waf-

490 656 106 30 fenaer,
607 657 85 24 Heere
703 663 52 18 van
765 657 125 26 Doveren
901 673 8 14 ,
919 657 119 24 Bailliuw
1046 657 94 24 deezer
1153 657 110 31 Steede,
1273 660 41 19 ter
1320 661 137 25 regter-en

490 691 33 24 de
539 692 71 22 Heer
622 691 353 32 PreGdent-Burgermeefler
985 699 51 17 van
1052 691 148 31 Slingeland
1215 696 40 19 ter
1272 689 87 26 linker
1374 691 67 30 zyde
1452 709 8 13 ,

489 728 194 28 vervolgensde
697 726 112 27 verdere
820 726 151 32 Magiftraet
979 735 34 18 na
1023 728 106 25 hunnen
1140 728 91 30 Rang,
1239 733 32 15 en
1283 726 81 24 tuffen
1374 725 72 25 dezel-

490 768 32 19 ve
529 762 34 25 de
570 762 144 27 Generaels
722 763 87 24 Baron
820 770 51 18 van
880 762 151 31 Burmania,
1042 762 162 32 Groveftins,
1211 761 84 26 Roufe
1302 768 32 18 en
1342 761 117 33 Flodorf,

490 798 148 26 beneevens
644 798 51 25 den
704 800 287 31 Opper-Jagermeefter
1000 798 141 31 Saumaife,
1150 804 76 24 tegen
1233 802 65 20 over
1309 798 54 30 Syn
1371 798 70 28 Hoog-

489 833 70 30 heyd
569 840 104 18 waeren
683 835 123 30 geplaetft
821 835 33 24 de
865 836 104 22 Heeren
979 835 66 24 Coll.
1061 833 164 32 Dierquens,
1240 831 43 25 Lt.
1293 831 66 26 Coll.
1368 833 76 24 Baert-

490 875 73 18 roans
570 875 32 17 en
612 868 34 24 de
653 872 15 22 6
678 868 335 33 Kapiteynen;vervolgens
1020 869 32 24 de
1061 867 242 32 overigeOflicieren
1309 869 50 24 der
1367 868 77 24 Schut-

490 911 60 22 tery
562 904 72 26 ieder
645 905 96 26 nahun
750 906 84 31 Rang.
844 906 40 22 De
894 905 119 31 Maeltyd
1024 905 43 24 die
1074 902 332 33 zeerfuperbewas.wierd
1416 911 28 24 ge-

490 940 70 30 volgt
569 940 123 26 dooreen
702 947 59 17 zeer
770 941 76 28 fraey
855 941 111 28 Defert;
985 940 85 31 zynde
1080 948 65 17 voor
1154 941 57 28 Syn
1226 940 100 30 Ho'ogh.
1336 939 122 31 geplaetft

491 981 48 18 een
556 970 81 35 Haegs
656 976 90 32 Veld,
764 981 27 19 te
802 976 174 31 weederzyde
992 983 54 18 met
1063 983 12 21 3
1094 977 168 30 Eerpoorten
1278 976 93 30 bezet,
1388 981 70 18 waer

491 1010 85 25 onder
596 1010 33 25 de
647 1013 14 21 6
680 1011 113 25 Vendels
809 1011 50 25 der
878 1012 144 30 Schuttery
1043 1013 123 28 geplaetft
1182 1017 124 25 waeren,
1320 1009 86 32 zynde
1426 1011 32 22 de

491 1045 112 24 Beelden
613 1046 44 25 die
665 1048 33 24 de
706 1048 105 31 vlaggen
826 1048 98 25 voerde
934 1055 34 24 op
980 1048 155 31 pedeftallen
1150 1048 123 31 geplaetft
1283 1064 9 13 ,
1313 1054 33 22 op
1361 1046 80 22 dewel-

491 1081 33 26 ke
539 1081 91 31 eenige
643 1082 178 25 Vaderlandfe
840 1082 131 25 Hiftorien
986 1100 8 13 ,
1016 1082 116 25 rakende
1148 1083 45 24 het
1212 1080 155 31 Vorftelyke
1384 1081 73 30 Huys

491 1123 51 18 van
560 1116 117 32 Oranje,
694 1119 94 30 gefield
813 1126 105 17 waeren
930 1126 6 15 :
954 1120 47 22 Als
1013 1136 7 12 ,
1037 1119 51 22 hce
1102 1116 27 25 in
1140 1119 51 21 den
1201 1117 74 28 Jaere
1289 1120 69 25 1580
1367 1122 50 18 aen
1426 1115 32 24 de

1483 85 98 37 tïaSgte
1587 86 159 35 'Sqhuttërf
1757 91 130 27 Verleend
1894 87 84 31 wien!
1989 104 9 24 >
2011 87 102 39 Ofttóy
2126 94 100 26 Otohêt
2235 87 69 38 gStaï
2314 84 143 40 ferWlver

1483 133 26 17 te
1519 128 217 31 vermeerderen,
1747 133 37 18 en
1791 128 46 26 dat
1844 129 47 24 der
1900 128 176 30 Hoofdlieden
2083 137 27 20 te
2121 130 178 27 verdubbelen
2311 143 9 20 ;
2331 133 112 25 wórcttn.-

1483 161 33 25 de
1528 168 27 17 te
1571 163 77 30 gelyk
1665 168 50 19 aen
1731 163 56 25 hen
1796 164 100 32 hoofd,
1909 163 45 26 die
1968 170 41 19 tot
2019 169 51 28 «og
2085 171 45 20 toe
2138 167 35 27 de
2186 174 78 19 naem
2280 169 53 24 Van
2344 169 112 26 Deeken

1483 197 120 32 Voerde,
1617 197 53 25 dein
1681 200 125 28 Eertytel
1822 206 52 18 van
1886 201 119 25 Colionel
2019 204 130 28 gegeeve'n
2158 211 11 21 >
2184 209 94 19 voorts
2294 210 47 25 zag
2352 211 59 18 men
2421 207 34 22 de

1483 234 132 28 grondflag
1630 241 52 17 van
1693 240 48 19 een
1750 234 89 31 nieuw
1851 235 135 32 Gebouw,
1996 237 193 24 Verbeeldende
2198 239 33 22 de
2242 240 136 25 Schutters
2385 241 57 26 Doe-

1483 269 45 24 len
1538 287 9 13 ,
1556 267 45 26 die
1607 268 67 26 door
1684 268 37 26 de
1735 262 80 32 milde
1826 269 64 31 gifte
1900 279 52 18 van
1967 270 76 26 Prins
2050 272 259 28 Frederik-Hendrik
2319 274 84 28 wierd
2411 282 48 27 op*

1483 304 261 33 gebouwd.leggende
1753 305 109 26 deszelft
1871 307 167 32 Zoon.Prin»
2044 308 106 25 Willem
2158 309 34 24 de
2200 309 124 33 Tweede,
2331 311 65 26 deer
2406 318 54 21 aen.

1485 337 52 26 den
1545 343 103 22 eerften
1655 337 87 34 ftVën-j
1754 344 51 28 rtog
1817 340 84 26 wierd
1913 344 141 31 verbeeld,
2062 345 50 24 hoe
2120 346 89 30 wylen
2218 346 52 24 den
2280 346 119 26 Colionel
2407 354 53 18 van

1483 374 48 24 der
1543 377 85 30 Does,
1636 377 57 30 Syn
1701 377 146 31 Hoogheyd
1856 378 107 27 Willem
1972 378 33 25 de
2016 378 89 28 Derde
2114 381 72 24 heeft
2196 381 213 30 orhhangen-met
2422 383 38 26 dé

1483 410 90 25 Orden
1584 417 51 19 van
1650 412 47 25 het
1706 411 91 26 Galde
1802 411 91 33 Vlies,
1909 415 124 30 hetgeen
2050 415 66 25 door
2135 417 103 30 Keyzer
2248 417 97 33 Karel.
2360 417 28 27 in
2402 419 54 25 den

1485 449 79 27 Jaere
1581 450 85 28 1660,
1677 451 53 20 aen
1737 448 37 24 de
1783 448 98 31 Haegfe
1896 449 119 32 Burgery
2024 457 53 19 was
2092 450 174 32 gefchohkeh.
2301 454 44 25 Eö
2357 452 103 32 eyhdöi

1486 483 46 30 lyk
1540 483 151 24 vertoonde
1701 483 328 33 zigeenOpper-Herder,
2046 487 120 25 rattende
2184 489 89 31 téegen
2287 494 50 20 een
2346 487 113 35 Oranje*

1485 520 78 22 boom
1573 535 7 13 ,
1587 517 45 25 die
1641 517 67 25 door
1719 519 34 22 de
1762 520 58 24 Zon
1835 521 126 25 beftraeld
1972 521 99 32 Wierd,
2083 522 137 32 fpeelende
2229 531 34 24 op
2272 530 47 18 een
2329 527 112 25 Herderg-

1485 554 84 30 ftuyt,
1585 561 35 24 op
1633 554 111 25 welkers
1755 561 175 26 aengenaeme
1944 557 106 30 melody
2067 560 74 21 veele
2152 560 120 31 Schapen
2281 560 130 27 fcbeenen
2427 567 28 19 te

1485 588 132 32 naderen,
1625 595 34 18 en
1671 591 59 22 hem
1740 594 27 19 te
1776 591 154 32 oinringen,
1937 592 183 33 zirtfpeelende
2128 601 34 25 op
2173 595 54 30 Syn
2238 596 144 30 Hoogheyd
2407 604 50 18 on»

1485 632 48 17 zen
1543 622 156 27 dierbaeren
1709 625 237 27 Erf-Stadhouder.
1983 628 41 32 Op
2040 630 50 22 alle
2096 631 38 22 de
2143 630 154 32 Capiteelen
2304 639 105 18 waeren
2420 635 37 25 de
2463 622 6 39 -

1483 659 188 31 Schntterlyke
1680 663 118 30 Wapens
1808 664 125 30 geplant,
1944 665 51 22 Vkn
2011 664 90 24 boveh
2118 665 119 26 vercierd
2251 673 56 18 met
2316 669 80 22 deezè
2409 671 45 24 lor

1486 694 104 32 criptie:
1602 694 93 30 Oranje
1703 694 143 33 AVocnf.en
1854 704 51 19 van
1913 698 128 31 onderen,
2053 698 84 26 Vivat
2145 702 128 32 Schuttery
2282 711 51 17 van
2341 705 18 21 's
2367 704 84 33 Hoge.

1483 730 92 32 Zynde
1585 730 32 25 de
1624 731 76 26 Tafel
1709 735 154 28 vervolgens
1872 733 130 32 opgevuld
2020 736 56 21 met
2087 732 15 25 4
2115 736 26 22 la
2150 736 97 33 Glaffe.
2258 737 129 33 meenigte
2400 746 53 20 van,

1485 767 157 32 Arebeyen,
1655 774 32 17 en
1700 767 117 25 wierden
1830 768 70 26 door
1905 770 52 24 den
1968 770 70 25 Heer
2043 769 122 25 Colionel
2174 771 155 31 particulier
2335 783 52 18 aen
2394 776 59 30 Syn

1485 802 145 31 Hoogheyd
1644 802 214 33 geprefenteerd,
1869 804 90 32 eenige
1965 806 229 31 buytengewoone
2210 808 109 30 fruyten
2330 827 7 14 ,
2349 811 38 24 als
2395 811 40 30 Me-

1483 839 96 22 loenen
1590 835 92 33 .Druy
1685 844 65 25 ven,
1767 839 168 33 Arianaffen,
1951 841 50 25 &c.
2022 848 33 18 en
2074 848 65 19 over
2154 842 79 25 Tafel
2246 842 81 25 wierd
2341 846 45 25 het
2395 848 56 24 vol*

1483 872 81 33 gende
1574 874 17 22 6
1602 872 110 33 reegelig
1720 874 69 25 Vers
1796 875 136 31 geleezen:

1706 927 53 32 Zyt
1773 926 97 27 welkom
1885 924 72 38 Vorjl
1975 938 46 18 aen
2037 928 87 30 deezen
2141 933 38 25 dis

1707 963 67 25 Geen
1783 964 83 25 Kroon
1883 972 40 18 ons
1936 967 70 24 meer
2016 976 51 15 van
2080 971 102 22 waerde
2197 971 46 28 is.,.

1711 998 59 26 Dan
1782 999 46 25 Uw
1838 1006 24 18 te
1869 1003 58 21 zien
1939 1003 25 22 in
1975 1002 125 26 Schutters
2107 1004 100 26 Zoeten
2209 1019 20 18 ~.

1706 1033 76 24 Daer
1789 1036 194 31 Burger-berten
1993 1055 6 12 ,
2016 1038 46 25 Uw
2075 1039 124 26 ontboeten
2206 1048 7 15 :

1704 1069 58 24 Dat
1776 1071 21 22 is
1808 1070 90 32 defpys
1911 1078 59 17 voor
1985 1071 46 25 Uw
2044 1074 105 31 bereyd,

1706 1103 123 25 Vercierd
1845 1110 50 18 met
1907 1104 76 31 liefde
1998 1113 31 19 en
2044 1106 174 34 agtbaerheyd.

100 90 51 1970 ~
202 128 37 64 Een
213 206 19 60 zeer
207 278 32 90 nuttig
207 381 33 196 Huysmiddel,.
209 582 32 87 zynde
215 680 25 33 de
210 725 35 174 onfeyibaere
209 907 32 311 ZINKING-PILLEN,
210 1235 32 164 geneezende
217 1415 25 69 door
219 1489 17 52 een
210 1556 24 74 zagte
209 1638 30 92 afgang
207 1737 25 37 op
215 1782 22 19 't
213 1808 19 118 moment
213 1942 24 34 de
209 1984 25 69 felfte
201 2059 31 2 j

169 90 31 94 Kies-,
170 194 32 107 Tand-,
176 311 27 99 Hoofd-
180 418 18 35 en
170 468 32 176 Oor-pynen,
180 656 18 33 en
174 694 32 164 alle'fcherpe
174 874 32 188 zinkingagtige
174 1068 31 109 ftoffen,
181 1183 24 51 hoe
180 1244 26 150 verouderd
181 1403 18 17 o
180 1426 25 14 f
176 1447 24 51 uyt
181 1505 20 53 wat
180 1564 26 115 oorzaek
176 1684 27 210 voortkomende
174 1906 18 7 ;
191 1922 8 6 '
177 1936 18 11 t
168 1955 32 99 Doosje

139 96 18 54 roet
141 158 18 48 een
135 214 33 90 Berigt
142 308 25 56 koft
138 377 22 31 rj
136 419 31 139 ftuyvers;
143 572 26 24 is
144 602 19 27 te
143 644 25 131 bekomen
145 785 24 100 t'Amft.
141 898 28 38 by
145 950 24 40 W.
144 1000 25 31 de
136 1039 34 111 Koning,
138 1157 24 34 op
146 1201 24 34 de
142 1241 28 107 Zeedyk
141 1356 30 78 byde
141 1439 28 158 Stormfteeg
141 1612 20 8 ;
133 1628 35 176 Rotterdam,
133 1809 33 158 Mejuffr.de
138 1975 27 77 Wed.

100 96 28 119 P&airef
100 223 12 9 ,
100 250 30 35 by
105 295 27 33 dé
104 341 27 81 Beurs
100 429 14 12 ,
104 449 21 34 en
104 494 28 37 tt,
103 544 21 51 van
100 611 33 50 Os,
106 677 27 30 in
107 720 26 32 de
106 763 27 240 Halvemaenftraet
102 1010 22 12 ;
107 1030 20 34 en
107 1070 28 30 in
107 1107 25 21 's
102 1137 32 72 Hage
102 1219 32 38 by
107 1266 26 38 M,
107 1316 26 94 Simons
107 1420 27 27 in
109 1457 25 37 de
103 1501 31 86 Lange
107 1598 24 91 Poten.

426 118 32 53 Fe
433 182 27 162 Amfterdam
430 354 30 34 by
435 400 24 34 H.
436 450 25 198 BOUSSIERE
429 658 32 219 .Boekverkoper
429 886 25 37 op
437 931 24 51 den
431 990 30 85 Dam,
437 1090 24 73 werd
438 1172 22 20 's
432 1204 28 142 Maendags
441 1355 15 32 en
432 1398 28 187 Donderdags,
438 1596 22 20 's
431 1625 30 152 namiddags
438 1788 18 43 ten
430 1843 25 15 4
438 1870 17 81 uuren
430 1962 13 7 ,
430 1987 18 64 uyt-

389 90 27 142 gegeeven:
399 252 24 104 ExtraS
400 364 22 46 der
399 422 25 78 Cours
400 507 17 51 van
394 567 32 194 Koopmanfchap
394 770 13 8 ,
402 787 24 163 betreffende
402 956 24 34 de
402 1000 19 72 nette
394 1081 25 66 prys
402 1156 19 51 van
402 1219 24 19 't
403 1245 24 77 Goud
404 1329 17 33 en
397 1369 34 98 Zilver,
404 1474 17 33 zo
396 1517 25 106 gemunt
403 1633 21 35 als
396 1681 24 150 ongemunt,
402 1839 18 34 en
402 1883 24 18 't
396 1909 25 63 geen
400 1981 17 69 voor

359 90 27 113 Billiöen
363 210 26 73 werd
364 292 26 139 verklaerd
358 442 14 7 ,
358 461 31 105 volgens
365 572 24 33 de
365 618 26 143 Publicatie
366 771 17 33 en
365 813 26 188 Ordonnantie
366 1009 17 52 van
367 1068 24 32 de
366 1107 22 93 Staten
361 1211 30 148 Generael,
363 1367 30 174 gearrefteerd
369 1546 22 53 den
367 1610 22 100 eerften
361 1720 28 111 deezer,
360 1844 31 85 zynde
365 1938 26 65 daer
358 2011 33 38 6*y

321 90 31 116 ieyoegd
328 214 25 33 de
322 256 30 67 Prys
330 337 25 32 of
330 372 24 85 Cours
330 474 19 52 van
324 535 32 141 Wiffelen,
331 685 18 33 en
331 728 25 74 werd
331 810 25 46 des
324 868 32 141 Maendags
324 1022 32 197 gecontinueert
326 1230 24 50 uyt
332 1290 19 27 te
326 1326 24 97 geeven
332 1439 24 33 de
326 1487 30 105 geheele
332 1602 25 85 Cours
330 1698 18 52 van
321 1763 34 287 Kpopmanfchappen,

289 91 19 57 met
291 161 27 109 content
288 278 22 52 yan
294 334 24 35 de
293 379 25 51 Ed.
293 442 24 87 Groot
288 535 30 81 Agtb.
295 625 21 103 Heeren
288 738 31 243 Burgerroeefteren
295 991 24 48 der
295 1049 25 64 Stad
291 1123 20 8 ;
295 1150 24 63 alles
296 1224 24 27 in
296 1263 18 48 een
296 1325 25 139 volkomen
291 1478 31 213 accaraetheyd:
289 1711 28 60 Zyn
294 1785 24 93 meede
295 1889 19 24 te
292 1922 26 128 bekomen

254 91 24 32 in
255 135 22 20 's
254 164 25 70 Hage
254 242 26 38 by
257 288 25 35 de
257 333 26 80 Wed,
257 424 19 51 van
257 487 25 46 der
254 542 30 90 Kloot;
254 644 30 174 Rotterdam,
259 827 25 80 Wed.
254 915 30 117 Kuyper;
260 1044 18 35 en
260 1088 20 26 te
260 1124 24 93 Hoorn
256 1231 28 79 byde
261 1319 25 79 Wed.
261 1407 24 157 Beutelman.

346 2120 35 38 X
356 2159 17 14 e
348 2181 30 109 Leyden
351 2303 25 35 by
352 2348 25 66 Abr.
348 2424 30 145 Kallewier,
356 2576 25 22 is
348 2604 31 112 gedrukt
356 2722 17 33 en
356 2767 24 76 reeds
354 2851 22 154 verzonden
353 3013 18 63 naer
353 3085 24 48 alle
347 3143 28 56 Boy
353 3202 22 156 ten-Steden
356 3370 14 5 :
350 3385 28 76 JOH.
348 3470 30 184 WESSELll,
356 3659 24 195 Commentarius
357 3862 24 77 Anal.
348 3948 33 105 Exegqtr.

311 2083 33 109 inEpift.
318 2202 25 89 Paulii
318 2297 25 32 ad
312 2339 31 113 Galatas,
319 2461 24 48 Ed.
318 2524 25 105 CORN.
319 2641 24 50 DE
319 2705 24 159 FEVRIER
311 2876 33 411 ,inQuarto:Deprysis/3.6-.
312 3302 30 39 By
318 3352 25 151 Denzelven
318 3511 25 39 zal
311 3559 25 34 op
319 3600 22 52 den
317 3665 20 30 25
315 3706 28 64 May
322 3782 15 32 en
315 3821 30 129 volgende
315 3959 31 94 dagen,

278 2083 31 111 verkogt
282 2203 22 109 worden
283 2320 26 33 de
283 2360 17 73 extra
278 2443 30 92 fraeye
278 2543 28 254 BIBLIOTHEEK,
278 2804 27 135 nage'a-.en
283 2948 24 70 door
283 3026 25 32 de
282 3067 24 70 Heer
282 3146 24 109 WILH.
276 3265 31 112 VAY,in
278 3386 28 113 zyn-Ed.
283 3508 22 89 leeven
282 3606 26 143 Predikant
278 3758 32 295 teZierikzee.beftaen-

249 2085 24 33 de
247 2126 26 107 dezelve
248 2241 24 26 in
242 2276 28 125 keurlyke
240 2409 31 106 Theol.,
241 2524 32 111 Philol.,
242 2644 28 102 Patres,
248 2756 24 64 Hifi.
248 2830 22 97 Ecclef.
247 2939 24 24 &
247 2972 25 122 Hiftorjfe
240 3102 31 100 Boeken,
247 3210 18 31 zo
247 3252 24 27 in
246 3288 25 20 't
242 3318 28 87 Latyn
247 3416 24 37 als
241 3463 31 216 Nederduyts.de
248 3686 24 93 meefte
244 3788 28 76 fraey
242 3872 32 136 gebonden
250 4017 18 33 en

213 2087 24 47 wel
206 2143 32 242 geconditioneerd.
213 2402 25 83 Waer
213 2492 17 51 van
213 2552 24 33 de
211 2594 24 83 Catal.
213 2687 15 32 en
213 2728 24 44 het
206 2780 28 143 boyengen.
213 2934 22 71 Boek
213 3013 18 27 te
213 3046 21 128 bekomen
206 3183 24 52 zyn
213 3246 17 25 te
211 3281 25 85 Dördt
206 3373 28 38 by
211 3417 17 52 van
211 3478 22 94 Braem
207 3582 19 7 ;
207 3599 28 84 Delft,
213 3691 24 33 R.
210 3732 28 103 Boitet;
209 3848 28 138 Haerlem,,
211 3997 20 52 va»

170 2087 31 672 Lee;Rott.,Ph.Lozel;Amfl.,A.Woi-,Borftiusen
176 2769 24 89 Onder
177 2865 22 33 de
168 2907 34 813 Linden;'sHage,v.Tbol;Gooda,Bellaert;Alkm.,Maegh;
174 3730 28 142 Hoorn.de
177 3879 25 78 Wed.
172 3966 30 81 Duyn

143 2086 17 33 en
135 2130 31 417 Beukelman;Enkh.,Seroeyn»;
133 2555 33 319 Utr.,BeffelingenVonk
141 2882 17 51 van
133 2941 33 262 LyndenjMiadi,L.
135 3209 30 112 Bakker;
141 3334 21 18 's
133 3360 30 61 Bos,
135 3429 31 96 Palier;
133 3535 32 90 Gore,
136 3633 32 415 N.Goetzee;Gron.,Spandau;

100 2086 28 118 Leeuw.,
100 2212 27 157 Ferwerda;
100 2376 28 120 Franik.,
104 2503 28 89 Üdink
100 2601 20 8 j
100 2619 27 86 Har).,
103 2713 18 26 v.
104 2746 25 28 d.
100 2785 27 103 Plaets;
100 2896 27 119 NymW.,
100 3021 28 157 Heyman»;
104 3187 19 35 en
104 3233 24 94 verder
104 3337 26 28 in
102 3376 26 51 alle
103 3433 26 100 Steden
100 3541 27 37 by
104 3586 26 33 de
103 3631 26 181 voornaemfte
100 3819 30 216 Boekverkoper:

428 2121 33 113 Jemand
428 2244 32 190 ongetrouwd,
433 2444 26 27 in
428 2478 33 109 Franfcb
435 2601 18 32 en
430 2641 31 107 Duytfcb
428 2754 33 124 Scbryven
437 2885 19 32 en
429 2928 32 131 Cyfferen,
429 3070 25 35 op
436 3117 25 72 heele
431 3196 30 84 goede
429 3287 32 156 conditien,
436 3451 24 38 als
436 3497 25 299 ONDERMEESTER
437 3804 24 27 in
435 3837 20 52 een
437 3895 24 44 FR
437 3943 24 111 ANSCH

399 2086 26 237 KOST-SCHOOL
398 2333 25 131 inflruftie
398 2474 18 25 te
393 2507 22 97 geeven
394 2615 20 8 ;
394 2633 31 119 gelieven
402 2761 24 61 hem
402 2830 26 27 in
402 2869 22 50 den
394 2930 28 70 Haeg
402 3011 24 27 in
402 3047 24 45 het
393 3103 30 104 Wapen
400 3220 18 52 van
402 3280 25 132 Venetien
402 3423 18 27 te
400 3461 25 177 addrefleeren
394 3648 30 37 by
400 3697 25 31 C.
402 3737 25 32 C.
402 3776 24 150 Leonbardi.

527 1175 60 38 De
608 1175 341 28 GECOMMITTEERDE
976 1179 77 25 van
1076 1176 48 26 DE
1147 1179 119 22 EDELE
1284 1176 118 25 groot
1420 1175 180 26 MOGENDE
1620 1173 150 27 HEEREN
1789 1178 170 25 STAETEN
1976 1174 77 30 VAN
2075 1181 170 26 HOLLAND
2267 1185 48 24 EN
2323 1173 7 40 ■
2339 1180 122 33 westv'

491 1212 207 27 VRIESLAND
711 1233 8 13 ,
732 1221 39 18 tot
783 1214 32 25 de
826 1215 102 24 Zaeken
935 1221 50 18 van
994 1214 44 25 het
1046 1213 105 31 Eyland
1161 1213 169 26 Goedereede
1341 1232 7 13 ,
1355 1219 52 24 zyn
1419 1212 213 31 vanmeeninge,
1642 1219 37 22 op
1687 1212 158 31 Donderdag
1854 1213 51 25 den
1915 1219 13 19 1
1935 1221 14 17 1
1957 1213 66 30 May
2034 1217 184 31 I7lo,ophet
2229 1219 105 31 Eyland
2344 1239 6 13 ,
2361 1225 91 28 ophet

491 1248 76 31 Jagt,
576 1250 45 24 dat
632 1252 86 30 leggen
731 1252 39 22 zal
780 1258 51 17 aen
840 1252 32 21 de
883 1251 144 31 Zuydzyde
1041 1254 52 19 van
1107 1250 51 22 den
1172 1256 106 24 grooten
1289 1246 123 33 Triangel
1428 1248 104 30 aldaer,
1550 1254 27 18 te
1587 1247 136 25 befteeden
1731 1252 7 17 i
1759 1246 52 24 Het
1825 1250 143 24 aenheelen
1980 1267 8 12 ,
2006 1250 149 26 droerende
2177 1253 111 25 maeken
2300 1273 8 14 ,
2326 1261 52 18 met
2389 1260 61 27 kley

493 1285 119 31 beleggen
627 1291 33 18 en
671 1291 53 19 met
735 1292 46 24 rys
795 1286 116 31 beflaen,
925 1292 51 18 van
984 1291 118 20 omtrent
1113 1287 32 22 80
1155 1285 107 24 Roeden
1274 1283 96 31 Duyn:
1389 1285 52 24 Het
1449 1284 145 31 opmaeken
1606 1287 52 20 vart
1669 1280 243 33 eenSand-dykje,
1926 1285 61 31 lang
1997 1289 31 22 18
2046 1286 131 32 Roeden,,
2189 1293 32 24 en
2238 1289 44 24 het
2296 1292 89 31 leggen
2400 1281 56 38 vati

493 1319 89 31 eenige
594 1322 70 28 Ryfe
676 1322 130 24 Dammen
817 1330 34 22 op
865 1323 46 21 het
917 1320 117 32 Strand,
1045 1323 48 21 alle
1104 1326 47 18 aen
1159 1320 32 22 de
1201 1319 174 31 Noordzydë:
1396 1320 79 22 Waer
1483 1326 52 17 van
1543 1318 33 25 de
1585 1318 141 25 Beftekken
1736 1319 106 24 kunnen
1850 1317 92 30 gezien
1950 1325 32 18 en
1990 1323 117 28 geleefen
2113 1324 111 25 worden
2235 1324 215 32 bydenFabrice

493 1352 150 34 Sandifort,
652 1356 28 25 in
689 1357 52 24 den
749 1356 86 28 Briel,
848 1363 33 18 en
891 1357 33 30 by
932 1356 51 25 den
994 1356 150 32 Opziender
1155 1356 56 30 Jan
1221 1356 124 28 Grinnis,
1363 1356 107 22 teOude
1479 1351 93 34 Dorp,
1581 1362 34 24 op
1624 1354 130 26 'tvoorfz.
1765 1351 117 32 Eyland.
2404 1376 9 2 -
2440 1351 25 37 ...

528 1402 111 33 HOOG
659 1404 198 31 BAILLIUW,
880 1401 369 27 BÜRGERMEESTEREN
1269 1393 276 33 EN~SCHÉPENEN
1565 1401 73 25 DER
1657 1402 93 22 STAD
1770 1401 125 32 SLUYS,
1915 1401 235 27 WATERREGT
2166 1407 50 24 EN
2236 1401 223 34 NIEÜWMUY-T

493 1439 73 24 DEN
578 1455 7 12 ,
596 1440 109 22 maeken
715 1440 103 22 bekend
829 1456 8 13 ,
852 1439 47 25 dat
911 1447 34 24 op
956 1440 89 22 hunne
1054 1436 390 30 aenftaendeJAERMARKT
1450 1442 64 25 geen
1525 1436 97 31 Spullen
1631 1435 86 26 zullen
1726 1436 109 25 werden
1850 1435 201 32 geadmitteerd.

530 1482 56 34 Op
596 1486 150 31 Woensdag
754 1486 51 24 den
814 1491 33 18 20
855 1486 67 27 May
935 1489 67 22 17J0
1015 1486 98 27 ,znllen
1122 1483 164 32 Dykgraef'eh
1296 1483 203 25 Gezworensvan
1506 1485 44 24 der
1559 1483 98 26 Groede
1667 1487 26 20 in
1707 1486 19 21 't
1733 1485 99 31 Eyland
1844 1493 51 17 van
1906 1483 132 34 Cadfand,
2046 1485 28 26 in
2087 1493 50 18 een
2146 1486 162 32 befteedinge
2319 1491 137 25 befteeden

493 1520 44 25 het
548 1524 86 27 leggen
644 1527 33 18 en
687 1521 122 25 leeveren
819 1527 52 17 van
881 1526 48 17 een
940 1519 110 25 dubbele
1058 1520 230 31 fteeneZee-Sluys
1299 1526 32 17 en
1341 1521 50 21 één
1407 1520 128 31 Spuytje,
1552 1526 53 18 met
1615 1521 26 24 al
1656 1520 45 24 het
1709 1519 84 26 Aerd-
1805 1527 33 17 en
1847 1522 145 31 Ryswerk,
2011 1528 33 18 en
2062 1522 45 25 het
2124 1522 89 32 leggen
2222 1526 52 21 vatn
2285 1528 50 19 100
2346 1526 110 26 Roeden

493 1556 124 30 Zcedyk;
628 1558 38 21 als
676 1556 76 24 mede
759 1559 18 19 't
787 1561 97 24 graven
895 1560 52 18 van
954 1560 47 18 een
1011 1557 109 22 Komme
1130 1560 53 18 met
1193 1554 184 31 zynTrogels,
1387 1559 32 19 en
1427 1556 45 22 het
1481 1561 87 18 zetten
1579 1563 51 18 van
1641 1563 51 19 een
1700 1557 360 32 Sluyswagters-Wooninge.
2081 1559 69 25 Item
2158 1559 28 25 in
2194 1564 69 20 twee
2272 1566 14 17 a
2295 1559 57 24 drie
2360 1561 84 25 beftee-

491 1589 96 34 dingen
596 1593 69 22 twéé
671 1591 322 28 fteeneßinnen-Sluyzen
1004 1598 46 25 ,en
1061 1591 45 25 het
1114 1596 98 26 graven
1224 1598 50 18 van
1283 1597 50 17 een
1342 1590 175 25 confiderable
1524 1592 176 32 Watergang,
1713 1592 137 24 beftaende
1859 1593 27 24 in
1894 1592 119 32 Scheuyr
2026 1602 32 15 en
2070 1594 157 26 Karrewerk
2239 1597 66 22 :De
2314 1597 144 27 Beftekken

493 1629 86 22 zullen
591 1630 13 20 8
617 1628 81 30 dagen
710 1632 66 18 voor
787 1624 33 24 de
831 1622 158 35 befteëdinge
1000 1632 26 18 te
1035 1628 150 28 leezemzyn
1196 1624 26 26 in
1231 1625 47 25 der
1286 1625 113 25 Groede.

526 1671 76 34 j\lzo
611 1681 26 15 te
645 1669 321 35 Bergen-op-den-Zoom,
977 1669 46 28 des
1033 1680 72 24 nagts
1117 1674 79 22 tuften
1206 1671 51 25 den
1272 1678 30 22 ij
1316 1677 32 19 en
1359 1674 28 22 x
1389 1674 14 22 6
1404 1669 72 33 April
1486 1664 163 33 laetfïleeden
1659 1672 371 32 .indeKanon-Kelder»van
2044 1676 46 25 hët
2099 1677 122 32 Ravelyn
2229 1681 170 31 Waffenaer,
2417 1687 43 26 op*

490 1715 48 19 een
547 1715 60 17 zeer
617 1706 144 26 malitieufe
770 1714 74 24 wyze
852 1715 51 25 zyn
911 1710 132 31 vernagelt
1054 1713 32 20 én
1095 1708 115 31 vét-flopt
1215 1709 138 30 geworden
1367 1726 7 12 ,
1384 1713 67 18 twee
1460 1708 115 24 Metaele
1583 1709 106 25 flnkken
1698 1710 93 25 Kanon
1804 1728 7 13 ,
1826 1710 52 24 den
1889 1717 30 20 15
1930 1709 57 26 dito
2003 1711 33 24 of
2047 1710 20 27 's
2078 1714 117 31 avonds,
2211 1715 90 25 aldaer
2313 1716 139 32 geplaetft,

491 1749 128 19 ommeen
630 1748 39 18 ter
678 1741 188 31 prefentievan
879 1743 54 31 Syn
946 1746 94 22 Doorl.
1052 1743 158 32 Hoogheyd,
1221 1744 51 22 den
1281 1741 187 27 HeérePrince
1479 1742 243 33 Erf-Stadhouder,
1731 1748 142 28 eenproef
1879 1754 54 18 met
1939 1747 105 25 dezelve
2055 1754 28 18 te
2091 1748 67 26 doen
2169 1756 6 17 :
2196 1750 39 26 En
2246 1753 111 26 vermits
2369 1753 71 26 alzul-

491 1778 33 25 ke
536 1773 189 37 quaedaerdige
732 1778 67 27 daed
813 1779 91 31 fchynt
912 1780 182 24 ondernomen
1103 1787 27 18 te
1141 1787 53 22 zyn
1205 1798 7 12 ,
1226 1780 87 24 omriie
1324 1780 43 22 het
1376 1780 83 28 Corps
1466 1776 129 30 Artillery
1605 1780 64 22 daer
1678 1780 67 25 door
1757 1788 26 18 te
1792 1781 189 32 proftitueeren
1993 1782 52 30 ;Zo
2056 1783 47 25 is't
2115 1786 144 30 ,dategter
2272 1787 165 32 ,-doordeop-

493 1812 174 30 lettendheyd
677 1821 51 17 van
738 1814 44 25 het
793 1817 102 24 voorfz.
904 1815 84 31 Corps
999 1833 7 13 ,
1028 1817 72 22 zulks
1107 1817 37 30 by
1153 1814 61 31 tyds
1227 1814 185 32 geredrefféert
1422 1813 103 32 zynde,
1544 1812 138 27 niettemin
1696 1815 67 25 door
1773 1817 47 24 het
1830 1819 72 22 zelve
1910 1825 51 17 een
1975 1818 109 32 premie
2093 1826 51 19 van
2154 1806 239 47 honderdgulden»
2405 1830 48 22 per

493 1846 72 26 loofd
575 1848 72 24 werd
659 1857 47 17 aen
717 1851 33 24 de
759 1858 80 25 geene
849 1852 45 24 die
904 1852 52 24 den
966 1852 105 24 Daeder
1078 1852 32 24 of
1117 1851 117 25 Daeders
1251 1851 64 25 daér
1324 1858 52 18 van
1387 1852 40 22 zal
1439 1854 169 25 aentoonen,
1618 1850 109 31 zodanig
1744 1852 46 26 dat
1802 1860 51 17 van
1870 1853 45 25 het
1925 1853 57 32 feyt
1993 1861 142 24 overtuygt
2150 1857 126 31 werden;
2287 1859 122 25 zullende
2420 1859 35 26 de

494 1890 48 19 aen
548 1885 120 32 brengers
681 1893 77 18 naem
770 1905 6 12 ,
795 1887 45 24 des
852 1887 161 31 begeerende
1025 1905 8 12 ,
1041 1886 105 25 werden
1157 1886 183 31 gefecreteert.
1362 1885 22 33 '
1406 1889 9 9 •'
1538 1885 123 33 •
1783 1903 13 4 -.
1820 1885 22 33 -
1866 1885 24 33 •
1913 1907 20 5 ...
1965 1885 33 33 '
2030 1885 32 33 .
2094 1911 9 1 ..
2119 1905 11 5 .
2150 1907 35 7 .....

527 1924 172 37 NEELTJE
719 1930 129 25 VISSER
857 1949 11 14 ,
875 1931 83 25 wiens
963 1930 90 25 Vader
1062 1932 21 24 is
1091 1932 105 30 geweeft
1208 1930 109 26 Cornelis
1326 1931 112 32 Dirkfz.'
1443 1930 80 33 Viffer
1533 1949 9 14 ,
1556 1937 33 17 en
1600 1929 110 25 Moeder
1722 1928 115 28 Cernetia
1847 1933 115 25 Marinus
1969 1951 8 15 ,
1988 1935 51 24 den
2052 1941 32 22 27
2095 1936 64 30 July
2167 1937 66 30 1748
2243 1937 27 25 in

493 1963 59 25 land
560 1965 157 24 overleèden
728 1967 86 30 zynde
828 1974 48 24 ,en
887 1975 51 17 van
946 1968 79 22 haere
1033 1963 194 34 Nalatenfchap
1237 1967 208 32 geprovenieerd'
1455 1970 50 24 870
1515 1968 124 31 guldens;
1645 1963 152 32 mitsgaders
1808 1971 51 18 van
1867 1969 34 22 de
1909 1969 137 26 Goederen
2056 1977 56 19 van
2119 1971 57 31 Jan
2183 1972 70 32 Huys
2259 1980 33 17 en
2306 1975 132 27 AanaVef.-

489 2008 65 15 maes
567 2017 8 13 ,
583 2007 58 25 egte
650 2001 99 25 Lieden
761 2003 67 30 ,hun
840 2001 89 26 inden
937 2002 78 30 Jaere
1026 1998 262 37 i74ogeabfenteei-d
1299 2002 144 32 hebbende,
1457 2003 163 31 tsoguldens
1632 2020 7 15 ,
1651 2008 32 19 en
1693 2001 86 25 welke
1789 2001 150 32 Penningen
1946 2009 41 20 ter
1998 2008 156 28 Secretarye
2169 2013 51 19 van
2229 2008 223 30 Oud-Beyerland

489 2035 102 25 voorfz.
611 2036 136 31 beruflen;
769 2039 37 22 Zo
819 2037 72 25 werd
899 2039 59 30 elk,
969 2046 33 15 en
1010 2044 48 17 een
1067 2037 72 24 ieder
1149 2035 43 26 die
1198 2036 163 30 yermëënen
1371 2039 73 32 eenig
1454 2042 57 27 fegt
1517 2046 34 25 op
1560 2039 109 25 dezelve
1677 2044 27 17 te
1714 2036 103 25 hebben
1830 2036 48 31 ,of
1884 2043 96 20 voorn.
1994 2041 84 28 Neeltj
2080 2049 13 15 e
2104 2041 80 33 Viffer
2202 2044 86 25 van's
2303 2042 102 26 Vaders
2421 2047 33 24 of

491 2072 123 27 Moeders
624 2073 70 28 zyde
702 2079 26 17 te
735 2074 102 27 beftaen
847 2091 7 13 ,
865 2074 236 30 gewaérfchouwd,
1111 2074 89 24 hunne
1208 2072 128 33 bewyzen
1344 2074 28 24 in
1382 2080 24 19 te
1414 2075 123 24 leeveren
1546 2080 39 19 ter
1592 2075 159 30 Secretarye
1761 2080 51 18 van
1824 2072 222 30 Oud-Beyerland
2065 2082 71 18 meer
2148 2080 92 24 voorfz
2251 2093 9 17 ,
2275 2086 45 20 ten
2341 2081 113 30 langden

490 2113 65 18 voor
560 2109 83 27 primo
651 2106 64 33 July
725 2108 155 25 aenftaende
891 2109 74 30 .alzo
973 2109 89 24 alsdan
1074 2111 34 28 by
1123 2109 33 24 de
1170 2107 130 26 Gerechte
1320 2109 90 25 aldaer
1424 2113 65 22 otter
1504 2109 110 26 dezelve
1624 2112 149 30 Penningen
1781 2109 40 24 zal
1831 2106 107 28 werden
1946 2106 207 37 gedifponeerd,
2163 2119 32 18 zo
2204 2114 38 25 als
2256 2114 139 26 bevonden
2406 2117 43 27 zat

487 2141 106 24 werden
604 2147 26 18 te
637 2143 131 25 behooren
778 2152 51 22 ,en
836 2151 53 18 aen
896 2146 33 22 de
940 2145 120 28 Nalatige
1071 2151 47 18 een
1128 2143 102 32 eeuwig
1241 2143 148 33 ftilzwygen
1402 2145 130 33 opgelegt.
2219 2153 7 5 -
2343 2157 73 22 -;.->■;■-

527 2185 66 34 Mr.
607 2190 146 22 SIEBERS
767 2206 8 14 ,
785 2191 135 28 Cafteleyn
931 2198 51 15 van
992 2191 19 24 't
1020 2190 92 25 Nieuw
1121 2180 224 41 VAÜX-HALL,
1354 2199 35 24 op
1400 2191 32 25 de
1441 2193 67 30 Weg
1517 2198 52 19 van
1579 2192 51 25 den
1641 2192 73 32 Haeg
1722 2199 64 18 naer
1801 2190 216 33 Scheveningen,
2027 2197 47 17 aen
2083 2190 80 24 deeze
2172 2189 69 32 zydë
2246 2199 52 18 van
2307 2191 129 31 'tTolhek
2443 2213 12 15 ,

488 2224 86 25 maekt
583 2224 102 25 bekend
696 2224 104 31 ,dathy
808 2232 70 20 zyne
885 2226 204 28 PUBLICQUE
1104 2224 233 32 CONCERTEN,
1348 2226 106 25 verzeld
1470 2235 52 18 met
1534 2235 47 15 een
1597 2230 61 22 Solo
1668 2236 51 17 aen
1727 2230 33 24 de
1769 2228 79 26 Viool
1856 2237 52 17 van
1915 2228 56 25 Mr.
1980 2225 146 26 Hellendabt
2134 2233 50 18 van
2193 2228 106 31 Leyden
2310 2238 51 25 ,-op
2372 2239 65 18 voor-

488 2259 92 24 leeden
596 2261 130 31 Saturdag
735 2261 51 24 den
796 2269 15 20 9
826 2261 81 32 May,
922 2262 135 28 begonnen
1074 2262 89 27 heeft,
1178 2265 32 18 en
1225 2258 64 25 daer
1299 2263 89 24 meede
1398 2264 150 28 weekelyks
1556 2264 59 24 drie
1628 2264 65 25 maei
1707 2264 41 25 zal
1761 2263 207 33 continueeren,
1985 2269 26 19 te
2019 2269 103 21 weeten
2130 2262 146 35 Dingsdag,
2293 2265 162 33 Donderdag

487 2302 33 17 en
530 2296 126 31 Saturdag
667 2303 47 19 ,zo
725 2297 59 28 lang
794 2297 38 22 als
841 2297 43 24 het
892 2296 109 25 Saifoen
1009 2303 52 18 van
1068 2298 19 21 't
1096 2297 59 25 Jaer
1167 2295 73 21 zulks
1256 2297 110 31 toelaet,
1374 2306 33 17 en
1416 2298 46 25 dat
1473 2307 33 24 op
1515 2300 106 25 dezelve
1629 2298 142 25 Conditien
1783 2301 38 26 als
1827 2300 44 25 die
1881 2304 51 20 van
1941 2300 44 24 het
1991 2300 159 27 voorleeden
2159 2302 70 27 Jaer.

519 2337 69 43 JOH
592 2341 50 22 AN
658 2341 254 32 WYNMAELEN,
928 2342 111 25 Franfch
1050 2339 286 34 Koft-Schoolhouder,
1343 2350 50 24 ayt
1401 2346 33 21 de
1444 2346 63 24 Stad
1517 2343 73 26 Delft
1599 2344 197 32 tegenwoordig
1805 2346 133 32 beroepen
1946 2350 40 19 tot
2000 2346 73 26 Stads
2081 2343 96 28 Franfe
2187 2347 203 27 Schoolmeefler
2400 2355 53 20 van

487 2374 34 25 de
530 2375 61 25 Stad
604 2374 103 32 Grave,
718 2378 152 24 adverteert
880 2378 57 25 hier
947 2378 109 28 meede,
1065 2376 47 24 dat
1122 2374 37 30 hy
1168 2374 97 26 binnen
1272 2375 33 25 de
1315 2376 100 25 voorfz.
1424 2380 63 24 Stad
1496 2379 39 27 zal
1546 2380 190 26 continueeren
1746 2381 115 25 Franfch
1870 2380 169 26 Kaft-School
2046 2387 26 19 te
2081 2381 105 26 houden
2196 2400 7 13 ,
2212 2382 194 26 inftrucerende
2417 2385 33 22 de

487 2411 94 25 Franfe
589 2419 33 15 en
630 2412 184 30 Nederduytfe
823 2413 117 30 Taelen,
948 2411 109 32 grondig
1067 2412 50 24 wel
1124 2411 151 31 Schryven,
1284 2413 158 33 Reeksnen,
1449 2417 19 22 't
1476 2414 124 26 Italiaens
1609 2417 176 24 Boekhouden
1796 2417 48 31 ,de
1857 2414 156 35 Navigatie,
2021 2419 52 22 ook
2089 2417 33 25 de
2137 2418 200 27 Fundamenten
2352 2419 99 28 vande

488 2446 100 32 Religie
599 2454 51 24 ,en
660 2448 20 24 't
689 2453 63 25 geen
759 2448 94 24 verder
862 2453 41 19 tot
912 2450 51 20 eén
971 2446 83 32 goede
1064 2446 120 26 educatie
1193 2454 70 19 voor
1269 2446 34 26 de
1316 2446 81 32 Jeugd
1406 2446 78 33 nodig
1491 2448 37 24 is:
1546 2452 71 24 Alles
1628 2459 65 17 voor
1703 2459 48 17 een
1762 2451 24 25 ei
1791 2452 52 25 vile
1851 2459 76 25 prys.

588 2492 150 32 Woensdag
745 2493 52 24 den
808 2499 33 18 20
852 2492 65 30 May
927 2498 67 22 1750
1006 2511 7 12 ,
1023 2493 38 24 zal
1070 2492 87 25 Pieter
1166 2494 51 25 Vos
1225 2511 8 14 ,
1243 2492 188 25 Boekdrukker
1440 2491 58 26 in-'*
1508 2493 84 31 Hage,
1603 2500 44 18 ten
1656 2500 90 25 zynen
1752 2496 87 31 huyze
1845 2494 70 26 inde
1920 2497 201 32 Bagyneftraet,
2128 2498 133 27 verkopen
2270 2497 110 26 deszelfs
2388 2500 47 30 wpj-

487 2524 131 33 gefchikte
637 2529 317 25 BOEKDRUKKERYE
964 2548 7 13 ,
990 2530 137 25 beftaende
1146 2530 27 25 in
1185 2537 12 21 3
1211 2530 93 31 fraeye
1317 2528 102 34 Parffen
1427 2546 8 13 ,
1452 2536 71 18 waer
1533 2530 84 22 onder
1628 2537 12 17 2
1654 2537 53 18 met
1723 2533 99 30 kopere
1833 2532 128 31 Deegels,
1969 2533 37 22 als
2016 2533 90 22 meede
2117 2531 150 25 allerhande
2280 2538 107 19 zoorten
2399 2543 52 18 vsc.

487 2561 118 28 Letteren
624 2569 32 20 en
670 2564 111 25 verdere
797 2563 202 27 Boekdrukkers
1015 2565 235 33 Gereedfcbappen
1259 2574 7 15 :
1285 2568 41 22 De
1342 2567 137 31 Catalogus
1501 2565 113 25 alomme
1628 2568 152 24 verzonden
1785 2565 35 26 is.
1840 2568 41 22 En
1894 2568 33 22 de
1938 2568 138 24 Goederen
2086 2569 84 21 zullen
2179 2567 79 30 daegs
2267 2574 65 18 voor
2341 2569 31 24 de
2385 2569 52 27 Ver-

488 2597 96 31 koping
596 2607 26 15 te
633 2600 58 22 zien
704 2608 63 21 zyn.

524 2641 54 34 Op
588 2644 130 31 Maendag
728 2646 52 22 den
789 2648 14 22 8
813 2646 71 31 Juny
895 2653 30 21 17
931 2653 32 21 jo
974 2665 7 13 ,
996 2648 41 24 zal
1046 2654 61 18 men
1119 2654 34 26 op
1163 2648 52 24 den
1226 2643 129 28 Nieuwen
1363 2648 102 25 Doelen
1474 2646 28 25 in
1517 2646 21 25 's
1550 2646 71 32 Hage
1629 2647 105 31 publicq
1744 2648 97 30 veylen
1853 2654 32 17 en
1893 2648 155 28 vervolgen»
2059 2644 136 30 verkopen
2207 2661 7 14 ,
2228 2650 50 26 een
2287 2650 149 31 vermakely-

488 2675 33 25 ke
530 2680 308 33 BUYTEN-PLAETS,
847 2687 122 26 genaemt
977 2682 254 31 ZELDENRUST,
1241 2685 117 30 geleegen
1367 2680 249 27 aendeTrekvaert
1626 2683 79 22 tuffen
1716 2683 50 24 den
1776 2683 113 30 Haegen
1899 2681 52 24 den
1961 2678 182 32 Leydfëndam
2154 2696 8 14 ,
2172 2686 54 19 met
2232 2681 109 28 deszelfs
2349 2687 105 26 Sta!iin-=

490 2718 30 22 ge
530 2728 8 12 ,
552 2713 131 27 Koets-en
692 2717 261 30 Tuynmans-Huys:
971 2719 72 26 Alles
1054 2719 111 26 breeder
1174 2717 37 32 by
1221 2719 33 24 de
1265 2719 169 32 geaffigeerde
1449 2718 120 25 Billetten
1581 2718 207 32 gefpecificeerd.
1824 2718 90 24 Nader
1928 2713 195 33 onderrigtinge
2131 2715 35 31 by
2176 2715 51 28 den
2235 2719 106 27 Notaris
2352 2728 33 18 en
2396 2722 59 26 Ma»

490 2746 87 25 kelaer
587 2748 32 28 J.
630 2759 50 17 van
686 2752 45 24 den
739 2753 61 30 Bos,
813 2752 26 24 in
850 2752 33 25 de
891 2753 202 25 Bonkhorftraet
1102 2753 28 25 in
1140 2757 19 21 's
1167 2754 85 31 Hage,
1259 2756 31 24 of
1303 2756 34 28 by
1348 2753 51 25 den
1406 2751 182 27 Timmerman
1598 2763 50 15 van
1655 2756 116 22 Noórtte
1782 2753 148 25 Voorbarg.
1946 2758 11 2 -

527 2786 57 38 Op
591 2791 17 22 d
609 2798 32 17 en
653 2800 30 20 is
698 2797 70 28 Juny
781 2804 86 26 1750,
885 2800 39 22 zal
933 2806 59 18 men
1003 2800 98 24 binnen
1113 2800 33 25 de
1157 2802 64 24 Stad
1231 2803 19 21 's
1259 2802 81 24 Bofch
1350 2799 45 32 ,in
1406 2803 20 22 't
1435 2803 141 28 Logement
1586 2803 33 21 de
1630 2802 92 22 Goude
1731 2802 113 26 Leeuw,
1856 2799 33 25 by
1900 2796 118 33 Houffon,
2029 2799 104 34 publicq
2143 2804 131 31 opveylen
2287 2803 8 31 ,'
2304 2811 41 17 om
2356 2810 27 17 te
2393 2791 45 37 veV-

489 2826 89 30 kopen
589 2826 53 30 ,de
650 2829 103 25 Heeren
768 2832 93 28 Huyze
880 2833 270 34 MOURENBURG,
1165 2843 54 19 met
1231 2837 112 25 deszelfs
1354 2837 74 25 Hove
1439 2854 7 14 ,
1456 2837 105 30 Hoeve,
1576 2837 177 26 Landeryen,
1761 2831 150 32 Plantagien
1920 2839 32 17 en
1964 2835 105 33 Boffen,
2083 2839 119 30 geleegen
2215 2845 48 18 een
2272 2837 117 32 quartier
2400 2845 52 18 var.

490 2864 19 22 't
519 2863 74 31 Dorp
604 2861 125 33 Tilburg,
738 2864 131 32 Meyerye
878 2876 52 17 van
939 2871 20 24 's
967 2871 80 25 Bofch
1058 2889 8 13 ,
1075 2874 99 24 alwaer
1183 2878 12 24 3
1206 2874 67 22 mael
1283 2880 47 24 per
1341 2874 73 22 week
1424 2874 33 22 de
1467 2870 141 26 Holtandfe
1618 2876 32 15 en
1664 2876 13 15 2
1687 2868 70 22 mael
1765 2868 33 22 de
1809 2868 144 27 Brabandfe
1967 2872 53 25 Poft
2029 2875 125 27 aenkomt
2163 2881 34 18 en
2206 2875 98 30 afgaet.
2340 2875 111 24 lemand

493 2898 84 25 nader
587 2896 182 33 onderrigting
781 2901 177 34 begeerende,
969 2907 162 25 addreffeere
1139 2907 40 31 zig
1188 2909 35 28 by
1234 2908 51 24 den
1297 2907 109 25 Notaris
1415 2914 32 17 en
1456 2909 150 21 Procureur
1615 2904 150 31 Weygaers,
1778 2909 26 19 te
1817 2904 18 24 's
1843 2904 80 26 Bofch
1931 2915 169 20 voornoemt;

521 2942 51 35 De
583 2944 146 25 Makelaers
738 2946 184 32 Bontekoning
930 2955 33 18 en
973 2952 105 33 Aukes,
1089 2955 83 24 zullen
1182 2962 34 25 op
1232 2955 130 31 Maendag
1376 2955 51 25 den
1440 2956 31 22 18
1483 2954 66 28 May
1563 2959 85 25 1750,
1667 2954 181 26 t'Amfterdam
1863 2954 28 26 in
1902 2956 33 24 de
1946 2955 85 25 Witte
2047 2957 111 30 Swaen,
2176 2962 35 25 op
2220 2955 33 25 de
2265 2955 184 32 Nieuwendyk

490 2982 135 31 verkopen
637 3000 7 13 ,
653 2987 50 19 een
717 2987 92 26 groote
824 2987 80 26 party
914 2983 116 26 Ooflerfe
1045 2993 32 19 en
1089 2989 118 25 Noordfe
1222 2987 257 28 HOUTWAEREN
1492 3006 8 13 ,
1517 2989 131 24 benevens
1662 2995 33 22 30
1708 2996 103 18 zwaere
1824 2993 163 30 Hamburger
1996 2993 99 24 Balken
2101 2999 13 22 ;
2131 2999 33 15 en
2172 2995 149 21 «zwaere
2330 2991 123 25 Dennen.

526 3022 79 37 D'rk
614 3027 190 32 Brethouwer,
813 3026 90 26 Pieter
909 3035 51 18 van
970 3030 117 26 Overzee
1096 3040 32 19 en
1146 3037 131 28 Johannes
1296 3027 157 38 Ëiïbracht,
1475 3035 149 25 Makelaers
1639 3043 26 18 te
1681 3037 248 31 Rotterdaravzyn
1946 3043 52 18 van
2009 3035 120 31 meening
2144 3043 35 24 op
2190 3034 149 32 Wpsnsdag
2352 3033 80 27 den»
2437 3041 17 18 o

491 3060 65 31 May
570 3067 89 26 1750.,
671 3064 20 22 's
702 3061 150 33 namiddags
860 3071 44 18 ten
914 3067 15 24 6
939 3072 100 26 uuren,
1050 3066 27 25 in
1087 3067 44 26 het
1139 3072 141 31 Logement
1286 3072 18 24 't
1315 3071 187 32 Zwynshoofd,
1518 3071 104 33 publicq
1631 3079 26 19 te
1665 3074 133 31 verkopen
1811 3090 8 13 ,
1828 3079 48 19 een
1885 3073 128 30 keurlyke
2022 3078 79 26 party
2111 3078 51 20 van
2169 3078 98 25 neegen
2275 3072 136 25 Toelaften
2421 3078 34 17 en

489 3103 48 15 een
546 3097 106 24 Voeder
670 3099 67 25 befte
748 3100 69 24 oude
827 3102 131 31 Hoghmer
969 3109 33 19 en
1016 3103 202 34 Bodenheymer
1237 3106 133 26 WYNEN
1381 3125 9 13 ,
1406 3115 53 19 van
1480 3107 32 25 de
1525 3107 98 30 Jaeren
1633 3115 66 26 1743
1709 3117 34 17 en
1754 3111 47 30 174
1801 3111 33 30 Ö.
1870 3109 40 25 De
1919 3107 106 27 voorfz.
2035 3109 109 30 Wynen
2161 3113 54 26 zyn
2230 3106 123 33 leggende
2369 3115 35 24 op
2420 3106 35 24 de

490 3131 292 32 Scheepraakershaven
793 3136 26 22 in
828 3143 48 17 een
885 3138 122 31 Pakhnys
1020 3142 69 24 naeft
1100 3142 44 24 het
1154 3143 122 27 Pakhnys
1290 3143 51 25 den
1352 3144 45 24 Os.
1662 3131 265 39 :
2023 3149 46 14 -'•
2153 3151 22 13 .-
2270 3152 11 4 -

526 3174 194 37 N.Verfteeg,
731 3180 34 24 N.
774 3181 39 24 Ho
819 3188 87 17 uwens
913 3189 33 17 en
954 3183 24 28 J.
989 3177 190 37 Beyermaïïde
1185 3180 84 39 jonge
1279 3189 178 31 .Makelaers,
1465 3191 85 24 zullen
1558 3198 35 24 op
1602 3191 162 30 Donderdag
1770 3190 52 25 den
1831 3194 32 21 28
1873 3190 65 30 May
1951 3188 113 33 i?jo,.'»
2072 3188 154 33 namiddags
2232 3195 47 17 ten
2291 3195 12 22 3
2314 3191 83 19 uuren
2411 3190 45 24 ~te

491 3214 159 24 Rotterdam
660 3221 27 18 in
696 3216 19 24 't
722 3215 144 32 Logement
874 3216 34 25 de
918 3217 102 27 Groote
1028 3220 131 27 Mareehal
1170 3222 33 25 de
1209 3223 126 25 Turenne
1345 3231 34 24 op
1390 3224 34 25 de
1431 3226 154 30 Zoydblaek
1596 3244 9 13 ,
1615 3233 72 25 agter
1700 3226 33 25 de
1741 3227 99 31 Beurs,
1848 3227 135 28 verkopen
1994 3243 8 12 ,
2019 3230 50 20 een
2083 3224 128 31 keurlyke
2224 3219 229 34 Scheeps-Lading

489 3254 51 18 van
554 3254 51 26 154
614 3249 105 25 Korven
728 3252 44 24 FR
776 3252 67 25 ANS
855 3253 44 27 GL
902 3253 41 25 AS
956 3261 50 19 van
1013 3255 33 25 de
1055 3256 111 25 Merken
1173 3257 11 32 (
1194 3259 90 25 Leliën
1289 3261 63 30 )W
1361 3261 43 30 R,
1411 3261 70 32 EB,
1489 3261 70 32 TF,
1570 3261 44 32 M,
1625 3262 99 31 G,LC
1736 3279 8 14 ,
1752 3268 32 18 en
1792 3261 43 32 T>,
1839 3262 53 24 alle
1900 3261 125 26 driemael
2033 3260 117 32 gebrand
2161 3260 167 27 r-Beneeyen»
2333 3261 56 19 een
2394 3261 46 25 par-

494 3287 30 26 ty
527 3289 38 25 tje
573 3283 96 31 Engels
677 3302 9 13 ,
693 3285 151 34 Italiaens.,
852 3288 130 31 Berlyns,
993 3291 146 31 Carlerois,
1149 3300 33 20 en
1191 3293 86 30 Kiften
1287 3295 202 32 Mekelenburgs
1496 3296 57 25 Wit
1563 3305 32 17 en
1603 3295 123 26 ordinair
1731 3298 196 28 VENGSTER
1936 3298 100 22 GLAS.
2057 3298 50 21 Het
2115 3294 103 25 voorfz.
2228 3291 91 25 GLAS
2328 3292 41 22 zal
2376 3292 78 30 geloft

488 3325 34 17 en
531 3319 125 30 gekaveld
665 3321 69 25 ftaen
741 3328 35 25 op
783 3321 34 25 de
829 3324 125 25 Gelderfe
963 3326 73 32 Kaey
1043 3327 37 31 by
1088 3327 34 25 de
1129 3328 83 24 Beurs
1221 3337 67 18 voor,
1299 3332 20 24 't
1329 3333 74 27 Huys
1411 3339 51 19 van
1472 3333 32 24 de
1511 3334 72 25 Heer
1593 3332 119 33 Gofewyn
1727 3333 70 32 Tips,
1805 3333 138 31 Koopman
1954 3325 31 34 jn
1991 3333 79 30 Cta»v
2150 3319 79 46 :
2308 3335 9 4 '
2336 3335 8 5 '

524 3360 52 34 Te
585 3365 163 26 Amfterdam
756 3365 76 32 byS.
843 3370 77 22 VAN
939 3371 183 33 ESVELDT,
1133 3372 72 26 inde
1217 3374 164 32 Beursfteeg,
1390 3376 22 25 is
1420 3377 113 32 gedrukt
1539 3385 34 19 en
1580 3380 112 24 alomme
1701 3385 26 19 te
1735 3378 145 26 bekomen:
1891 3379 102 25 Kcmari
2010 3377 197 32 Uytjpcminngen
2218 3391 7 12 ,
2236 3372 33 25 of
2275 3372 103 26 nieuwe
2385 3366 71 32 VerT

489 3402 143 28 handeling
645 3402 791 41 vandeKanarie-teeld.denOorfprong.deVoortteeling,
1446 3413 529 32 Aenkweeking,onderfcheydenAertj
1987 3412 123 27 Ziektens
2119 3417 32 17 en
2163 3409 152 24 Gebreeken
2328 3426 9 13 ,
2350 3410 86 26 midde-

489 3437 41 21 len
540 3442 40 18 ter
589 3437 146 32 herftelling
746 3445 51 18 van
807 3437 34 26 de
849 3439 135 26 Kanarien
994 3459 8 12 ,
1020 3450 33 17 en
1064 3444 64 24 alles
1141 3450 54 19 wat
1211 3450 47 20 een
1274 3445 152 27 Liefhebber
1440 3448 79 32 nodig
1530 3450 117 31 heeft,'t
1656 3450 197 32 zyhy.dezelve
1863 3443 293 31 wildoenbeoedenof
2163 3443 71 32 niet;
2249 3438 150 33 beneéven»
2413 3448 35 24 de

489 3471 80 24 Kunft
580 3478 53 26 ,op
645 3478 53 18 wat
705 3481 76 24 wyze
791 3482 60 17 men
861 3476 33 24 de
902 3476 151 33 Kanarien,
1068 3480 109 30 volgens
1185 3487 50 18 een
1247 3483 155 32 Flagoletje,
1419 3483 52 26 kan
1482 3485 87 24 leeren
1577 3485 125 32 Buyten;
1713 3485 65 25 alles
1792 3483 187 31 naenwkenrig
1988 3489 37 20 na
2037 3488 47 21 een
2096 3487 71 19 meer
2181 3481 51 25 dan
2242 3478 211 37 vyf-en-twintig

488 3514 98 22 jaerige
593 3509 195 32 ondervinding
794 3510 175 26 befchreeven
976 3513 66 25 doer
1050 3515 30 24 F.
1091 3522 50 18 van
1152 3516 115 26 Wiekede
1276 3536 7 12 ,
1292 3517 44 25 die
1343 3526 65 25 geen
1419 3521 191 32 Exemplaeren
1620 3528 66 18 voor
1697 3522 33 22 de
1737 3527 67 25 zyne
1813 3520 102 24 erkend
1922 3536 11 15 ,
1943 3520 39 24 als
1993 3516 44 25 die
2043 3517 67 25 door
2127 3515 30 27 S.
2165 3526 51 17 van
2233 3509 105 34 Èsveldt
2354 3527 83 24 eygen-

489 3542 96 31 handig
592 3549 90 25 tegens
687 3543 33 25 de
732 3546 80 30 Tytel
828 3553 53 24 zyn
889 3548 217 33 oüderteekend,
1119 3554 13 20 8
1144 3550 128 31 ftuyvers.
2073 3557 18 8 -

526 3586 50 37 By
586 3592 77 24 •<*»*•
671 3593 30 22 de
706 3593 78 24 Groot
793 3611 8 14 ,
807 3601 27 15 en
841 3594 96 25 Zoonen
945 3612 8 13 ,
960 3601 32 18 zo
1000 3594 26 25 in
1035 3598 20 22 's
1063 3598 71 30 Hage
1141 3600 37 22 als
1187 3600 200 33 t'Amfterdam;
1397 3608 26 18 te
1431 3604 157 22 Rotterdam
1596 3605 37 28 by
1643 3606 28 22 F.
1680 3605 30 24 de
1720 3602 84 31 Vuyk;
1822 3602 143 31 teLeyden
1976 3604 37 30 by
2020 3606 163 27 -Hazehroek;
2190 3608 26 20 te
2223 3605 73 24 Delft
2306 3606 37 28 by
2354 3607 83 25 Graeu-

487 3628 115 22 wenbaen
612 3632 43 24 ;te
663 3626 164 33 Middelburg
837 3630 35 31 by
883 3631 31 22 P.
925 3630 109 34 Gilliffen
1042 3641 8 19 ;
1062 3638 25 18 te
1100 3635 58 24 Utr.
1170 3634 37 31 by
1217 3637 27 25 C.
1256 3639 115 30 Kribber;
1378 3646 31 17 en
1420 3639 96 24 verder
1524 3638 177 31 bydemeefte
1707 3638 220 33 Boekverkoper»
1942 3638 69 27 inde
2022 3639 181 28 7-Provincien
2213 3659 7 12 ,
2241 3639 26 26 is
2280 3646 26 19 te
2319 3640 131 25 bekomen

489 3663 45 21 het
540 3663 58 28 lang
606 3669 131 25 verwagte
746 3670 33 17 en
787 3671 59 18 zeer
856 3671 98 27 proper
961 3672 38 26 uy
1003 3670 124 28 tgevoerd
1137 3671 100 31 Werk,
1246 3678 133 24 genaemt:
1387 3671 252 27 BESCHRYVING
1655 3672 77 26 DER
1749 3674 269 27 VOORWAEMSTE
2030 3677 30 28 *y
2065 3676 352 27 REUGDE-BEDRYVEN
2427 3681 26 21 in

497 3704 12 15 s
517 3698 266 33 GRAVENHAGE,
800 3703 215 33 ter.geleegenbeyd
1020 3712 51 17 van
1087 3706 28 24 de
1124 3705 163 26 KRONING
1303 3717 50 18 van
1367 3709 65 26 SYN
1452 3707 230 28 KEYZERLYKE
1702 3710 208 32 MAJESTEYT
1926 3712 222 27 FRANCISCUS
2163 3712 24 24 I.
2199 3712 104 26 &c.&c.
2314 3712 50 25 &c.
2399 3713 53 24 Het

490 3735 229 28 bovengenoemde
729 3735 83 27 Werk
819 3743 22 18 ts
850 3736 110 32 gedrukt
967 3737 175 33 ïnheelgroot
1149 3742 83 31 Folio,
1239 3750 34 25 op
1280 3744 74 25 Atlas
1364 3744 141 32 Impériaél
1514 3746 103 33 papier,
1624 3745 139 27 beftaende
1772 3754 50 25 uyt
1830 3754 97 19 zeeven
1933 3748 187 26 FolioPlaeten
2130 3754 33 18 en
2173 3754 67 19 twee
2246 3749 92 30 fraeye
2346 3748 93 31 Vignet-

490 3772 44 21 ten
546 3785 8 12 ,
570 3769 194 27 verbeeldende
774 3771 32 24 de
824 3771 253 27 PLEGTIGHEYD
1093 3777 41 25 der
1153 3777 188 27 KROONING
1354 3788 52 18 van
1420 3783 58 28 Syn
1493 3783 123 30 Keyzéi-1.
1635 3783 113 32 Majt.in
1759 3784 33 25 de
1800 3784 170 25 Hoöfd-Kerk
1977 3790 27 19 te
2013 3784 157 30 Frankfort,
2181 3790 33 18 en
2224 3783 230 32 deWeereldlyke

490 3808 175 21 Keurvorften
676 3808 53 21 hun
738 3808 174 32 Aerts-Ampt
920 3809 168 32 verrigtehde
1095 3816 35 27 op
1140 3813 34 24 de
1182 3813 99 25 Groote
1289 3815 89 25 Markt
1383 3824 67 17 voor
1457 3817 46 24 het
1511 3817 150 32 Stadhuys,
1677 3826 122 25 genaemt
1807 3820 33 24 de
1850 3821 113 25 Roemer
1974 3822 63 31 ~&c.
2073 3820 191 28 Gezamentlyk
2274 3827 60 17 zeer
2343 3828 34 24 uy
2381 3828 60 19 tvoe-

490 3847 39 21 rig
537 3846 33 17 en
578 3842 98 30 konftig
684 3848 28 18 in
722 3843 19 22 't
746 3842 85 32 koper
839 3844 105 32 gebragt
950 3844 67 25 door
1024 3846 52 26 den
1083 3848 159 26 beroemden
1256 3850 260 34 Konft-Plaetfnyder
1522 3855 32 32 J.
1566 3854 28 26 C.
1607 3854 92 33 Pbilipt
1708 3866 9 20 ;
1726 3855 86 32 zynde
1819 3855 64 25 daer
1891 3857 37 30 by
1933 3856 115 31 gevoegd
2055 3863 48 17 een
2112 3848 347 39 omftandigeßefchryvina

490 3880 32 18 en
534 3876 158 50 yytiegging
706 3876 48 27 der
774 3880 98 24 zaeken
879 3887 28 17 in
917 3880 33 25 de
956 3882 102 24 voorfz.
1068 3882 107 25 Plaeten
1185 3886 142 32 verbeeld,
1336 3894 31 18 zo
1380 3887 28 26 in
1426 3891 136 32 'tDuytfcb
1576 3891 39 24 als
1622 3888 57 26 int
1688 3893 123 32 Franfch,
1825 3898 35 20 en
1869 3899 92 18 voorts
1970 3893 65 24 daer
2046 3899 51 18 aan
2107 3891 70 26 niets
2190 3891 124 32 gefpaerd
2324 3909 7 12 ,
2350 3892 46 26 dat

694 3919 399 27 enyercieringeenigzihtskan
1104 3920 130 26 ftrekken,
1270 3921 50 25 Dit
1331 3925 177 28 uytmuntend
1519 3926 83 24 Werk
1616 3925 25 26 is
1654 3926 163 33 opgedragen
1832 3934 50 18 aen
1896 3928 34 24 de
1946 3933 66 19 twee
2022 3928 90 24 oudfte
2126 3926 168 31 Keyzerlyke
2301 3930 139 25 Aerts-Her-

489 3952 67 26 toger,
570 3951 481 32 JOSh.PHUSenCAREL,enword
1067 3953 52 25 den
1135 3957 247 27 Konftbeminnaers
1397 3959 168 32 aengeboden
1576 3969 67 17 voor
1658 3969 93 24 4-10-0
1769 3964 188 31 ongebonden,
1976 3971 33 18 en
2019 3961 27 26 in
2054 3971 51 18 een
2119 3971 47 20 net
2178 3960 117 33 Bandje,
2313 3967 54 18 met
2379 3965 83 32 ftyve

491 3985 117 20 boorden
619 4000 9 15 ,
637 3991 67 39 yoor
720 3991 85 22 j-5-0.
841 3987 60 24 Oek
915 3996 22 17 is
947 3991 73 22 mier
1030 3997 48 18 een
1087 3998 60 18 zeer
1157 3991 90 34 gering
1260 3996 69 30 geul
1345 4003 66 19 voor
1426 3997 164 25 Liefhebber»
1599 4004 34 25 op
1641 3998 117 25 allerbeft
1765 3998 93 32 papier
1863 3999 113 31 gedrukt
1993 4018 9 12 ,
2013 4007 15 17 a
2044 4005 74 22 j-j-o
2127 3998 174 32 ongebonden
2313 4004 48 26 ,en
2370 3998 28 26 in
2411 4005 54 20 een

490 4018 117 31 Bandje,
627 4019 38 24 als
678 4020 106 31 boven,
800 4024 17 21 6
831 4024 34 27 gl.
1628 4041 51 11 ..-,
1716 4018 37 33 .
1791 4018 41 31 f.

617 4082 40 34 Ia
673 4081 27 32 's
709 4080 244 44 Gravenhage,
967 4083 48 43 by
1030 4084 272 38 ANTHONI
1322 4097 53 25 de
1397 4089 592 43 GROOT.indeZoylingftraet.
2007 4094 46 33 de
2055 4102 19 24 D
2098 4093 131 39 isMay
2242 4102 37 30 l7
2281 4102 52 30 so.
