3853 5004
1133 1926 3 3 .
1214 1912 229 28 CHAPEAU
1493 1912 50 27 DE
1586 1912 160 28 AGNES
1790 1928 8 5 -
1844 1912 161 27 GANTS
2052 1913 52 26 DE
2147 1912 207 28 CHANEL

1214 1958 183 28 PHOTO
1455 1959 15 26 S
1488 1959 24 26 A
1530 1959 22 25 A
1573 1959 20 26 D
1650 1973 10 6 -
1716 1958 294 28 COULEURS
2068 1959 284 28 LEMAITRE

1808 2074 696 317 ;~mao~~
2511 2128 188 66 _MW

1591 2432 274 120 w_e..

1192 2640 504 164 MARE
1740 2704 36 40 -
1836 2648 540 160 CUIRE

1188 3052 1156 260 Sommaire

275 3356 181 33 NUMERO
490 3355 64 32 100
1766 3367 54 43 ^
2951 3369 43 30 27
3024 3370 177 32 JANVIER
3235 3374 88 30 1939

719 3411 175 32 FAMILLE
926 3411 44 31 ET
1000 3410 82 33 ART
1111 3410 49 33 DE
1189 3408 118 35 VIVRE
2356 3433 159 35 BEAUTE
2545 3434 45 33 ET
2622 3435 187 31 HYGIENE

278 3483 31 31 +
332 3484 109 32 VOUS
468 3483 153 32 POUVEZ
645 3482 123 32 CREER
795 3483 46 31 LA
864 3482 90 32 JOIE
1589 3478 106 33 PAGE
1738 3479 20 30 4
1857 3489 33 33 +
1912 3492 109 33 VOUS
2065 3492 196 33 POURRIEZ
2301 3493 87 32 ETRE
2430 3494 162 31 ENCORE
2638 3495 89 30 PLUS
2770 3495 142 34 JOLIES,
2955 3495 70 32 SI,
3072 3496 70 29 PAR

924 3561 183 33 LECTURE
1980 3539 173 33 COLETTE
3203 3560 38 3 -
3298 3544 37 28 40

280 3630 31 27 4*
334 3631 112 30 VOICI
473 3631 37 30 LE
532 3631 199 30 CENTIEME
754 3631 179 30 NUMERO
957 3631 46 30 DE
1022 3629 280 36 «MARtE.CLAIRE
1302 3629 80 36 »,
1406 3629 39 32 ET
1465 3628 105 32 C'EST
2210 3607 44 32 LE
2281 3607 215 33 COURRIER
2524 3609 49 31 DE
2602 3620 19 19 «
2640 3609 333 31 MARIE-CLAIRE»

410 3677 169 30 COLETTE
606 3677 73 37 QUI
712 3677 57 30 L'A
798 3677 81 30 FAIT
1729 3675 33 30 10
1912 3665 113 32 «J'EN
2048 3665 102 32 AIME
2172 3665 56 32 UN
2250 3665 170 33 AUTRE.»
2444 3665 176 33 REPONSE
2644 3667 42 30 DE
2709 3666 169 31 COLETTE
3202 3686 41 4 —•
3297 3671 36 27 49

282 3719 32 31 +
340 3723 219 36 POURQUOI
589 3724 40 29 JE
658 3724 58 30 LES
744 3723 124 31 AIME:
898 3723 101 30 BETTE
1028 3722 124 35 DAVIS,
1181 3721 160 32 SIMONE
1368 3721 135 33 SIMON
1535 3720 39 33 ET

407 3770 156 30 MICHEL
591 3770 146 34 SIMON,
770 3770 70 29 PAR
871 3769 172 31 COLETTE
1624 3784 42 6 —
1725 3767 33 31 12
2532 3753 122 25 MODE

278 3811 32 31 4>
334 3815 39 31 LE
419 3815 199 31 NOUVEAU
665 3816 115 32 VENU,
829 3815 206 30 NOUVELLE
1082 3814 157 33 INEDITE,
1288 3814 72 32 PAR
1409 3813 162 32 ETIENNE
1854 3800 34 32 +
1911 3803 59 32 LES
1993 3803 162 38 QUATRE
2178 3803 156 33 SUCCES
2359 3804 46 32 DE
2429 3804 108 32 PARIS
3198 3826 41 4 —
3295 3810 35 28 24

403 3862 228 31 ANTHERIEU
1627 3876 44 6 —
1730 3860 33 30 16
1853 3847 34 31 +
1907 3850 42 31 JE
1976 3850 53 31 ME
2059 3850 141 32 REPOSE
3197 3873 39 2 -
3294 3857 36 27 26

277 3904 32 30 4-
335 3907 47 31 LA
406 3919 16 19 «
438 3908 156 30 CHATTE
609 3919 17 18 »
662 3908 116 30 CELLE
803 3908 73 31 QUI
907 3908 68 29 N'A
1003 3907 68 32 PAS
1097 3907 138 32 VOULU
1266 3906 166 32 D'AUTRE
1458 3905 110 33 NOM,
1865 3892 33 32 *
1923 3895 105 32 POUR
2055 3896 101 30 FINIR
2181 3896 157 36 L'HIVER,
2364 3896 108 32 POUR
2494 3896 272 32 COMMENCER
2794 3899 36 29 LE
2857 3899 212 31 PRINTEMPS
3208 3918 41 4 —
3304 3903 36 28 28

406 3954 71 29 PAR
501 3954 169 30 COLETTE
1251 3948 9 5 "
1625 3969 43 5 —
1727 3952 33 30 18
1865 3938 33 33 +
1922 3941 107 33 POUR
2056 3941 148 34 TOUTES
2232 3942 60 32 LES
2320 3942 161 36 HEURES,
2510 3943 52 32 DU
2591 3944 144 30 TRICOT.
3208 3965 39 3 —
3301 3949 39 28 46

278 3996 32 30 4*
336 3999 79 31 UNE
444 4000 137 30 FEMME
610 4000 198 31 MARQUEE
838 4001 71 30 PAR
940 4000 38 30 LE
1006 3999 131 31 DESTIN
1159 4009 7 20 :
1194 3999 118 32 PEARL
1340 3998 106 32 BUCK
1627 4015 42 4 —
1723 3998 38 29 20
2542 4024 170 7 ui|„u

276 4042 31 30 +
330 4046 178 30 VARIETES
1627 4061 37 5 —
1725 4043 36 30 22
2460 4035 52 20 LA
2542 4030 172 25 MAISON

274 4088 31 30 4*
328 4092 113 30 TROIS
465 4092 264 31 CHANTEUSES
754 4092 165 31 LEGERES
1557 4115 5 5 .
1622 4107 41 5 —
1719 4090 36 29 23
1863 4078 33 31 +
1917 4081 170 32 COLETTE
2113 4082 57 31 DIT
2188 4093 45 20 :«
2246 4082 42 31 JE
2310 4082 86 32 SUIS
2418 4082 109 31 CHEZ
2550 4083 113 30 MOI...
2689 4084 37 29 ET
2749 4084 107 30 VOUS
2876 4084 13 29 ?
2905 4095 17 18 »
3204 4104 41 3 —
3300 4088 37 29 30

264 4134 43 31 •4*
333 4138 30 29 IL
392 4138 147 30 M'AIME
570 4139 54 29 UN
657 4138 100 30 PEU...
788 4139 261 32 BEAUCOUP...,
1079 4136 208 32 NOUVELLE
1317 4135 148 33 INEDITE
1495 4136 73 31 PAR
1862 4124 33 32 +
1917 4128 70 31 CES
2015 4127 205 33 COUSSINS
2248 4127 106 33 SONT
2382 4128 99 32 DEJA
2506 4128 109 31 CHEZ
2642 4129 107 30 VOUS...
3204 4150 40 3 —
3300 4134 35 28 32

405 4184 141 26 KATRIN
581 4184 198 28 HOLLAND
815 4183 95 34 (FIN)
1624 4199 39 4 —
1720 4181 37 30 34
1860 4170 34 31 +
1915 4174 132 31 J'AIME
2072 4173 85 32 ETRE
2178 4173 285 36 GOURMANDE,
2488 4174 71 31 PAR
2583 4175 169 30 COLETTE
3203 4196 41 3 —
3300 4180 36 28 36

276 4226 32 31 4-
333 4230 38 30 LE
398 4230 177 30 COFFRET
603 4230 206 33 D'ECAILLE,
837 4230 149 32 GRAND
1015 4229 155 32 ROMAN
1202 4228 136 36 INEDIT,
1367 4229 73 30 PAR
1465 4227 102 32 JEAN
1860 4216 34 32 +
1917 4220 112 31 MILLE
2057 4219 115 32 PETITS
2196 4231 18 21 «
2239 4219 127 32 TRUCS
2391 4230 18 21 »
2436 4220 188 32 PRECIEUX
3203 4241 39 4 —
3305 4225 32 26 3R

403 4276 238 31 D'AGRAIVES
672 4275 136 39 (SUITE)
1623 4290 44 6 —
1720 4274 37 29 42
1861 4262 31 31 +
1916 4266 46 31 LA
1987 4265 219 34 POUSSIERE,
2229 4266 123 31 VOILA
2375 4265 210 33 L'ENNEMIE
3203 4287 40 4 —
3300 4267 34 27 39

276 4318 32 31 +
332 4321 193 37 BOUQUET
552 4322 45 30 DE
620 4322 203 33 JEUNESSE,
852 4322 193 36 BOUQUET
1071 4322 67 32 DES
1165 4320 141 33 NEIGES
1624 4336 42 5 —
1721 4320 40 28 44
1859 4319 87 26 ÎOUS
1968 4319 118 27 DROITS
2108 4319 40 28 DE
2169 4319 268 28 REPRODUCTION
2460 4318 153 28 RESERVES
2637 4321 88 25 POUR
2746 4321 87 26 TOUS
2857 4321 87 32 PAYS,
2967 4323 17 24 Y
3006 4322 155 26 COMPRIS
3184 4324 149 26 L'U.R.S.S.

1183 4458 379 28 ABONNEMENTS-POSTE
1591 4459 317 32 INTERNATIONAUX,
1937 4460 269 28 CHANGEMENTS
2235 4460 187 36 D'ADRESSE,

1465 4527 19 9 -
1526 4505 219 30 REGLEMENTS
1762 4516 5 17 :
1794 4507 59 26 voir
1880 4507 105 28 détails
2013 4516 76 24 page
2118 4507 39 27 59.

1204 4552 40 31 25,
1271 4551 64 27 RUE
1362 4552 197 32 D'ABOUKIR,
1587 4553 95 27 PARIS
1707 4568 9 6 -
1743 4553 141 27 COMPTE
1910 4553 165 34 CHEQUES
2103 4553 153 29 POSTAUX
2282 4555 116 28 2084-67.
