3844 5004
226 2486 44 86 *)
456 2514 162 58 avec
644 2498 114 76 des
782 2496 328 80 Broderies
1134 2500 332 78 éxécutées
1488 2522 80 58 en
1660 2526 42 94 7

216 2574 80 352 f
440 2606 1136 240 MATANIA

241 2927 47 47 i*
558 2942 9 22 «
604 2934 402 43 COULEURS
1052 2935 308 42 SOLIDES
1397 2945 8 23 >
1679 2897 44 78 /*

218 2990 44 104 *]
454 3006 208 84 Pour
724 3008 74 82 la
850 3008 414 84 Broderie
1320 3010 236 84 Mate
1652 2990 50 104 #)

241 3095 43 59 I*
1677 3092 42 62 /*

244 3176 18 34 1
654 3172 61 38 En
738 3171 206 42 broderie,
958 3185 162 24 comme
1139 3180 177 38 partout,
1333 3172 38 37 le
1386 3180 81 30 mat
1677 3163 22 47 I

218 3216 43 59 #/
653 3232 61 30 est
740 3225 21 36 à
793 3224 37 37 la
864 3223 133 38 mode.
1025 3224 76 37 Les
1128 3223 341 38 Etablissements

241 3275 43 36 L.
653 3274 504 39 CARTIER-BRESSON
1190 3276 199 35 viennent
1417 3275 51 37 de
1680 3274 42 47 L,

239 3318 15 46 l
653 3327 141 37 lancer
832 3340 54 22 un
920 3325 133 38 Coton
1092 3326 84 36 Mat
1211 3327 21 35 à
1267 3326 159 37 Broder
1459 3341 8 22 :
1676 3333 16 29 I

246 3388 15 26 1
653 3377 334 45 "MATANIA",
1002 3378 71 49 qui
1094 3377 139 37 donne
1251 3391 55 23 un
1322 3377 145 37 travail
1685 3392 16 22 1

250 3417 11 49 I
789 3429 99 38 d'un
922 3435 138 38 aspect
1094 3428 167 37 velouté
1293 3429 174 44 particu-

241 3486 19 57 I
260 3486 29 57 1*
791 3480 220 37 lièrement
1037 3480 143 36 réussi.
1235 3530 7 7 •
1459 3531 7 6 •
1675 3471 43 72 1~/*

241 3533 21 37 1
333 3538 108 36 /$■""
464 3531 19 3 --
487 3530 12 40 Û
499 3530 12 40 -
511 3530 13 40 "
791 3530 295 38 MATANIA
1122 3537 196 30 convient
1360 3544 107 24 aussi
1675 3533 19 35 I

218 3586 45 46 *]
312 3579 37 53 ff
517 3585 56 47 ^
656 3572 44 50 %
789 3582 98 38 bien
909 3596 106 36 pour
1035 3581 249 38 l'exécution
1305 3581 52 37 de
1374 3595 95 36 nap-
1656 3572 42 60 ^

244 3630 44 52 LL.
312 3641 32 44 \V
542 3632 83 53 URÉ£
672 3630 30 50 !'
789 3647 165 36 perons,
997 3634 201 43 coussins,
1236 3639 115 38 etc...,
1388 3646 81 36 que
1685 3636 11 33 /

243 3689 15 33 i
790 3698 108 36 pour
941 3683 152 38 broder
1138 3683 72 38 des
1252 3683 99 44 cols,
1397 3683 72 37 des
1679 3670 44 50 i*

244 3728 20 38 1
788 3735 182 45 blouses,
995 3735 180 44 boléros,
1194 3735 207 36 ceintures
1430 3742 39 29 et
1684 3746 15 25 1

251 3771 12 52 I
790 3794 138 30 autres
948 3787 248 37 accessoires
1222 3785 52 38 de
1296 3785 173 38 toilette'
1658 3772 39 49 */

241 4069 46 48 r
760 4051 472 68 Gratuitement
1679 4074 41 44 r

612 4189 40 18 en
687 4178 197 30 demandant
915 4182 16 26 à
972 4179 398 35 CARTIER-BRESSON,

612 4225 127 30 Service
773 4226 170 35 Publicité,
974 4228 50 34 86,
1059 4227 173 30 boulevard
1263 4228 108 30 Séba..
1681 4218 40 57 /^

246 4259 16 43 l
613 4273 101 35 topol,
730 4275 17 27 à
766 4273 99 35 Paris,
878 4276 28 29 la
921 4276 149 33 pochette
1092 4278 254 33 MATANIAn*
1360 4278 19 29 2
1678 4273 17 34 I

253 4328 17 23 1
612 4327 175 22 contenant
809 4321 160 35 plusieurs
991 4323 143 29 modèles
1154 4323 41 30 de
1221 4325 148 30 broderie
1670 4328 33 27 .1

259 4375 8 23 I
540 4374 6 59 1
613 4373 32 22 et
661 4378 43 19 un
721 4367 160 31 écheveau
897 4369 210 30 échantillon.
1683 4358 19 76 J

277 4477 1376 131 CARTIER-BRESSON

1808 400 1448 272 rf«Ae)iw£c6,

1816 656 1464 240 l'Mmxvn

1985 2562 145 49 Basé
2155 2579 94 31 sur
2276 2560 75 49 les
2386 2561 356 48 Découvertes
2775 2559 264 49 Récentes
3076 2559 68 48 de

1868 2654 234 50 Savants
2133 2653 366 60 Américains,
2537 2670 59 31 ce
2628 2652 265 48 Nouveau
2926 2651 335 48 Traitement

1987 2746 200 48 Donne
2254 2744 94 49 des
2416 2743 277 50 Résultats
2755 2743 387 64 Surprenants.

1872 2863 144 39 Jusqu'à
2041 2863 151 39 présent,
2215 2862 90 30 seuls
2328 2862 61 30 des
2412 2862 120 30 traite-
2603 2861 208 30 traitement
2822 2859 221 39 scientifique
3061 2858 171 31 rationnel
3249 2858 59 38 qui

1826 2918 115 26 ments
1961 2915 43 29 de
2023 2915 127 29 beauté
2171 2916 72 28 très
2263 2914 217 39 compliqués
2498 2916 36 28 et
2603 2914 116 29 donne
2734 2914 59 28 des
2807 2912 166 30 résultats
2986 2911 240 38 comparables
3239 2919 72 20 aux

1824 2966 72 30 très
1915 2970 153 26 couteux
2090 2966 134 31 étaient
2240 2966 233 39 susceptibles
2492 2967 43 29 de
2605 2965 183 30 méthodes
2821 2964 47 29 les
2904 2963 77 39 plus
3016 2963 170 38 réputées.
3220 2961 92 30 C'est

1825 3018 134 29 donner
1997 3018 21 30 à
2053 3018 168 39 quelques
2255 3017 217 40 privilégiées
2502 3019 34 29 la
2605 3017 101 39 grâce
2719 3026 46 20 au
2781 3015 209 31 traitement
3015 3014 43 30 de
3080 3014 80 29 luxe
3185 3011 128 32 Pond's

1826 3069 159 39 jeunesse
2015 3073 35 26 et
2084 3070 31 28 la
2153 3070 127 29 beauté
2318 3071 47 28 du
2406 3070 127 38 visage.
2606 3079 77 29 que,
2731 3070 89 28 dans
2873 3067 106 29 l'élite
3012 3066 43 29 de
3098 3066 33 29 la
3185 3064 135 41 société,

1873 3121 29 29 Il
1921 3130 45 21 en
1987 3124 56 27 est
2064 3124 81 26 tout
2165 3125 202 26 autrement
2387 3122 149 29 mainte-
2604 3122 63 29 des
2705 3121 147 29 femmes
2907 3119 88 29 dont
3032 3118 33 29 la
3094 3117 55 29 vie
3181 3120 54 26 est
3267 3125 45 20 un

1827 3175 87 27 nant
1950 3183 68 29 que
2040 3173 124 30 Pond's
2199 3173 98 29 vient
2335 3173 42 29 de
2410 3176 127 27 mettre
2607 3172 80 30 rêve
2717 3170 199 31 recueillent
2959 3170 20 30 à
3009 3170 136 38 chaque
3172 3178 63 30 pas
3267 3168 49 29 les

1826 3223 22 30 à
1866 3225 34 28 la
1920 3224 207 40 disposition
2148 3224 46 30 du
2215 3224 108 38 grand
2347 3224 121 29 Public
2491 3233 46 20 un
2581 3250 9 8 .
2608 3224 256 38 hommages
2895 3222 47 29 les
2970 3222 78 38 plus
3080 3221 233 29 flatteurs.

1984 3318 299 50 Comment
2319 3322 113 66 agit
2468 3319 53 50 le
2557 3321 323 48 traitement
2916 3317 252 51 POND'S

1880 3426 88 30 Pour
2012 3425 85 30 tirer
2136 3425 47 29 du
2233 3425 207 30 traitement
2543 3434 69 22 4£g>.
2714 3423 122 31 COLD
2858 3422 163 30 CREAM
3039 3420 174 36 POND'S,
3239 3419 77 30 lais-

1830 3470 219 32 POND'S
2083 3470 31 30 le
2155 3470 155 30 meilleur
2347 3475 93 28 parti
2527 3454 85 58 Jjfjl
2713 3478 114 21 sez-en
2849 3478 59 20 sur
2924 3469 30 28 le
2969 3467 117 35 visage
3107 3475 67 20 une
3187 3466 130 29 couche

1829 3518 205 33 procédez
2095 3525 158 21 comme
2313 3517 86 29 suit
2433 3525 6 20 :
2713 3516 110 33 légère
2849 3518 36 27 et
2903 3513 172 30 uniforme
3098 3512 61 34 qui
3176 3511 141 30 travail-

1875 3563 99 29 Dans
2038 3563 34 28 la
2127 3562 154 35 journée,
2330 3564 111 28 avant
2511 3549 147 55 j'Wfflhji'
2713 3562 71 28 lera
2795 3570 87 27 pour
2900 3568 88 20 vous
3004 3558 157 39 pendant
3176 3557 34 29 la
3228 3556 89 30 nuit.

1829 3611 101 26 toute
1963 3608 113 30 chose,
2109 3608 184 29 humectez
2317 3608 30 29 le
2388 3607 49 29 vi-
2516 3614 4 24 |
2759 3607 64 29 Les
2846 3604 165 31 résultats
3039 3604 46 29 du
3112 3603 208 29 traitement

1830 3664 80 27 sage
1933 3662 86 21 avec
2038 3654 31 29 le
2095 3652 114 30 SKIN
2234 3653 205 29 FRESHE-
2528 3636 85 59 |B
2712 3652 126 31 Pond's
2868 3652 82 28 sont
2980 3648 167 30 sensibles
3184 3648 61 29 dès
3271 3647 49 30 les

1831 3699 99 30 NER
1955 3699 131 35 liquide
2107 3698 125 30 astrin-
2685 3703 157 38 J^j^t
2916 3695 165 39 premiers
3124 3694 98 39 jours
3275 3702 44 20 au

1831 3749 82 27 gent
1930 3745 61 31 qui
2010 3744 174 31 raffermit
2203 3744 32 29 la
2916 3741 104 29 réveil
3048 3761 8 7 •
3081 3740 19 28 ^
3113 3749 63 20 ous
3202 3748 115 20 cons-

1831 3800 101 27 peau,
1949 3790 79 40 puis
2049 3790 186 40 appliquez
2290 3774 6 44 I
2683 3774 8 53 1
2710 3787 128 44 ipfWrîs,
2854 3774 6 51 I
2919 3789 171 28 taterez
3121 3794 85 20 avec
3252 3783 68 39 joie

1832 3837 30 29 la
1900 3835 336 31 '\-ANISHING
2916 3841 68 29 que
3032 3834 128 26 votre
3203 3830 117 37 visage

2052 3880 36 36 P
2088 3880 145 36 OND'S,
2917 3886 110 30 gagne
3054 3876 265 37 régulièrement

1830 3882 194 58 CREAM
2353 3918 38 19 Ce
2419 3920 43 20 qUi
2490 3918 87 17 donne
2613 3918 32 16 au
2677 3916 147 18 traitement
3017 3922 103 12 t....
3132 3925 14 15 +
3163 3922 7 7 *
3248 3921 26 19 17
3287 3923 14 17 +.

1884 3927 5 5 <

1831 3937 61 30 qui
1909 3928 66 30 fait
1998 3931 92 27 tenir
2103 3928 34 29 la
2150 3936 85 29 pou-
2318 3944 58 27 Pond
2376 3944 35 27 s
2445 3954 47 16 son
2514 3942 124 27 efticacité
2651 3952 174 24 surprenante,

1831 3974 61 30 dre
1903 3976 36 27 et
1950 3973 135 30 nourrit
2103 3973 30 29 le
2146 3972 89 30 tissu
2318 3981 61 24 c'est
2396 3978 112 33 l'emploi
2525 3976 122 27 combiné
2663 3976 31 26 de
2724 3986 10 22 3
2767 3987 58 22 pro-
2917 3977 42 20 en
2999 3977 68 30 peu
3099 3968 44 29 de
3192 3970 127 35 temps,

1832 4019 250 26 sous-cutané.
2112 4018 56 31 Et,
2205 4017 31 26 le
2319 4014 67 26 duits
2399 4012 31 27 de
2440 4010 57 28 luxe
2514 4011 65 26 dont
2598 4011 34 26 les
2650 4010 139 34 propriétés
2801 4021 25 16 se
2918 4022 90 20 vous
3029 4022 104 20 aurez
3156 4015 164 26 retrouvé

1832 4065 78 30 soir,
1932 4074 43 20 en
2003 4073 87 21 vous
2117 4064 118 29 déma-
2319 4085 53 18 CR
2385 4050 90 53 E'TM
2504 4081 125 20 POND'S,
2641 4047 34 54 le
2675 4047 46 54 SHI
2721 4047 46 54 COL
2767 4047 23 54 N
2790 4047 36 54 G
2919 4059 33 28 la
2984 4058 173 29 fraîcheur
3186 4058 43 29 de
3259 4066 60 20 VQ-

1832 4110 207 38 quillant
2061 4118 110 21 avec
2200 4108 35 29 le
2319 4118 129 25 CREAM
2484 4116 131 26 PONDS,
2644 4123 25 16 et
2699 4114 21 25 le
2739 4115 86 25 SKIN
2919 4106 73 27 tre
3043 4103 134 39 jeune
3225 4102 94 38 âge.

2319 4150 275 28 FRKSHENER
2650 4149 176 25 POND'S.

1826 4256 20 20 *
1868 4243 211 44 CADEAU
2138 4259 93 29 Pour
2283 4257 154 30 recevoir
2482 4257 61 28 des
2576 4253 4 31 I
2612 4256 62 29 des
2713 4256 18 26 5
2764 4255 128 30 teintes
2937 4254 186 30 naturelles
3169 4254 43 29 de
3255 4254 28 28 la
3300 4242 26 46 J

1826 4287 24 42 ï
1868 4299 233 31 échantillons
2138 4299 47 29 du
2226 4306 161 20 nouveau
2420 4296 124 30 COLD
2615 4296 159 29 nouvelle
2789 4295 131 38 poudre
2939 4294 174 35 POND'S,
3130 4301 158 30 envoyez
3302 4309 22 23 *

1826 4355 23 18 *
1867 4339 187 30 CREAM
2090 4338 206 34 POND'S,
2330 4336 212 38 (vitamineS),
2614 4345 37 20 ce
2674 4343 138 30 coupon
2840 4333 132 39 rempli,
3001 4337 35 26 et
3064 4336 7 26 1
3103 4332 128 31 timbre
3266 4332 58 35 à*

1826 4389 23 20 *
1869 4380 41 29 de
1962 4380 33 28 la
2027 4379 161 29 nouvelle
2230 4376 41 31 V
2271 4376 83 31 ANI
2354 4376 83 31 SHI
2437 4376 41 31 N
2478 4376 66 31 G
2616 4375 135 30 Ofr.OOà
2762 4374 176 34 POND'S,
2955 4375 51 27 P>!
3025 4372 61 35 bis,
3099 4382 26 20 r.
3136 4372 151 30 Aristide
3301 4377 20 23 *

1827 4423 22 23 ic
1868 4418 163 30 CREAM
2059 4418 168 30 POND'S
2263 4414 215 35 (vitaminée)
2508 4418 35 27 et
2613 4415 130 30 Briand
2768 4414 21 30 à
2808 4408 311 35 Levallois-Perrêt
3147 4411 137 37 (Seine).
3301 4411 22 23 *

1826 4457 23 23 *
3301 4448 22 22 *

1826 4492 23 23 *
1879 4488 92 29 Voire
2006 4496 77 21 nom
2862 4494 7 16 ;
3301 4482 22 22 *

1826 4526 23 24 *

1826 4561 23 23 +
1877 4544 95 30 Votre
2004 4544 132 30 adresse
2137 4562 1140 10 ............................................................................................................
3301 4550 22 22 *
