7618 5004
1252 428 336 112 UNE
1748 420 572 116 FEMME
2472 392 864 136 MARQUÉE
3496 352 368 184 PAR
3936 408 224 116 LE
4236 404 772 116 DESTIN...

1182 707 2054 124 PEARL
3236 707 1713 124 BUCK

2443 3295 81 33 Une
2545 3294 144 33 récente
2707 3293 274 45 photographie
3002 3293 42 32 de
3068 3291 112 33 Pearl
3205 3292 76 31 Hue
3287 3291 32 31 le.

551 1149 67 39 Un
647 1150 110 38 livre
785 1157 63 30 est
877 1148 40 38 le
945 1147 102 50 plus
1075 1155 186 29 souvent
1291 1158 87 25 une
1406 1151 214 30 aventure

550 1232 85 35 que
662 1231 82 24 son
771 1225 159 29 auteur
955 1229 28 24 a
1007 1212 181 51 préféré
1215 1212 127 38 rêver
1369 1225 87 36 que
1483 1212 133 37 vivre.

547 1284 114 40 C'est
688 1298 81 24 son
797 1283 189 49 étrange,
1004 1280 144 40 destin
1177 1281 77 48 qui
1279 1294 26 23 a
1331 1278 127 51 placé
1483 1278 134 38 d'em-

549 1352 96 39 blée
717 1351 126 38 Pearl
912 1349 125 39 Buck
1108 1362 56 24 au
1237 1348 199 49 premier
1507 1358 110 37 rang

549 1416 76 39 des
716 1415 224 39 meilleurs
1031 1415 214 38 écrivains
1333 1412 276 39 américains.

1098 1503 16 17 tI

553 1560 18 28 1
613 1555 76 34 'EST
722 1565 67 26 par
824 1553 139 34 hasard
997 1564 69 25 que
1103 1550 108 35 Pearl
1249 1548 115 36 Buck.
1400 1547 34 35 la
1469 1545 144 44 grande

565 1589 6 54 1
608 1606 234 36 romancière
872 1604 239 41 américaine,
1141 1609 55 28 est
1225 1601 67 34 née
1322 1612 44 22 en
1398 1598 215 42 Amérique.

608 1660 77 35 Son
723 1659 98 40 père,
861 1655 300 42 Sydenstricker,
1200 1652 101 35 avait
1338 1650 93 35 vécu
1469 1659 143 24 comme

565 1711 4 34 I
606 1709 265 36 missionnaire
905 1719 44 23 en
983 1706 119 36 Chine
1136 1704 84 35 bien
1254 1704 63 33 des
1352 1700 142 36 années,
1524 1698 90 45 déjà

553 1770 16 15 *
606 1768 116 28 avant
743 1761 33 34 la
798 1759 197 35 naissance
1017 1758 44 34 de
1084 1758 33 32 la
1139 1755 114 44 petite
1276 1753 111 35 Pearl
1418 1764 6 25 ;
1447 1763 40 23 sa
1510 1750 102 34 mère

540 1811 191 36 l'assistait
761 1812 93 33 dans
884 1821 41 23 sa
955 1808 119 35 tâche.
1107 1807 47 34 Et
1185 1806 88 34 c'est
1304 1816 47 23 au
1382 1814 111 23 cours
1524 1802 21 33 d
1562 1812 48 23 un

537 1863 86 35 bref
647 1861 119 44 congé
790 1860 108 44 qu'ils
923 1859 140 35 étaient
1087 1868 117 24 venus
1229 1866 130 33 passer
1384 1866 75 22 aux
1485 1853 124 34 Etats-

538 1914 95 36 Unis
673 1925 70 31 que
772 1913 79 33 leur
882 1911 79 34 fille
990 1909 52 35 vit
1071 1909 32 34 le
1130 1909 90 43 jour
1248 1908 93 33 dans
1370 1905 34 35 la
1435 1903 175 45 Virginie

536 1967 44 33 de
608 1964 157 40 l'Ouest,
795 1974 43 23 en
872 1961 96 42 1892.
999 1961 47 33 Et
1077 1959 108 35 Pearl
1214 1957 141 36 n'avait
1382 1967 70 33 pas,
1476 1960 133 38 quatre

535 2016 94 34 mois
664 2014 125 44 quand
824 2013 34 35 la
896 2012 154 40 famille,
1087 2010 21 35 à
1143 2009 151 45 présent
1330 2005 197 45 composée
1564 2005 44 34 de

535 2066 92 35 trois
652 2075 216 35 personnes,
895 2062 116 44 reprit
1036 2062 33 34 le
1095 2060 146 36 chemin
1267 2059 44 35 de
1338 2058 130 35 Chine.

583 2116 99 36 C'est
708 2127 44 23 en
779 2114 118 36 Chine
921 2125 72 32 que
1020 2112 109 35 Pearl
1153 2110 164 45 grandit.
1344 2109 53 34 La
1423 2106 185 46 première

535 2169 137 41 langue
694 2166 131 43 qu'elle
850 2164 168 44 apprend
1041 2163 95 35 n'est
1159 2173 65 32 pas
1248 2160 184 44 l'anglais,
1457 2158 94 35 mais
1576 2158 32 33 le

534 2218 144 35 chinois
715 2229 6 28 ;
749 2217 68 35 elle
844 2216 53 35 vit
924 2214 179 36 entourée
1129 2214 44 34 de
1201 2212 156 36 Chinois
1385 2218 36 28 et
1447 2211 44 34 de
1518 2209 88 35 Chi-

535 2269 124 34 noises
691 2280 6 29 ;
722 2267 68 35 elle
813 2278 135 33 mange
972 2272 34 28 et
1028 2264 77 36 boit
1127 2264 21 35 à
1171 2264 34 35 la
1227 2262 168 36 chinoise
1428 2274 7 27 ;
1460 2273 40 23 ce
1523 2265 85 30 sont

532 2320 51 34 les
611 2318 101 35 idées
741 2325 35 27 et
805 2318 51 34 les
885 2324 193 27 coutumes
1107 2314 188 35 chinoises
1323 2313 62 44 qui
1414 2323 189 24 comman-

527 2371 89 34 dent
640 2369 154 35 d'abord
818 2380 40 23 sa
883 2368 69 34 vie.

579 2421 137 44 Quand
744 2420 120 40 Pearl,
890 2419 21 34 à
935 2418 95 45 l'âge
1055 2418 44 35 de
1124 2417 168 43 dix-sept
1318 2427 78 29 ans,
1424 2421 178 28 retourne

531 2486 75 22 aux
629 2472 225 35 Etats-Unis
875 2482 94 33 pour
989 2483 23 32 y
1036 2470 220 43 fréquenter
1278 2480 48 23 un
1348 2467 143 44 collège
1512 2478 89 32 pen-

530 2526 90 34 dant
660 2525 177 44 quelques
879 2522 150 42 années,
1072 2522 69 36 elle
1182 2521 53 36 vit
1276 2521 93 34 dans
1411 2532 40 22 sa
1479 2518 123 44 patrie

530 2589 143 23 comme
699 2577 93 34 dans
818 2588 48 22 un
893 2587 92 32 pays
1011 2575 189 43 étranger,
1228 2573 68 35 elle
1323 2572 60 44 n'y
1410 2580 87 35 peut
1525 2582 75 23 res-

529 2636 68 34 ter,
628 2636 46 33 et,
703 2628 46 35 de
781 2640 84 23 race
896 2627 316 44 anglo-saxonne,
1244 2625 69 35 elle
1345 2632 179 28 retourne
1556 2635 44 23 en

530 2681 129 35 Chine.

574 2733 57 33 En
663 2740 100 35 1917,
789 2731 69 35 elle
885 2743 38 22 se
949 2730 118 35 marie
1094 2741 93 23 avec
1212 2741 52 23 un
1288 2728 267 35 missionnaire
1592 2739 7 22 :

525 2783 99 44 John
646 2783 162 43 Lossing
829 2782 115 34 Buck.
967 2782 81 34 Elle
1069 2782 31 34 le
1122 2780 161 35 seconde
1304 2780 93 34 dans
1418 2791 40 23 sa
1480 2778 119 35 tâche.

526 2834 56 34 En
625 2834 119 35 même
786 2841 120 36 temps
948 2832 84 45 qu'à
1075 2844 58 23 ses
1175 2832 100 34 deux
1318 2830 166 42 enfants,
1528 2829 69 36 elle

524 2899 37 22 se
584 2886 144 35 dévoue
750 2897 75 23 aux
849 2885 153 34 enfants
1025 2883 145 36 chinois
1192 2884 45 34 de
1259 2894 67 23 son
1350 2888 209 38 entourage
1589 2893 8 30 ;

506 2937 87 35 -elle
625 2937 82 35 aide
739 2936 20 35 à
790 2936 52 35 les
875 2935 135 41 élever,
1043 2934 178 44 enseigne
1254 2934 92 34 dans
1378 2933 53 35 les
1464 2932 134 42 écoles,

526 2988 71 36 fait
623 2988 65 36 des
714 2999 110 24 cours
851 2988 93 35 dans
972 2987 52 35 les
1051 2985 240 37 universités.
1320 2984 81 36 Elle
1428 2991 56 28 est
1509 2995 87 33 pro-

523 3041 274 45 digieusement
825 3039 134 41 active,
988 3050 143 23 comme
1160 3049 49 23 un
1239 3037 123 35 soldat
1388 3037 50 34 du
1466 3035 132 36 devoir

522 3098 35 29 et
588 3093 48 33 du
667 3091 148 35 travail.
848 3091 53 34 La
931 3089 106 36 vraie
1071 3089 138 35 femme
1242 3088 44 35 de
1318 3086 278 43 missionnaire,

521 3142 265 35 missionnaire
813 3141 220 35 elle-même.

702 3238 51 31 LA
778 3238 146 34 CHINE,
951 3237 183 31 D'ABORD
1162 3236 51 31 LA
1237 3236 172 31 CHINE...

570 3306 272 35 Missionnaire
874 3305 14 35 ?
913 3305 75 36 Oui
1014 3312 35 28 et
1072 3316 86 24 non.
1185 3304 51 36 Ce
1261 3304 62 44 qui
1349 3303 50 34 lui
1424 3314 173 32 manque,

522 3357 88 36 c'est
637 3358 35 34 la
698 3356 216 36 conviction
942 3356 165 41 absolue,
1133 3355 146 44 qu'elle,
1306 3367 71 32 que
1404 3354 54 35 les
1485 3354 113 40 siens,

523 3420 70 32 que
622 3408 51 35 les
701 3407 240 35 Américains
969 3414 36 28 et
1032 3407 161 44 Anglais
1221 3406 21 35 à
1270 3407 34 34 la
1333 3406 74 35 tête
1435 3406 65 34 des
1528 3404 189 41 missions,
1746 3402 124 36 soient
1898 3400 109 45 supé-

523 3460 120 35 rieurs
667 3471 75 23 aux
768 3458 177 43 Chinois,,
945 3458 89 43 aux
1058 3457 197 45 indigènes
1288 3469 6 30 ;
1319 3456 109 45 qu'ils
1452 3456 122 35 soient
1596 3456 83 44 plus
1706 3454 97 35 forts
1826 3453 139 44 qu'eux
1997 3463 8 30 ;

527 3510 97 42 bref,
648 3510 108 44 qu'ils
780 3510 122 35 soient
926 3510 151 44 appelés
1100 3510 21 34 à
1144 3510 82 35 leur
1249 3509 108 35 venir
1382 3521 45 23 en
1451 3508 95 35 aide.

572 3562 80 35 Elle
676 3574 38 23 se
738 3562 92 35 rend
853 3568 146 37 compte
1021 3573 70 32 que
1116 3573 40 23 sa
1178 3561 178 35 vocation
1378 3560 96 34 n'est
1496 3571 67 32 pas
1586 3557 118 36 d'être
1727 3555 280 42 missionnaire,

524 3613 239 35 d'améliorer
790 3613 52 35 les
868 3613 169 35 hommes
1066 3619 35 28 et
1127 3612 44 35 de
1198 3612 53 35 les
1278 3611 177 44 éduquer.
1484 3610 82 35 Elle
1594 3609 205 44 comprend
1825 3607 134 45 qu'elle
1986 3618 22 23 a

525 3676 72 23 une
624 3664 289 35 autre-mission
941 3663 20 35 à
989 3663 153 44 remplir
1179 3675 7 23 :
1215 3663 119 35 écrire
1362 3674 95 32 pour
1486 3661 99 35 faire
1612 3666 85 39 part
1724 3672 48 23 au
1799 3658 136 36 monde
1963 3658 45 34 de

525 3727 40 23 ce
588 3715 133 44 qu'elle
745 3727 21 23 a
788 3727 50 22 vu
862 3721 36 29 et
921 3715 107 35 senti.
1055 3714 51 36 Sa
1129 3714 169 41 mission,
1322 3713 89 35 c'est
1436 3714 44 34 de
1505 3719 124 28 tracer
1653 3723 50 23 un
1729 3711 150 35 tableau
1903 3710 44 34 de
1973 3709 35 34 la

524 3766 120 36 Chine
672 3765 292 45 d'aujourd'hui.
995 3766 106 34 Dans
1129 3777 50 23 un
1210 3765 144 35 certain
1383 3776 86 23 sens
1499 3763 69 36 elle
1598 3770 100 28 reste
1726 3761 280 40 missionnaire,

523 3830 47 22 ou
603 3817 120 44 plutôt
757 3817 68 35 elle
858 3817 153 35 devient
1044 3816 266 35 missionnaire
1344 3815 23 35 à
1401 3815 167 35 rebours.
1605 3814 83 35 Elle
1721 3826 47 23 va
1804 3812 147 35 révéler
1985 3811 21 35 à

523 3868 210 36 l'Occident
759 3868 208 35 l'immense
993 3867 166 35 richesse
1185 3866 197 36 culturelle
1407 3867 46 34 de
1478 3865 176 36 l'Orient.

574 3921 60 34 En
664 3930 99 34 1923,
792 3931 67 23 son
886 3919 165 45 premier
1079 3919 132 36 article
1240 3918 125 44 paraît
1393 3918 94 35 dans
1516 3930 72 23 une
1618 3929 115 23 revue
1761 3915 245 36 américaine.

984 4022 249 31 LIBERATION
1261 4022 45 31 ET
1332 4021 209 31 RUPTURES

573 4092 118 35 Entre
714 4097 58 29 cet
794 4090 131 36 article
948 4096 36 30 et
1005 4090 35 35 la
1061 4090 122 45 gloire
1204 4089 201 42 mondiale,
1428 4089 25 35 il
1475 4089 51 34 lui
1551 4095 97 28 reste
1672 4088 21 34 à
1714 4086 200 45 parcourir
1937 4097 72 23 une

528 4144 137 43 longue
693 4149 107 28 route
828 4142 20 35 à
876 4149 148 28 travers
1051 4142 64 34 des
1144 4140 140 36 années
1311 4141 112 34 dures
1453 4147 35 28 et
1514 4140 159 41 amères,
1702 4140 64 34 des
1795 4138 140 35 années
1965 4138 46 34 de

526 4201 155 37 rupture
708 4205 93 24 avec
827 4200 84 28 tous
939 4205 58 23 ses
1024 4193 154 34 anciens
1205 4192 107 41 amis,
1340 4202 93 25 avec
1459 4197 81 29 tout
1568 4202 42 23 ce
1636 4190 74 44 qui,
1738 4189 190 45 jusqu'ici,
1956 4187 52 35 lui

526 4246 103 34 avait
654 4244 140 36 semblé
821 4244 176 36 essentiel
1024 4250 35 29 et
1086 4243 291 44 indispensable,
1404 4243 45 34 de
1477 4248 167 38 rupture,
1672 4241 133 41 enfin,.
1819 4252 94 23 avec
1940 4250 69 24 son

528 4296 107 35 mari.

575 4347 67 37 Ses
666 4358 189 33 ouvrages
878 4367 48 5 —
949 4346 65 35 des
1039 4345 164 42 articles,
1227 4345 65 35 des
1317 4344 206 42 nouvelles,
1548 4343 82 44 plus
1655 4344 86 35 tard
1765 4343 64 34 des
1856 4353 153 24 romans

524 4420 48 4 —
595 4398 51 36 lui
673 4404 83 29 sont
782 4397 119 36 dictés
927 4409 68 32 par
1021 4409 67 23 son
1115 4408 133 23 amour
1274 4396 134 35 ardent
1434 4407 95 33 pour
1555 4396 33 35 le
1614 4395 133 44 peuple
1774 4393 158 36 chinois.
1960 4393 49 34 Et

528 4449 81 44 plus
639 4449 68 35 elle
736 4449 175 44 professe
941 4455 58 28 cet
1028 4459 144 30 amour,
1202 4448 82 43 plus
1314 4447 70 35 elle
1413 4459 40 23 se
1482 4446 113 35 laisse
1625 4451 191 38 emporter
1846 4456 69 32 par
1945 4443 63 41 lui,

527 4501 86 44 plus.
636 4512 41 24 sa
704 4500 159 44 critique
890 4499 22 35 à
937 4499 144 45 l'égard
1108 4500 64 34 des
1199 4498 288 35 missionnaires
1515 4509 38 23 se
1585 4497 70 35 fait
1682 4497 90 43 âpre
1802 4503 35 28 et
1865 4496 144 34 intran-

529 4552 181 44 sigeante.
744 4550 98 36 Sans
876 4550 187 35 réticence
1098 4549 68 36 elle
1200 4549 168 36 dénonce
1402 4549 53 35 les
1489 4560 152 24 erreurs
1673 4548 46 35 de
1752 4559 59 24 ses
1845 4547 95 36 amis
1975 4552 36 30 et

2185 3427 191 46 collègues
2402 3427 131 36 d'hier.
2560 3427 64 36 Un
2647 3426 91 45 jour
2763 3426 69 36 elle
2858 3426 96 35 dit':
2988 3439 18 21 «
3033 3425 146 45 Jamais
3205 3425 38 44 je
3269 3436 45 23 ne
3340 3422 156 45 pourrai
3522 3422 152 35 deman-

2186 3480 66 35 der
2281 3491 107 23 assez
2416 3479 145 43 pardon
2591 3490 47 23 au
2666 3478 134 44 peuple
2830 3477 146 36 chinois
3005 3477 45 36 de
3080 3489 41 23 ce
3149 3476 112 44 qu'au
3290 3487 87 23 nom
3405 3475 51 34 du
3487 3473 189 44 Seigneur

2186 3530 264 45 Jésus-Christ
2474 3542 95 23 nous
2595 3530 52 35 lui
2673 3541 120 24 avons
2820 3529 145 44 envoyé
2991 3530 65 34 des
3082 3540 94 33 gens
3202 3528 180 44 stupides,
3408 3531 205 39 arrogants
3638 3530 38 29 et

2184 3583 274 44 superstitieux
2481 3593 96 33 pour
2600 3581 51 35 lui
2676 3581 197 44 inculquer
2897 3581 101 35 leurs
3023 3580 280 44 superstitions,
3328 3579 81 34 leur
3435 3577 55 35 foi
3516 3584 35 28 et
3575 3577 101 34 leurs

2184 3633 202 36 théories...
2409 3646 19 22 »

2233 3708 119 35 Entre
2378 3713 120 38 temps
2523 3706 70 36 elle
2619 3719 20 23 a
2664 3706 90 45 déjà
2780 3705 94 36 écrit
2900 3717 68 23 son
2993 3704 165 45 premier
3182 3704 123 45 grand
3332 3714 143 24 roman.
3504 3702 173 35 Pendant

2185 3771 95 23 onze
2303 3759 107 42 mois,
2432 3759 33 35 le
2488 3758 210 36 manuscrit
2723 3758 71 36 fait
2816 3758 34 35 le
2872 3764 86 29 tour
2981 3757 46 36 de
3048 3764 125 29 toutes
3195 3757 53 35 les
3271 3756 167 35 maisons
3460 3753 213 42 d'éditions,

2183 3817 116 29 avant
2320 3811 203 35 d'échouer
2545 3811 22 35 à
2589 3811 35 35 la
2646 3811 147 35 maison
2812 3810 221 44 John-Day.
3057 3810 55 34 Là
3133 3821 49 23 on
3205 3809 133 35 estime
3360 3820 71 32 que
3452 3807 33 35 le
3507 3806 97 35 livre
3624 3817 47 23 ne

2187 3863 188 36 constitue
2395 3863 117 45 guère
2532 3875 73 24 une
2625 3863 124 37 bonne
2768 3862 150 43 affaire,
2938 3863 96 34 mais
3054 3874 70 33 que
3144 3874 41 23 sa
3205 3860 142 46 qualité
3366 3868 55 27 est
3441 3859 86 36 telle
3547 3871 70 32 que
3634 3869 41 24 sa

2186 3916 234 44 publication
2470 3916 177 44 s'impose
2697 3915 238 36 absolument
2984 3921 35 29 et
3069 3915 95 34 dans
3213 3914 34 34 le
3296 3913 83 43 plus
3426 3911 89 35 bref
3563 3910 111 35 délai.

2633 4013 57 31 UN
2714 4013 179 31 TRAVAIL
2917 4014 49 30 DE
2992 4012 250 32 LABOUREUR

2236 4093 111 36 Pearl
2375 4092 106 36 Buck
2506 4092 174 45 poursuit
2706 4104 68 23 son
2800 4093 150 35 travail.
2977 4093 62 35 Au
3065 4099 129 29 centre
3221 4093 45 35 de
3292 4103 58 24 ses
3378 4103 153 24 romans
3558 4092 24 34 il
3608 4105 23 31 y
3657 4104 21 23 a

2187 4145 176 44 toujours
2389 4139 34 41 là
2448 4144 132 36 Chine.
2606 4144 35 33 A
2664 4144 50 35 tel
2738 4143 106 45 point
2868 4143 121 36 même
3013 4156 71 32 que
3109 4156 68 22 son
3201 4143 149 45 anglais
3374 4143 153 44 produit
3552 4144 126 35 l'effet

2186 4197 87 34 d'un
2294 4201 104 30 texte
2418 4196 175 41 oriental,
2615 4202 36 28 et
2677 4208 19 21 «
2720 4206 119 24 sonne
2862 4208 19 21 »
2905 4195 158 35 chinois.
3086 4195 102 36 C'est
3207 4207 72 32 que
3302 4194 111 35 Pearl
3436 4195 106 34 Buck
3562 4207 115 32 pense

2185 4247 158 35 d'abord
2375 4259 45 23 en
2453 4246 146 36 chinois
2632 4258 95 32 pour
2759 4252 222 38 transposer
3013 4246 146 35 ensuite
3193 4258 42 23 sa
3267 4245 138 45 pensée
3438 4258 45 22 en
3516 4246 159 45 anglais.

2186 4298 126 35 Même
2332 4310 41 23 sa
2392 4297 177 36 méthode
2588 4298 44 35 de
2653 4297 138 35 travail
2813 4297 166 44 rappelle
2997 4310 51 23 un
3067 4310 72 32 peu
3159 4298 34 35 la
3214 4297 133 42 Chine,
3367 4298 35 34 la
3421 4297 170 36 manière
3611 4298 66 34 des

2184 4361 164 33 paysans
2372 4349 148 36 chinois
2543 4361 95 32 pour
2661 4349 179 35 labourer
2863 4349 82 36 leur
2969 4350 66 35 sol.
3061 4350 82 35 Elle
3168 4349 94 36 écrit
3286 4357 134 37 quatre
3443 4349 138 35 heures
3603 4361 69 32 par

2185 4403 101 43 jour,
2315 4401 144 44 chaque
2486 4401 131 42 matin,
2645 4402 45 35 de
2721 4401 114 45 façon
2864 4401 93 36 dure
2985 4408 36 28 et
3048 4401 226 42 laborieuse,
3303 4401 69 35 elle
3400 4413 145 23 avance
3573 4401 104 44 péni-

2185 4453 177 41 blement,
2387 4452 139 44 phrase
2552 4463 69 32 par
2645 4451 150 44 phrase.
2823 4452 82 35 Elle
2931 4465 46 22 ne
3003 4464 39 24 se
3068 4453 113 35 laisse
3207 4464 67 33 pas
3301 4452 237 45 décourager
3572 4465 8 30 ;
3607 4453 70 35 elle

2190 4515 261 24 recommence
2495 4503 102 36 mille
2644 4503 87 36 fois.
2777 4504 156 37 Comme
2977 4505 34 35 le
3055 4516 145 33 paysan
3244 4504 148 36 chinois
3423 4517 40 23 se
3494 4516 183 24 consacre

2185 4555 21 35 à
2225 4568 67 23 son
2312 4555 66 41 sol,
2397 4555 22 35 à
2437 4567 42 24 sa
2504 4568 19 22 «
2546 4556 132 36 Bonne
2697 4556 121 37 Terre
2839 4570 33 29 »,
2889 4557 69 36 elle
2974 4568 39 24 se
3029 4557 124 35 donne
3170 4556 251 36 entièrement
3437 4556 21 35 à
3474 4568 59 24 ses
3549 4556 127 35 livres.

4648 1103 21 20 «
4689 1093 46 30 JE
4760 1093 51 30 NE
4836 1093 91 31 PUIS
4951 1093 24 30 Y
4997 1093 157 30 CROIRE
5181 1092 8 31 !
5214 1101 20 21 »

4253 1160 63 34 Un
4346 1170 131 24 roman
4507 1159 158 35 succède
4695 1159 22 34 à
4745 1159 145 35 l'autre.
4921 1159 72 35 Les
5022 1159 83 43 plus
5134 1158 255 44 significatifs
5419 1164 84 29 sont
5542 1170 8 22 :
5582 1157 108 36 Good

4209 1211 134 42 liarth,
4380 1211 79 34 The
4496 1211 33 34 Y
4532 1222 102 33 oung
4668 1211 295 41 Revolutionist,
4996 1210 114 43 Sons,
5141 1210 67 34 Ail
5240 1211 42 33 M
5288 1222 45 23 en
5367 1221 65 23 are
5467 1209 223 35 Brothers...

4255 1262 108 35 Good
4387 1262 119 34 Earth
4534 1262 53 43 (la
4614 1262 132 34 Bonne
4770 1261 138 44 Terre)
4937 1274 21 22 a
4984 1261 57 35 été
5067 1260 143 36 achevé
5234 1272 46 23 en
5308 1270 99 34 1930.
5434 1259 51 36 Ce
5512 1271 132 23 roman
5670 1272 21 22 a

4205 1313 156 43 conquis
4386 1312 231 44 l'Amérique
4641 1313 178 34 d'assaut.
4845 1312 110 34 Pearl
4980 1311 104 35 Buck
5108 1324 20 22 a
5151 1311 70 34 mis
5246 1311 211 43 longtemps
5480 1310 22 35 à
5524 1310 123 35 croire
5671 1310 20 34 à

4206 1375 39 23 ce
4271 1363 132 35 succès
4425 1363 134 44 auquel
4586 1363 68 34 elle
4680 1374 45 23 ne
4749 1362 218 35 s'attendait
4991 1362 127 44 guère.
5146 1361 30 34 Il
5203 1361 59 35 fut
5286 1367 179 37 pourtant
5490 1360 200 35 confirmé.

4208 1414 46 34 Et
4280 1413 82 44 plus
4389 1414 95 41 tard,
4511 1425 41 23 ce
4581 1413 59 34 fut
4666 1413 31 34 le
4725 1413 85 43 prix
4841 1412 176 39 Pulitzer,
5045 1413 34 34 la
5106 1412 82 43 plus
5214 1411 144 45 grande
5385 1411 220 35 distinction
5633 1411 58 35 lit-

4206 1464 139 35 téraire
4372 1476 70 32 que
4470 1463 232 44 l'Amérique
4729 1463 126 44 puisse
4882 1463 193 35 décerner.

4252 1515 59 40 Et,
4334 1527 45 22 en
4405 1514 98 44 1938,
4525 1515 33 34 le
4582 1514 91 34 Prix
4698 1514 121 35 Nobel
4841 1515 44 34 de
4908 1513 244 35 Littérature.

4251 1565 138 44 Quand
4418 1577 45 22 en
4491 1565 206 35 novembre
4729 1564 100 44 1938,
4859 1564 51 35 les
4940 1564 320 43 correspondants
5290 1562 227 36 américains
5545 1563 21 34 à
5596 1562 94 36 Oslo

4204 1616 48 35 lui
4279 1616 178 35 envoient
4481 1627 49 23 un
4555 1615 104 35 câble
4684 1627 74 23 aux
4784 1615 227 35 Etats-Unis
5036 1626 94 32 pour
5155 1614 49 34 lui
5229 1625 193 24 annoncer
5447 1614 34 35 la
5506 1613 185 40 nouvelle,

4205 1667 69 34 elle
4298 1667 60 44 n'y
4383 1666 96 35 croit
4503 1678 77 31 pas.
4607 1666 28 34 Il
4660 1666 49 34 lui
4738 1666 136 34 faudra
4899 1677 72 23 une
4996 1665 273 35 confirmation
5295 1665 200 35 officielle.
5520 1665 32 33 A
5581 1664 111 34 New-

4211 1719 116 40 York,
4361 1718 138 35 cernée
4535 1729 69 32 par
4638 1718 54 34 les
4726 1717 261 44 journalistes,
5020 1717 167 35 assaillie
5222 1717 45 36 de
5301 1716 206 44 questions,
5542 1716 69 35 elle
5646 1728 46 21 ne

4210 1770 72 35 sait
4313 1782 71 31 que
4417 1769 150 45 répéter
4608 1781 8 23 :
4655 1782 17 21 «
4706 1770 44 43 Je
4782 1782 46 22 ne
4859 1770 33 34 le
4924 1769 101 35 crois
5056 1781 102 31 pas...
5191 1769 39 44 je
5261 1781 46 23 ne
5338 1769 33 34 le
5403 1768 100 35 crois
5534 1779 102 32 pas...
5671 1780 19 20 »

4703 1855 83 31 UNE
4811 1855 145 31 FEMME
4982 1855 205 30 MODERNE

4253 1923 55 34 En
4340 1922 102 44 dépit
4473 1923 45 34 de
4549 1929 81 28 tout
4661 1922 91 39 cela,
4784 1921 24 34 il
4839 1922 117 34 serait
4989 1921 96 35 faux
5114 1922 44 34 de
5190 1920 219 44 s'imaginer
5446 1921 105 35 Pearl
5588 1921 102 35 Buck

4207 1987 145 24 comme
4384 1987 73 22 une
4491 1974 140 35 femme
4662 1973 121 44 poète,
4814 1973 183 35 détachée
5029 1973 47 35 du
5109 1973 148 42 monde,
5290 1973 196 43 incapable
5516 1974 46 34 de
5601 1986 18 20 «
5654 1985 38 23 se

4203 2026 231 35 débrouiller
4460 2026 94 34 dans
4581 2025 35 35 la
4642 2025 61 35 vie
4732 2038 32 21 ».
4792 2024 62 36 Oh
4880 2037 75 22 non
4994 2024 7 34 !
5029 2024 84 35 Elle
5139 2031 56 28 est
5220 2024 85 35 bien
5334 2031 85 37 trop
5447 2024 244 35 Américaine

4204 2089 95 31 pour
4323 2077 79 35 cela
4437 2077 6 33 !

4253 2129 101 35 C'est
4392 2141 73 23 une
4503 2129 109 33 dame
4650 2127 87 35 d'un
4777 2127 145 35 certain
4960 2127 82 44 âge,
5082 2127 173 44 élégante
5294 2139 171 32 presque,
5503 2127 45 35 de
5588 2127 102 35 taille

4206 2193 197 32 moyenne,
4429 2181 131 40 svelte,
4587 2192 92 23 avec
4704 2181 46 34 de
4776 2180 109 43 longs
4910 2180 173 34 cheveux
5110 2179 127 38 bruns,
5264 2179 45 35 de
5337 2179 77 34 fort
5441 2179 123 34 beaux
5592 2191 98 31 yeux

4201 2235 105 34 bleus
4323 2233 112 35 d'une
4454 2233 145 44 grande
4618 2233 180 41 douceur,
4817 2233 65 34 des
4902 2238 224 37 pommettes
5147 2231 76 35 très
5243 2230 205 36 saillantes.
5470 2231 51 34 Le
5539 2237 153 28 menton

4209 2286 121 36 ferme
4353 2285 126 35 révèle
4501 2285 193 44 l'énergie.
4717 2284 151 44 Malgré
4890 2284 34 34 la
4947 2284 102 35 taille
5072 2284 129 41 svelte,
5224 2284 33 33 la
5281 2283 214 41 silhouette,
5518 2282 117 35 solide
5657 2289 37 28 et

4206 2338 227 44 vigoureuse
4461 2348 145 23 comme
4634 2348 72 23 une
4736 2336 126 44 figure
4890 2336 44 34 de
4963 2335 135 40 Rodin,
5127 2334 143 43 évoque
5299 2345 47 23 un
5376 2345 69 32 peu
5475 2334 34 34 la
5537 2345 157 23 carrure

4204 2389 111 34 d'une
4346 2394 134 29 statue.
4513 2388 82 34 Elle
4627 2394 56 28 est
4714 2386 276 36 extrêmement
5022 2385 187 38 réservée,
5241 2385 70 35 elle
5342 2385 104 43 parle
5478 2396 81 32 peu.
5594 2384 100 35 Mais

4203 2440 214 44 lorsqu'elle
4439 2440 117 43 parle,
4580 2438 33 35 le
4637 2438 153 35 charme
4813 2438 45 34 de
4882 2449 41 23 sa
4946 2437 90 34 voix
5060 2436 201 45 profonde,
5286 2436 144 35 chaude
5455 2443 34 27 et
5513 2435 182 35 musicale

4206 2498 54 28 est
4290 2490 251 35 irrésisitible.

4255 2542 110 36 Pearl
4397 2541 106 35 Buck
4533 2547 55 29 est
4617 2553 72 22 une
4723 2539 137 36 femme
4890 2540 191 34 moderne.

4253 2593 167 35 Richard
4453 2592 133 35 Walsh
4618 2591 91 35 était
4741 2591 32 34 le
4804 2590 253 45 propriétaire
5089 2590 65 34 des
5184 2589 176 35 Editions
5390 2588 219 44 John-Day.
5643 2588 51 35 Le

4204 2645 130 35 succès
4364 2645 48 34 de
4446 2643 109 36 Good
4588 2643 122 35 Earth
4743 2642 104 35 avait
4880 2641 212 44 rapproché
5126 2641 160 34 l'auteur
5319 2647 36 27 et
5389 2640 183 34 l'éditeur.
5609 2640 84 34 Une

4202 2696 130 36 amitié
4354 2696 132 34 intime
4508 2695 83 35 liait
4614 2694 213 45 également
4855 2693 107 34 Pearl
4988 2692 105 35 Buck
5116 2692 21 34 à
5159 2692 34 34 la
5221 2691 136 35 femme
5381 2691 44 34 de
5448 2690 147 35 Walsh.
5620 2691 74 34 De-

4202 2748 83 44 puis
4317 2749 70 33 des.
4415 2747 141 35 années
4589 2745 90 45 déjà
4710 2751 98 29 cette
4840 2744 175 35 dernière
5048 2755 45 22 ne
5126 2742 227 35 s'entendait
5385 2742 82 43 plus
5500 2753 92 23 avec
5624 2753 68 22 son

4202 2799 108 35 mari.
4342 2798 165 41 Bientôt,
4537 2809 49 23 on
4616 2797 134 35 décida
4780 2797 44 34 de
4853 2796 188 34 divorcer.
5074 2795 103 34 Mme
5208 2793 131 35 Walsh
5373 2805 38 23 se
5443 2793 122 34 rendit
5597 2793 97 34 donc

4202 2850 21 35 à
4251 2851 107 34 Reno
4385 2849 59 42 où,
4474 2860 144 24 comme
4646 2859 49 23 on
4723 2847 83 41 sait,
4835 2858 64 24 sur
4927 2847 131 43 simple
5088 2846 138 34 accord
5253 2844 154 40 mutuel,
5436 2845 53 34 les
5518 2844 175 34 divorces

4203 2908 84 28 sont
4315 2900 214 45 prononcés
4558 2911 87 24 sans
4672 2898 200 36 difficulté
4901 2904 36 29 et
4965 2910 92 23 avec
5086 2909 50 22 un
5165 2896 197 34 minimum
5390 2896 45 34 de
5467 2894 225 35 formalités.

4208 2952 107 36 Pearl
4348 2952 106 35 Buck
4486 2962 260 33 accompagna
4779 2951 104 34 Mme
4915 2949 146 36 Walsh.
5095 2948 82 35 Elle
5210 2947 132 41 obtint,
5376 2946 69 35 elle
5478 2945 114 37 aussi,
5625 2956 69 24 son

4201 3004 167 41 divorce,
4392 3004 32 34 le
4448 3003 121 35 même
4590 3002 102 44 jour,
4715 3001 22 35 à
4761 3002 34 34 la
4818 3001 120 35 même
4962 3000 128 41 heure,
5114 3005 35 29 et
5172 3010 69 32 par
5264 2999 33 34 le
5319 2997 120 35 même
5463 3003 136 29 avocat
5622 3008 72 32 que

4201 3067 68 23 son
4293 3055 108 35 amie.

4252 3108 35 33 A
4311 3108 118 40 Reno,
4451 3118 49 23 on
4523 3112 88 38 peut
4634 3104 213 45 également
4870 3116 39 23 se
4931 3103 141 36 marier
5095 3114 87 23 sans
5203 3109 86 36 trop
5311 3101 45 34 de
5380 3099 226 36 formalités.
5628 3098 65 34 Ri-

4203 3160 117 35 chard
4340 3159 134 35 Walsh
4495 3158 130 35 arriva
4644 3157 22 35 à
4686 3158 107 34 Reno
4812 3157 33 34 le
4865 3156 88 44 jour
4974 3157 48 33 du
5042 3154 165 35 divorce.
5230 3153 51 35 Le
5301 3151 213 37 lendemain
5537 3151 23 33 il
5582 3150 112 43 épou-

4204 3211 73 35 sait
4307 3211 110 35 Pearl
4447 3209 118 42 Buck,
4594 3215 36 29 et
4657 3208 212 35 l'ancienne
4898 3208 104 34 Mme
5031 3205 135 36 Walsh
5198 3204 58 35 fut
5285 3204 35 35 la
5348 3202 188 45 première
5565 3202 21 34 à
5614 3202 81 34 leur

4204 3262 122 35 offrir
4352 3273 59 24 ses
4437 3273 125 23 vœux.
5118 3274 11 25 t

4255 3313 111 35 Pearl
4393 3312 106 35 Buck
4525 3318 56 28 est
4606 3323 73 23 une
4707 3310 140 35 femme
4872 3310 192 34 moderne.
5093 3308 81 34 Elle
5201 3307 53 34 vit
5279 3317 94 24 avec
5399 3317 67 23 son
5492 3303 96 36 mari
5614 3303 21 35 à
5661 3303 36 34 la

4204 3376 222 32 campagne,
4456 3375 77 23 non
4560 3363 78 34 loin
4666 3363 45 34 de
4742 3360 236 36 New-York.
5010 3359 100 35 Mais
5141 3358 68 36 elle
5241 3357 72 35 fait
5342 3358 65 34 des
5437 3356 150 43 séjours
5620 3353 77 35 fré-

4203 3423 136 38 quents
4372 3421 36 30 et
4439 3413 205 46 prolongés
4676 3413 21 35 à
4731 3413 35 35 la
4797 3413 145 43 grande
4975 3411 99 35 ville.
5109 3410 82 35 Elle
5223 3409 94 35 écrit
5348 3409 66 34 des
5447 3406 153 36 articles
5633 3416 64 23 sur

4203 3474 125 29 toutes
4358 3468 57 34 les.
4439 3466 196 40 questions
4657 3463 236 48 -cd'aCtualité.
4925 3463 81 34 Elle
5038 3472 214 32 encourage
5282 3461 52 34 les
5364 3460 135 44 jeunes
5530 3464 166 28 auteurs.

4208 3520 83 35 Elle
4321 3532 19 22 «
4365 3526 80 28 sort
4469 3531 19 21 »
4503 3529 8 30 ;
4533 3529 49 23 on
4604 3517 36 35 la
4660 3516 82 35 voit
4764 3521 162 29 souvent
4948 3514 22 35 à
4991 3514 66 35 des
5080 3513 209 44 premières
5310 3519 38 28 et
5370 3511 22 35 à
5412 3511 67 35 des
5500 3510 198 43 banquets.

4606 3603 216 31 BIENTOT...
4847 3601 114 32 DANS
4985 3600 112 38 CINQ
5121 3599 168 32 SIECLES

4253 3675 82 34 Elle
4364 3686 22 23 a
4416 3672 213 36 l'intention
4659 3672 46 34 de
4735 3683 46 22 ne
4811 3670 83 43 plus
4925 3668 121 35 écrire
5075 3667 241 35 dorénavant
5346 3677 70 32 que
5447 3665 65 35 des
5544 3676 153 23 romans

4206 3725 264 36 dont.l'action
4492 3736 38 23 se
4550 3723 155 35 déroule
4726 3734 45 23 en
4794 3721 217 43 Amérique.
5034 3719 80 43 (Un
5135 3719 45 34 de
5201 3729 61 23 ces
5284 3728 164 29 romans,
5472 3717 78 34 The
5570 3715 131 35 Pro1td

4206 3778 138 41 Heart,
4368 3789 21 22 a
4412 3775 90 45 déjà
4525 3773 128 46 paru).
4679 3774 115 34 Alors
4827 3772 49 35 ?...
4903 3771 229 40 Serait-elle,
5160 3770 225 34 finalement
5416 3781 18 21 «
5462 3779 72 23 une
5561 3766 140 36 femme

4209 3829 45 35 de
4285 3829 130 34 lettres
4446 3826 232 36 américaine
4711 3824 37 35 »
4748 3824 37 35 ?

4257 3880 82 35 Elle
4365 3892 21 22 a
4412 3878 95 35 écrit
4533 3878 24 34 il
4582 3890 24 31 y
4630 3889 21 22 a
4676 3876 181 44 quelques
4883 3874 107 40 mois,
5013 3885 73 32 que
5113 3872 35 35 la
5170 3871 223 35 différence
5419 3876 105 29 entre
5551 3868 150 35 Améri-

4208 3931 105 36 cains
4340 3938 36 28 et
4402 3929 158 36 Chinois
4588 3928 95 35 n'est
4707 3939 67 32 pas
4801 3926 30 35 si
4858 3926 157 45 grande,
5043 3936 44 23 en
5114 3935 154 24 somme.
5295 3922 84 44 Que
5406 3922 85 34 d'ici
5519 3921 83 43 cinq
5630 3920 71 35 siè-

4210 3984 87 40 cles,
4324 3994 49 23 au
4398 3981 83 44 plus
4507 3980 97 42 tard,
4631 3985 97 29 cette
4755 3977 221 36 différence
5002 3976 208 34 n'existera
5235 3974 82 44 plus
5344 3974 49 34 du
5421 3979 91 29 tout.

4258 4034 97 43 Cinq
4384 4032 133 36 siècles
4557 4031 6 35 !
4595 4031 100 40 Non,
4724 4041 73 23 une
4828 4028 139 36 femme
4996 4028 45 34 de
5069 4027 131 34 lettres
5229 4024 244 41 américaine,
5502 4034 73 24 une
5603 4020 99 37 occi-

4213 4087 152 36 dentale
4381 4098 55 25 .ne
4463 4084 145 36 saurait
4633 4094 137 33 penser
4797 4081 36 34 ni
4860 4080 82 35 dire
4967 4078 157 46 pareille
5150 4078 125 35 chose.
5304 4077 101 34 Pour
5430 4075 162 45 pouvoir
5618 4085 85 32 sup-

4212 4147 132 33 porter
4367 4138 45 33 de
4435 4137 107 34 telles
4564 4134 271 42 perspectives,
4860 4133 24 34 il
4910 4132 84 36 faut
5017 4131 108 36 avoir
5148 4130 95 35 vécu
5266 4128 222 36 l'existence
5509 4128 50 34 du
5582 4126 123 45 grand

4214 4192 144 41 empire
4381 4189 225 36 millénaire.
4633 4187 198 36 Peut-être
4856 4185 112 35 Pearl
4996 4184 105 35 Buck
5125 4180 290 38 n'écrira-t-elle
5438 4180 84 44 plus
5545 4191 71 32 que
5639 4178 66 34 des

4212 4255 153 23 romans
4389 4243 91 34 dont
4505 4241 153 35 l'action
4682 4252 39 23 se
4744 4250 111 32 passe
4878 4237 22 35 à
4926 4235 223 36 New-York
5172 4246 49 23 ou
5245 4246 22 22 à
5292 4233 120 38 Paris,
5437 4243 71 33 peu
5532 4231 173 43 importe.

4212 4296 52 36 Ce
4287 4295 63 41 qui
4374 4295 173 39 importe,
4572 4292 90 35 c'est
4686 4303 40 23 ce
4749 4288 135 43 qu'elle
4908 4294 68 35 est,
5000 4299 41 23 ce
5063 4286 134 45 qu'elle
5221 4291 56 30 est
5300 4285 182 38 devenue,
5507 4294 41 23 ce
5571 4280 133 46 qu'elle

4214 4362 22 22 a
4259 4348 21 35 à
4304 4348 94 35 dire.
4424 4346 53 36 Ce
4501 4341 62 46 qui
4590 4345 174 40 importe,
4788 4341 92 36 c'est
4904 4340 135 43 qu'elle
5063 4352 21 22 a
5108 4338 95 35 vécu
5226 4338 96 34 dans
5347 4348 42 24 ce
5414 4334 122 46 grand
5561 4344 142 32 empire

4215 4399 269 40 énigmatique,
4507 4396 135 40 qu'elle
4665 4402 55 29 est
4742 4395 183 40 devenue,
4948 4392 134 35 vivant
5103 4389 121 46 parmi
5246 4400 107 29 nous,
5376 4400 73 23 une
5471 4385 166 45 parcelle
5659 4385 45 34 de

4217 4460 59 27 cet
4301 4452 155 35 empire,
4482 4457 36 30 et
4542 4449 134 38 qu'elle
4701 4461 21 23 a
4747 4459 46 24 eu
4816 4447 34 35 le
4875 4445 111 42 génie
5010 4444 46 36 de
5081 4454 138 25 sauver
5244 4453 68 24 son
5337 4439 239 45 expérience,
5601 4444 36 28 et
5661 4437 47 34 de

4218 4506 150 32 l'écrire
4396 4512 97 26 cour
4521 4514 107 24 nous.
4659 4500 87 38 Oui.
4776 4498 102 37 voilà
4907 4498 36 36 la
4971 4495 186 38 véritable
5185 4494 159 36 mission
5372 4493 47 35 de
5449 4485 111 42 Pearl
5591 4488 118 36 Buck.

5391 4554 115 33 CURT
5528 4552 126 33 RIESS.

5932 2382 28 32 h
5968 2393 20 21 11
6027 2385 129 34 Suede.
6198 2398 205 23 ceremome
6448 2389 41 33 de
6529 2390 35 33 la
6605 2392 133 33 remise
6777 2392 45 32 du
6871 2393 99 32 Prix

5934 2433 115 33 Xobel
6086 2446 19 21 Il
6147 2437 110 32 Pearl
6305 2439 112 33 Huck.
6463 2451 68 31 par
6569 2441 32 32 le
6640 2442 56 31 l'ni
6737 2444 138 31 GIIS/ll1,
6927 2443 38 32 l'.

5924 4464 144 33 Second
6090 4475 57 21 nui
6154 4463 34 32 l-i
6204 4463 42 33 de
6268 4464 112 32 Pearl
6405 4463 115 40 Buck,
6540 4463 95 33 voici
6649 4462 166 34 Richard
6841 4463 128 33 Walsh

5922 4513 135 45 auprès
6093 4514 42 33 de
6171 4526 40 21 sa
6250 4515 187 44 premiere
6468 4513 145 46 femme
6651 4522 34 26 et
6722 4515 42 32 de
6798 4526 40 22 sa
6878 4513 88 42 fille.
