3919 5004
628 577 1000 21 Parlons
1628 577 375 21 en
2003 577 751 21 Amies

1014 858 203 46 VOUS
1278 857 326 46 POUVEZ
1675 842 269 58 CRÉER
2014 854 101 42 LA
2188 853 195 43 JOIE

785 994 34 35 Il
841 993 135 45 faisait
998 992 93 45 gris,
1116 992 27 34 il
1165 991 135 45 faisait
1326 991 119 41 triste,
1470 989 134 36 l'hiver
1628 1001 58 23 me
1720 986 155 36 tombait
1900 998 68 23 sur
1991 985 34 35 le
2053 996 103 24 cœur
2183 990 34 30 et
2243 985 41 45 je
2309 985 144 35 roulais
2481 986 76 34 très
2582 985 118 35 lente-

685 1060 114 37 ment,
826 1066 93 24 avec
946 1059 95 30 cette
1070 1059 149 29 terreur
1244 1053 66 35 des
1336 1053 211 44 dérapages
1574 1051 63 45 qui
1663 1062 49 23 ne
1750 1048 194 36 contribue
1981 1053 69 39 pas
2085 1046 253 46 précisément
2374 1048 22 34 à
2432 1060 96 22 vous
2564 1052 136 30 mettre

685 1117 46 35 de
762 1117 77 35 très
868 1116 122 35 bonne
1019 1116 169 34 humeur.
1218 1115 45 36 Je
1293 1114 172 45 longeais
1494 1114 34 34 le
1556 1112 130 46 jardin
1716 1111 66 35 des
1813 1109 196 35 Tuileries.

783 1190 97 34 Tout
907 1189 22 34 à
958 1193 105 39 coup,
1090 1187 203 45 j'aperçus,
1321 1199 49 23 au
1397 1186 128 35 milieu
1554 1186 109 34 d'une
1692 1184 107 41 allée,
1835 1195 74 22 une
1944 1182 117 45 jeune
2097 1182 143 44 femme
2280 1186 35 30 et
2350 1193 70 24 son
2460 1181 147 45 enfant.
2645 1181 56 35 La

683 1251 115 45 jeune
826 1251 142 44 femme
998 1249 91 35 était
1116 1248 157 46 grande,
1303 1248 147 41 blonde,
1479 1248 110 34 d'une
1618 1246 136 36 beauté
1793 1244 199 42 éclatante,
2030 1244 35 35 la
2104 1243 106 36 vraie
2247 1243 117 45 jeune
2400 1244 143 44 femme
2581 1243 120 43 saine,

685 1312 275 42 harmonieuse,
997 1311 84 35 bien
1118 1310 215 45 équilibrée,
1371 1310 85 35 telle
1493 1322 70 32 que
1598 1306 275 37 Marie-Claire
1903 1305 177 36 voudrait
2111 1317 71 33 que
2210 1305 125 35 soient
2365 1310 124 30 toutes
2518 1306 55 35 les
2601 1306 99 44 fem-

683 1387 89 23 mes.
805 1374 193 44 L'enfant,
1028 1377 84 40 sept
1144 1384 48 23 ou
1224 1372 82 36 huit
1338 1383 79 31 ans,
1450 1370 236 36 ressemblait
1715 1370 22 34 à
1773 1381 41 23 sa
1853 1369 102 34 mère
1978 1380 11 23 :
2027 1367 45 35 de
2111 1379 61 23 ces
2210 1367 115 35 belles
2362 1367 137 45 petites
2536 1367 105 45 filles
2679 1367 22 35 à

683 1436 159 45 longues
874 1435 149 45 jambes
1057 1434 222 45 auxquelles
1315 1433 45 35 de
1394 1433 128 36 vraies
1556 1431 265 46 promenades,
1851 1443 51 21 un
1931 1436 73 38 peu
2034 1430 46 34 de
2109 1434 118 39 sport,
2257 1429 34 34 le
2320 1429 93 45 goût
2444 1429 66 35 des
2541 1429 160 35 oiseaux

686 1503 36 31 et
748 1497 66 36 des
841 1497 142 41 arbres,
1011 1496 255 35 construisent
1292 1507 50 22 un
1371 1501 110 38 corps
1506 1494 131 42 solide,
1665 1505 74 23 une
1762 1492 83 35 âme
1866 1492 171 45 joyeuse.
2061 1491 109 34 Mère
2195 1495 37 30 et
2251 1490 85 45 fille
2358 1490 176 46 jouaient
2557 1502 146 24 ensem-

685 1560 69 35 ble.
779 1560 53 34 Le
859 1558 124 36 ballon
1009 1557 153 43 sautait,
1188 1557 91 35 elles
1304 1557 209 42 couraient,
1540 1556 149 42 riaient,
1717 1554 104 36 aussi
1844 1553 164 46 souples,
2033 1553 104 35 aussi
2161 1553 149 45 légères
2334 1553 100 34 l'une
2460 1565 71 33 que
2555 1553 147 35 l'autre.

778 1633 45 36 Je
862 1644 46 23 ne
946 1632 56 45 fis
1040 1644 70 32 que
1148 1631 55 35 les
1242 1630 204 43 entrevoir,
1487 1630 178 45 quelques
1695 1628 173 35 minutes.
1893 1626 114 42 Mais,
2031 1627 22 35 à
2077 1626 123 45 partir
2222 1626 45 35 de
2292 1631 59 30 cet
2375 1626 154 42 instant,
2552 1626 40 45 je
2617 1638 87 24 crus

687 1694 233 46 apercevoir,
948 1699 80 29 tout
1055 1705 48 23 au
1129 1692 97 45 fond
1253 1692 66 35 des
1345 1704 156 33 nuages,
1529 1703 40 23 ce
1596 1691 94 45 petit
1724 1690 84 35 coin
1839 1690 46 35 de
1917 1689 85 35 bleu
2035 1689 63 45 qui
2128 1693 89 40 peut
2247 1688 103 45 faire
2385 1688 154 44 espérer
2569 1700 70 33 que
2671 1688 35 36 le

690 1762 118 39 temps
847 1768 48 24 va
935 1755 201 45 changer...
1175 1755 44 35 Je
1259 1766 60 23 me
1359 1754 71 35 mis
1467 1753 161 36 soudain
1669 1753 22 35 à
1719 1752 86 35 voir
1824 1752 36 35 la
1879 1751 62 36 vie
1963 1763 45 23 en
2030 1762 97 30 rose,
2147 1762 74 23 une
2242 1750 173 35 étincelle
2436 1750 46 35 de
2502 1750 80 45 joie
2601 1750 105 35 avait

686 1818 100 47 jailli
814 1830 46 23 en
889 1817 110 35 moi...

786 1891 80 35 Des
900 1891 99 34 êtres
1033 1888 253 37 harmonieux
1320 1888 129 35 créent
1483 1893 140 30 autour
1656 1887 116 36 d'eux
1800 1899 73 23 une
1903 1886 241 45 atmosphère
2174 1885 279 36 harmonieuse.
2483 1886 224 34 Avez-vous

688 1951 115 48 pensé
830 1957 162 31 souvent
1021 1963 70 33 que
1119 1963 97 23 vous
1245 1951 79 34 êtes
1351 1962 51 23 un
1431 1956 70 39 peu
1533 1949 247 46 responsable
1807 1949 46 35 de
1881 1949 105 35 l'état
2012 1948 121 36 d'âme
2162 1947 46 36 de
2236 1959 98 25 ceux
2361 1948 63 44 qui
2451 1959 96 24 vous
2575 1952 131 31 entou-

687 2020 84 31 rent
789 2015 20 35 ?
841 2015 104 35 Vous
974 2020 146 38 pouvez
1149 2012 107 36 créer
1284 2012 45 36 de
1358 2012 36 35 la
1423 2012 90 45 joie,
1542 2024 95 24 vous
1667 2018 151 39 pouvez
1849 2011 107 35 créer
1986 2010 50 35 du
2068 2010 182 43 bonheur,
2281 2009 84 35 rien
2396 2021 70 33 que
2496 2015 72 39 par
2597 2015 110 29 votre

687 2077 190 45 présence.
905 2076 62 35 Ne
996 2075 173 36 l'oubliez
1197 2081 103 39 pas...
1333 2072 105 38 Vous
1466 2074 202 35 mériterez
1695 2074 189 45 peut-être
1919 2073 103 35 alors
2059 2077 97 31 cette
2190 2071 179 36 dédicace
2406 2071 113 45 qu'un
2554 2071 46 35 de
2637 2083 70 24 nos

686 2140 131 45 poètes
843 2150 21 24 a
893 2137 155 36 inscrite
1072 2148 68 24 sur
1164 2136 34 37 le
1225 2136 95 37 livre
1347 2136 90 46 qu'il
1461 2135 158 37 donnait
1645 2136 21 36 à
1695 2148 74 24 une
1791 2135 116 47 jeune
1929 2135 144 45 femme
2103 2146 12 24 :
2146 2147 19 22 «
2192 2134 60 35 En
2275 2134 36 36 la
2335 2133 230 36 remerciant
2588 2133 119 35 d'être

688 2200 244 37 elle-même...
961 2213 19 23 »

2378 2246 314 37 MARIE-CLAIRE.

2994 384 84 64 LE
3186 380 480 68 COURRIER

3306 496 76 48 DE

2998 588 278 66 MARIE-CLAIRE

3157 780 138 31 NOTRE
3328 779 175 31 INSIGNE

3369 845 132 32 Toutes
3517 844 50 33 les
3583 843 123 33 Amies

3370 891 43 32 de
3453 889 253 34 Marie-Claire

3370 942 140 34 portent
3545 936 76 32 leur
3654 935 51 32 in-

3370 983 99 39 signe
3494 993 9 20 :
3527 993 66 21 une
3613 991 92 22 mar-

3369 1028 136 40 guerite
3563 1026 143 34 blanche

3369 1074 157 33 émaillée
3543 1084 62 22 sur
3616 1072 90 41 fond

3371 1121 89 38 bleu,
3491 1125 142 34 portant
3666 1130 40 21 en

2966 1172 118 31 lettres
3114 1179 180 29 argentées
3330 1179 11 20 :
3375 1165 139 34 A.M.C.
3547 1166 77 32 Elle
3654 1171 52 27 est

2965 1227 40 21 en
3031 1220 102 28 vente
3164 1224 45 29 10,
3239 1225 61 21 rue
3330 1213 43 33 de
3401 1213 125 37 Rome,
3553 1223 44 20 au
3625 1211 81 40 prix

2966 1261 42 33 de
3038 1270 19 31 3
3086 1260 47 40 fr.
3165 1268 41 31 50
3238 1271 14 27 ;
3296 1258 152 40 envoyée
3490 1269 38 21 en
3569 1269 136 21 recom-

2968 1306 124 34 mandé
3115 1312 118 27 contre
3254 1317 45 21 U1t
3323 1304 140 34 mandat
3485 1303 43 33 de
3548 1314 21 30 4
3587 1303 48 41 fr.
3657 1311 48 32 50.

3030 1399 169 38 Coquette
3220 1399 156 33 anxieuse,
3399 1395 128 33 Boucles
3547 1395 78 36 d'or,
3648 1396 58 30 Dé-

2969 1443 86 32 solée
3081 1445 48 34 28,
3156 1444 165 30 Heureuse
3346 1441 42 32 de
3412 1444 94 33 vivre,
3533 1441 97 39 Mony
3655 1440 55 32 dé-

2969 1489 97 36 solée,
3095 1490 76 30 Pour
3197 1487 200 36 sweetheart,
3424 1488 42 30 G.
3493 1486 116 36 Grard,
3638 1487 72 30 Lec-

2969 1537 79 28 trice
3072 1534 42 31 de
3137 1533 166 32 Charleroi
3325 1535 39 29 A.
3389 1533 35 31 D.
3447 1536 71 28 sont
3542 1533 104 40 priées
3668 1531 43 32 de

2970 1578 75 33 ■réus
3063 1581 239 38 communiquer
3320 1578 64 32 leur
3402 1577 129 32 adresse
3552 1590 78 28 pour
3647 1589 64 27 que

2971 1636 76 20 nous
3085 1627 152 39 puissions
3275 1623 64 33 leur
3376 1623 160 41 répondre
3574 1622 138 32 directe-

2971 1674 96 32 ment,
3098 1682 76 20 nous
3203 1669 168 41 disposons
3401 1668 42 32 de
3472 1672 75 37 trop
3577 1681 62 28 peu
3670 1667 42 32 de

2972 1715 93 41 place
3093 1728 79 29 pour
3199 1714 27 32 le
3252 1715 81 31 faire
3361 1714 80 32 dans
3467 1713 28 32 le
3522 1716 149 29 courrier.

2969 1804 42 40 *
3038 1806 86 31 Mme
3156 1805 176 36 Gindreau,
3364 1807 183 38 concierge,
3578 1807 49 34 58,
3659 1817 53 19 rue

2972 1850 340 37 Monsieur-le-Prince,
3353 1851 80 31 Paris
3477 1848 76 41 (6e),
3592 1850 120 32 donne-

2972 1898 60 29 rait
3060 1898 17 29 à
3106 1898 53 38 qui
3187 1896 221 40 s'engagerait
3435 1898 17 28 à
3482 1895 43 32 les
3554 1895 72 32 bien
3654 1897 60 30 soi-

2971 1953 80 28 gner
3075 1940 81 32 deux
3181 1940 126 32 chattes
3330 1941 65 31 très
3421 1952 133 29 propres
3579 1944 34 28 et
3637 1953 77 28 gen-

2971 1985 82 32 tilles
3069 1998 7 19 :
3102 1985 80 33 l'une
3206 1988 83 38 grise
3318 1984 54 41 (un
3396 1984 71 41 an),
3492 1986 110 32 l'autre
3627 1989 87 29 noire

2977 2029 56 42 (six
3055 2029 109 41 mois).

2968 2114 45 40 ★
3038 2115 177 32 YOSETTE.

3004 2180 31 25 A
3055 2181 102 26 notre
3177 2180 114 33 grand
3313 2187 117 27 regret
3452 2188 89 20 nous
3562 2188 43 20 ne
3625 2188 84 27 pou-

2969 2226 87 20 vons
3082 2227 90 19 vous
3199 2220 133 27 donner
3358 2227 138 20 aucune
3523 2221 146 27 adresse
3703 2227 6 25 ;

2970 2266 88 19 nous
3089 2266 90 20 vous
3211 2259 212 27 conseillons
3454 2260 41 26 dp
3528 2260 186 33 présenter

2970 2305 63 20 vos
3056 2298 156 28 modèles
3235 2299 90 26 dans
3349 2299 62 27 des
3434 2299 158 27 maisons
3617 2299 96 27 d'ou-

2970 2344 127 27 vrages
3120 2338 43 26 de
3187 2338 134 28 dames.
