3892 5004
525 2520 1444 420 ÎTEINT^^^

537 2978 444 150 pourVous
1007 2924 394 162 aussIr.
1421 3024 20 56 t
1551 2944 44 20 '
1709 2970 66 122 f

523 3122 552 196 ï^ftladame

536 3409 87 22 Toute
643 3409 100 22 femme
762 3411 46 23 qui
828 3413 16 17 a
864 3407 53 23 fait
938 3406 143 24 confiance
1101 3411 36 18 au

536 3442 117 24 Remède
669 3443 103 22 D.D.D.
791 3448 17 16 a
824 3442 85 22 banni
927 3447 69 19 pour
1012 3442 126 25 toujours

535 3477 92 23 toutes
644 3477 39 22 les
699 3476 206 25 imperfections
921 3476 121 25 pouvant
1059 3476 78 22 nuire
1587 3476 30 2 ^
1731 3472 70 6 dÉfe,
1930 3467 66 1 4H

537 3510 17 23 i
576 3516 31 17 sa
630 3510 106 23 beauté.
760 3511 49 22 Les
832 3510 126 24 boutons,
982 3510 39 22 les
1043 3509 93 25 points
1563 3500 61 34 Jflà
1922 3500 73 12 3^9

536 3545 84 25 noirs,
648 3544 40 23 les
714 3544 122 26 plaques,
865 3544 39 22 les
930 3549 139 21 rouleurs,
1098 3543 39 22 les
1911 3533 84 6 JbH

535 3583 79 22 pores
639 3577 108 27 dilatés,
773 3578 27 22 la
824 3583 145 21 couperose
994 3578 27 22 et
1045 3577 91 22 même

538 3613 39 22 les
599 3612 132 23 maladies
753 3612 33 23 de
806 3617 69 17 peau
897 3612 80 22 telles
999 3616 51 18 que
1072 3611 64 23 l'ec-

535 3646 84 26 zéma,
640 3646 25 22 le
684 3646 140 26 psoriasis.
845 3646 161 26 l'Impetigo.
1027 3645 26 23 la
1073 3646 61 21 der-
1863 3637 96 11 mÊÊÊr

533 3680 98 23 matite
656 3681 62 21 sont
736 3679 134 27 -soulagés
894 3680 62 25 puis
982 3680 148 26 disparalz-
1861 3671 61 11 Ww-

612 3713 56 24 très
684 3714 171 26 rapidement
872 3714 80 26 grâce
968 3719 35 17 au

535 3702 101 35 D.D.D.
653 3702 125 35 Pendant
795 3702 72 35 cette
884 3702 92 35 saison
994 3702 75 35 de
1069 3702 861 35 Remèdf^pP^BBBBBpW[MH|B^Pi^WMBP^BB

534 3736 83 47 tions,
647 3782 32 1 de
707 3781 67 2 bals,
805 3736 67 47 vous
900 3782 72 1 ferez
1042 3736 175 47 récep-J^^
1230 3740 77 31 «T
1333 3751 19 20 M
1384 3747 33 24 W
1534 3738 36 33 J
1593 3738 34 32 f
1735 3736 193 47 TMEf'jM

536 3820 66 18 vous
623 3814 145 24 étonnerez
789 3820 48 18 vos
1000 3782 78 22 envie
1104 3781 76 36 et^m
1354 3781 72 33 -M^
1457 3781 37 25 W
1521 3788 33 18 m

666 3805 26 45 II.
718 3816 146 34 transformation
864 3816 39 34 vos
903 3816 48 34 amis
951 3816 31 34 -
1001 3816 27 22 et
1050 3816 84 22 amies
1214 3805 24 16 *
1256 3805 30 32 J
1310 3820 24 17 m
1459 3815 24 22 W
1511 3821 33 16 m

533 3860 32 5 —
589 3855 50 20 par
975 3849 158 27 qu'opérera

535 3887 47 18 sur
607 3884 78 21 votre
709 3883 93 26 visage
827 3883 189 26 l'application
1042 3884 91 26 quoti-

535 3917 98 22 dienne
653 3917 35 22 du
707 3917 118 22 Remède
843 3918 103 22 D.D.D.
967 3918 92 25 Enfin,
1082 3923 51 17 une
1175 3914 138 26 GRATIS,
1334 3920 38 17 un
1390 3914 58 23 tris
1467 3915 53 22 bon
1539 3914 104 23 échan-

535 3955 69 22 peau
620 3951 86 25 nette,
725 3951 73 25 lisse,
818 3951 124 23 radieuse
959 3952 33 22 de
1008 3952 127 26 Jeunesse
1175 3949 81 22 tlllon
1301 3949 32 22 de
1377 3948 119 23 Remède
1538 3948 104 23 D.D.D.

686 3990 66 17 vous
775 3985 99 22 attend
896 3986 84 22 aussi.
1174 3983 109 22 Ecrivez
1328 3982 177 27 aujourd'hui
1551 3982 17 23 à
1612 3983 32 23 C.
1716 3984 88 21 —-—

535 4019 71 22 Pour
634 4018 104 23 activer
767 4018 159 25 l'efficacité
954 4020 36 22 du
1018 4019 118 24 Remède
1175 4017 121 23 SCOTT.
1321 4017 55 25 348,
1403 4022 48 17 rue
1475 4016 167 27 St-Honoré.
1674 4020 4 23 j
1920 4005 82 38 Itt

534 4052 113 26 D.D.D.,
665 4052 147 23 demandez
830 4053 17 22 à
863 4053 79 23 votre
956 4054 179 24 pharmacien
1175 4051 87 26 Paris,
1289 4052 28 22 et
1342 4057 67 17 vous
1433 4057 113 21 pourrez
1572 4052 72 23 ainsi
1673 4058 4 20 ;
1740 4042 121 36 ÎQJjîm

535 4091 38 17 un
601 4086 92 23 Savon
720 4087 102 22 D.D.D.
852 4098 12 5 -
893 4087 46 23 100
967 4087 27 24 %
1023 4093 59 18 pur.
1111 4087 26 23 Il
1176 4084 70 23 faire
1277 4090 37 17 un
1346 4087 71 21 essai
1448 4087 148 22 concluant
1628 4086 17 23 à
1673 4083 3 28 |
1916 4077 45 34 {Jl
1975 4083 27 28 M

532 4120 136 23 nettoiera
685 4120 27 22 la
728 4125 70 19 peau
812 4121 28 22 et
858 4120 38 24 les
913 4126 78 18 pores
1007 4122 129 22 jusqu'au
1175 4123 51 18 nos
1247 4119 79 23 frais.
1347 4120 36 22 Le
1402 4120 119 23 Remède
1539 4121 105 22 D.D.D.
1714 4110 176 34 ^^ÈDï
1916 4110 86 34 WËM

537 4153 43 27 fin
613 4154 77 25 fond.
724 4154 128 26 Employé
884 4155 70 25 seul,
989 4155 25 23 le
1046 4156 92 23 Savon
1177 4153 42 22 est
1239 4154 89 22 vendu
1348 4158 51 22 par
1418 4155 63 22 tous
1501 4155 39 22 les
1559 4155 85 25 phar-
1672 4159 3 21 j
1729 4143 95 36 ^Ù
1833 4156 40 24 J)
1915 4143 85 37 N'a

535 4188 103 22 D.D.D.
666 4188 138 23 assainira
830 4188 56 24 tria
913 4189 172 27 rapidement
1113 4190 25 22 le
1176 4187 122 22 maciens
1321 4193 35 17 au
1377 4188 61 26 prix
1460 4189 33 22 de
1514 4189 15 22 8
1551 4189 94 23 francs
1672 4188 2 23 !
1722 4189 121 33 RUm*"'
1870 4186 7 5 '
1914 4179 84 43 I]

533 4222 69 23 teint
619 4222 28 23 et
663 4222 40 23 lui
718 4223 100 23 rendra
832 4227 32 18 sa
878 4222 97 26 pureté
991 4222 145 24 naturelle.
1254 4221 26 22 le
1303 4221 92 23 flacon
1418 4223 148 23 ordinaire.

1347 4470 73 82 le
1442 4474 208 80 teint
1910 4260 84 109 fijj|

539 4590 23 36 6
579 4465 725 108 Embellit,protege

2327 520 75 40 AU
2437 517 214 41 CERCLE

2335 587 106 39 DES
2475 584 172 41 AMIES

2236 655 74 38 DE
2344 650 400 42 MARIE-CLAIRE

2277 841 119 31 JEUDI
2429 841 43 31 26
2503 839 180 32 JANVIER

2230 908 34 34 A
2292 918 41 33 14
2357 909 35 33 h.
2418 918 56 34 30,
2499 907 111 35 visite
2634 906 49 34 du
2707 911 77 29 stu-

2179 959 63 34 dio
2282 960 45 34 de
2367 959 147 35 cinéma
2555 958 44 35 de
2642 956 142 35 Billan-

2179 1017 119 28 court.

2240 1095 205 31 VENDREDI
2469 1095 44 30 27
2535 1093 179 32 JANVIER

2230 1162 34 34 A
2287 1172 41 34 17
2347 1163 34 33 h.
2402 1172 56 34 30.
2478 1161 237 36 thé-concert
2735 1170 48 24 au

2178 1213 144 41 Cercle,
2376 1220 35 29 et
2463 1212 319 45 enregistrement

2176 1264 21 35 à
2236 1265 41 35 18
2310 1264 150 38 heures,
2496 1266 44 33 de
2576 1263 205 36 l'émission

2176 1316 301 44 radiophonique
2550 1315 48 35 du
2670 1319 113 39 quart

2174 1367 156 37 d'heure
2388 1368 46 34 de
2495 1365 286 41 Marie-Claire,

2176 1418 261 35 radiodiffusé
2473 1430 68 32 par
2578 1417 123 35 Radio
2738 1425 44 36 37

2174 1470 21 34 à
2217 1480 39 24 21
2284 1470 35 34 h.
2343 1480 56 34 30,
2422 1481 94 24 avec
2537 1470 127 44 Julien
2689 1469 91 34 Ber-

2173 1521 125 41 theau,
2325 1521 45 35 de
2397 1521 35 34 la
2458 1520 321 36 Comédie-Fran-

2172 1572 114 43 çaise,
2309 1572 141 35 Michel
2473 1571 168 44 Varlope
2664 1577 35 29 et
2720 1582 60 23 ses

2172 1622 204 36 musiciens
2416 1623 132 43 (piano
2588 1621 191 44 Gaveau),

2172 1680 36 28 et
2234 1674 206 35 l'actualité
2466 1674 181 35 musicale
2672 1674 45 34 de
2744 1673 35 35 la

2171 1725 180 40 semaine,
2380 1724 198 45 présentée
2607 1736 68 32 par
2706 1724 72 35 Ro-

2171 1788 68 33 ger
2268 1776 183 35 Bourdin.

2258 1862 159 32 SAMEDI
2441 1862 43 31 28
2505 1861 181 33 JANVIER

2219 1930 34 34 A
2282 1940 41 33 14
2347 1930 35 34 h.
2408 1940 55 33 30,
2489 1929 111 35 visite
2624 1940 48 23 au
2697 1940 78 24 mu-

2172 1980 63 36 sée
2277 1981 68 34 des
2384 1986 241 29 monuments
2670 1979 106 35 fran-

2168 2032 91 43 çais,
2308 2043 93 23 avec
2450 2031 232 35 conférence
2731 2031 45 35 de

2169 2083 104 35 Mme
2304 2082 220 36 Thiessard.

2214 2168 235 32 DIMANCHE
2477 2168 44 30 29
2546 2167 180 32 JANVIER

2216 2237 34 34 A
2276 2246 42 25 10
2338 2236 149 41 heures,
2510 2246 49 24 au
2580 2234 128 36 Palais
2729 2235 46 34 de

2167 2288 36 35 la
2235 2287 254 41 Découverte,
2520 2286 112 35 visite
2662 2286 46 35 de
2739 2285 37 35 la

2168 2339 144 36 section
2341 2338 45 36 de
2415 2337 177 46 biologie,
2622 2348 89 24 sous
2740 2336 35 36 la

2167 2390 178 36 conduite
2378 2389 45 35 de
2458 2389 52 35 M.
2545 2388 142 36 Kertez
2712 2400 7 29 ;
2753 2387 21 36 à

2170 2452 43 24 10
2241 2441 35 35 h.
2307 2451 56 34 30,
2395 2439 194 45 réception
2619 2439 22 36 à
2670 2439 104 36 l'am-

2165 2493 161 36 bassade
2358 2493 44 34 de
2435 2490 196 46 Belgique,
2661 2502 112 33 orga-

2167 2543 105 36 nisée
2307 2555 68 33 par
2417 2556 19 21 «
2474 2543 53 36 les
2564 2542 109 35 Amis
2708 2543 66 34 des

2167 2595 211 36 Demeures
2405 2593 232 46 historiques
2667 2607 33 22 ».

2283 2680 135 32 MARDI
2445 2680 20 31 7
2489 2680 168 32 FEVRIER

2216 2748 35 36 A
2291 2759 41 33 14
2366 2749 35 34 h.
2438 2758 56 35 30,
2529 2747 161 36 histoire
2725 2747 50 35 du

2167 2800 124 45 palais
2315 2800 50 35 du
2394 2799 163 42 Louvre,
2585 2810 69 33 par
2683 2798 93 35 Mlle

2169 2852 167 35 Blumer.

2285 2936 121 32 JEUDI
2437 2936 20 30 9
2487 2935 166 32 FEVRIER

2217 3004 35 35 A
2278 3015 42 33 14
2341 3003 35 35 h.
2400 3013 56 35 30,
2478 3003 112 35 visite
2614 3003 45 35 de
2681 3001 95 36 l'im-

2169 3055 179 46 primerie
2389 3056 45 34 de
2473 3052 278 37 VIllustration.

2259 3140 161 33 SAMEDI
2448 3140 37 31 11
2517 3139 166 32 FEVRIER

2223 3209 36 35 A
2299 3219 41 33 14
2374 3208 36 35 h.
2447 3218 57 34 30,
2540 3207 112 35 visite
2689 3205 89 37 d'un

2170 3260 135 37 atelier
2351 3260 46 35 de
2443 3258 161 37 ciselure
2650 3264 36 30 et
2733 3258 45 34 de

2128 3337 7 8 .
2171 3311 139 36 travail
2335 3312 49 34 du
2409 3310 130 36 cristal
2564 3316 36 29 et
2623 3310 45 35 de
2692 3309 86 35 l'ar-

2170 3369 103 39 gent,
2295 3362 231 36 conférence
2548 3361 46 36 de
2616 3361 92 35 Mlle
2729 3361 51 34 du

2172 3413 297 45 Gué-Bourelly.

2220 3494 109 36 Vous
2387 3504 113 24 savez
2557 3503 71 33 que
2686 3502 95 24 vous

2173 3552 203 30 trouverez
2414 3545 22 35 à
2473 3544 35 35 la
2545 3543 154 36 Maison
2736 3543 45 35 de

2173 3596 289 43 Marie-Claire,
2515 3605 53 33 10,
2619 3607 67 23 rue
2736 3595 46 34 de

2176 3649 131 41 Rome,
2346 3654 84 29 tous
2469 3647 54 35 les
2564 3646 218 44 renseigne-

2173 3707 124 28 ments
2323 3705 232 29 concernant
2580 3703 124 30 toutes
2730 3697 53 35 les

2177 3750 176 37 activités
2395 3750 49 35 du
2487 3748 133 37 Cercle
2646 3760 7 24 :
2695 3760 89 23 con-

2173 3802 215 41 sultations,
2408 3812 123 29 cours,
2553 3805 230 37 restaurant,

2177 3854 108 35 9alon
2328 3853 45 35 de
2416 3852 155 41 lecture,
2615 3851 165 41 chorale,

2175 3911 271 39 groupements
2501 3903 172 44 sportifs,
2726 3901 58 36 ré-

2178 3956 155 36 duction
2363 3967 65 24 sur
2457 3954 115 37 tarifs
2602 3965 184 25 commer-

2179 4008 125 36 ciaux.

2229 4081 57 37 La
2332 4080 205 37 cotisation
2581 4080 46 36 de
2673 4091 116 25 mem-

2177 4133 67 37 bre
2269 4133 50 36 du
2346 4133 135 36 Cercle
2507 4139 57 29 est
2589 4132 47 35 de
2665 4140 41 36 15
2735 4130 50 36 fr.

2178 4198 70 33 par
2271 4197 60 24 an.
2357 4184 245 36 Faites-vous
2627 4183 161 36 inscrire

2178 4249 50 24 au
2244 4237 146 35 bureau
2410 4237 50 34 du
2479 4235 146 43 Cercle,
2647 4245 52 33 10,
2719 4246 68 24 rue

2179 4289 45 35 de
2250 4289 131 42 Rome,
2408 4287 110 35 Paris
2533 4286 45 36 8".

3256 2538 92 62 LA

2928 2628 752 148 DISTINCTION

3170 2806 152 62 PAR
3342 2808 90 60 LA

3536 2860 34 30 ,

3020 2896 560 168 QUALITE

2990 3189 116 52 Qu'il
3128 3191 159 51 pleuve
3319 3203 58 26 ou
3401 3189 109 53 qu'il
3535 3193 146 44 vente,

2935 3259 83 40 que
3041 3260 110 27 vous
3178 3247 159 41 sortiez
3370 3246 311 53 brusquement

2934 3303 105 40 d'un
3064 3307 311 50 appartement
3406 3304 145 39 chaud
3574 3316 112 40 pour

2936 3360 211 41 affronter
3176 3362 42 39 la
3254 3361 91 41 bise
3376 3361 197 52 glaciale,
3606 3374 79 26 vos

2933 3417 140 42 lèvres
3116 3418 281 52 garderont
3437 3419 96 39 leur
3572 3418 111 40 éclat

2935 3474 240 53 splendide,
3205 3477 126 50 grâce
3359 3488 56 27 au
3446 3487 133 40 rouge
3604 3474 83 40 ini-

2937 3531 182 42 mitable
3134 3533 52 39 24
3198 3532 155 41 heures
3367 3532 53 41 de
3437 3532 247 41 Lenthéric.

2993 3606 80 41 Les
3097 3606 280 53 intempéries
3393 3611 100 36 sont
3511 3606 175 42 absolu-

2937 3667 118 36 ment
3092 3676 103 29 sans
3228 3664 105 41 effet
3364 3677 74 27 sur
3474 3677 47 27 ce
3551 3675 133 41 rouge

2935 3720 295 49 merveilleux,
3245 3720 313 41 chef-d'œuvre
3573 3721 54 40 de
3638 3733 48 28 ce

2937 3777 137 52 grand
3103 3777 243 53 spécialiste
3377 3778 53 40 de
3456 3779 42 39 la
3523 3778 162 40 beauté

2938 3835 143 51 qu'est
3121 3834 246 42 Lenthéric.
3412 3835 63 40 La
3513 3835 173 41 suavité

2938 3893 121 38 racée
3090 3891 76 41 des
3190 3897 102 36 tons
3319 3892 53 41 de
3399 3891 286 41 l'Inimitable

2939 3948 53 40 24
3004 3947 155 43 heures
3170 3962 52 27 en
3235 3949 79 40 fait
3325 3951 41 39 le
3375 3961 132 41 rouge
3518 3949 168 53 préféré

2937 4005 77 40 des
3039 4005 124 53 jolies
3192 4006 183 41 femmes
3402 4006 55 41 de
3479 4008 43 39 la
3550 4006 136 40 haute

2935 4061 175 43 société.
3125 4064 36 39 Il
3173 4063 111 41 tient
3296 4063 60 40 du
3365 4063 142 40 matin
3518 4076 58 27 au
3584 4062 99 42 soir.

2996 4137 36 39 Il
3057 4141 65 36 est
3150 4150 54 27 en
3230 4142 130 36 vente
3386 4142 182 48 partout
3599 4150 87 26 aux

2938 4193 99 52 prix
3067 4194 53 40 de
3152 4196 55 39 10
3229 4195 79 40 Frs
3335 4199 43 36 et
3415 4195 52 40 18
3492 4195 95 40 Frs.

2973 4394 672 98 LENTHÉRIC-

2977 4531 78 39 245,
3087 4529 79 38 RUE
3197 4526 280 45 ST-HONORE,
3510 4529 124 38 PARIS
