3932 5004
784 1299 3 12 '

867 1380 2 2 '

803 1551 48 107 Vî
851 1551 147 107 «jl^P>-S
1097 1624 7 5 '
1234 1609 5 42 I

621 1840 515 122 m>^c

656 1960 152 67 s\t'^

664 2036 86 92 u
798 2070 58 42 v
1078 2030 28 98 ;

678 2126 126 250 i
1044 2274 24 86 /

966 2572 28 46 y
1030 2592 26 106 i

934 2642 114 126 /,!

476 2814 26 66 *-
982 2828 38 62 /

508 3064 196 36 —-
792 2924 132 148 ;/;
956 2936 116 184 A

708 3208 126 312 \\\
834 3208 126 312 "'\
960 3208 63 312 r
1023 3208 65 312 \

776 3469 14 20 t
837 3451 218 38 i'aiMeur
1079 3452 149 38 haute

783 3494 20 51 \
833 3494 183 51 iiie
1065 3505 163 36 exécuté

833 3563 59 51 ery
914 3543 104 49 fi.s.sii
1048 3554 176 39 NADIA

752 3616 68 144 "'
860 3556 164 276 >J
1076 3692 48 140 \

516 3868 40 60 T
652 3784 536 148 Ï^S'V'u

480 3936 776 312 MHA

496 4270 374 48 GARANTI
947 4259 289 61 DÉCATI

618 4395 63 41 En
720 4404 143 34 vente
899 4395 117 43 dans
1051 4395 67 43 les

618 4462 210 44 bonnes
885 4464 234 42 maisons

497 4553 151 42 Nadia,
658 4556 46 32 39
714 4565 27 23 r.
749 4553 372 42 Etienne-Marcel,
1130 4553 113 36 Paris

498 4623 98 22 vous
641 4611 209 43 indiquera
893 4610 36 34 la
972 4610 86 44 plus
1098 4611 145 43 proche

1467 551 82 31 UNE
1578 548 149 32 BLOUSE
1757 546 184 31 HABILLEE

1376 605 160 26 Manche.
1561 618 37 3 —
1621 603 139 25 Monter
1781 601 37 26 80
1841 607 56 22 m.,
1924 601 49 24 les
1998 599 75 25 trie.

1340 652 42 20 en
1409 647 38 31 pt
1473 645 41 25 de
1541 643 96 27 côtes
1666 643 15 24 1
1709 643 33 25 et
1770 641 25 30 1,
1826 640 90 26 faire
1942 639 36 26 10
2004 644 69 26 rgs,

1339 684 184 28 continuer
1563 689 41 20 en
1645 683 38 31 pt
1721 681 119 32 jersey
1878 686 41 19 en
1958 684 116 26 augm.

1339 726 18 26 6
1380 732 44 18 m.
1450 731 47 18 au
1524 721 151 35 premier
1700 727 40 26 rg
1765 720 42 26 de
1833 726 38 19 ce
1897 719 47 32 pt.
1973 717 104 26 Faire

1339 765 14 25 1
1383 770 117 26 augffil.
1532 763 89 25 dans
1652 760 116 26 toutes
1800 760 49 25 les
1878 756 198 28 douzièmes

1340 804 135 26 mailles
1501 802 52 29 (86
1575 808 43 20 m.
1644 801 80 25 sont
1747 798 185 27 obtenues)
1966 804 6 22 ;
1997 796 34 25 1°
2055 795 19 25 à

1339 845 17 26 3
1389 850 63 20 cm.
1488 843 44 25 de
1563 842 49 24 ht.
1647 839 119 30 totale,
1803 842 219 21 commencer
2056 835 20 25 à

1340 884 129 26 biaiser
1489 882 136 31 chaque
1646 879 83 26 bord
1752 884 42 20 en
1815 883 117 26 augm.
1957 875 34 25 12
2012 881 43 19 m.
2069 882 4 22 ;

1340 923 90 27 faire
1458 923 13 24 1
1501 927 116 26 augm.
1647 920 79 24 tous
1756 918 49 25 les
1833 917 17 24 2
1879 922 57 26 rgs
1965 914 111 27 suivie

1339 964 105 26 d'une
1465 967 119 26 augm.
1612 960 80 24 tous
1717 958 49 25 les
1790 957 16 24 4
1831 962 68 26 rgs.

1374 1003 35 25 2°
1437 1002 30 24 A
1495 1000 34 26 13
1556 1005 63 20 cm.
1648 997 42 26 de
1717 997 48 25 ht.
1795 995 119 30 totale,
1943 993 131 26 former

1339 1042 239 25 l'entournure
1609 1037 45 25 du
1686 1036 131 25 devant
1848 1035 34 25 et
1913 1033 85 26 celle
2030 1032 44 26 du

1338 1081 61 26 dos
1424 1080 41 25 de
1491 1079 34 25 la
1548 1076 150 26 manche
1723 1081 41 20 en
1790 1074 73 25 rab.
1890 1073 61 25 des
1975 1071 98 26 mail-

1338 1121 49 25 les
1410 1125 80 19 vers
1514 1117 135 32 chaque
1673 1114 84 26 bord
1781 1115 80 24 tous
1885 1113 50 24 les
1957 1111 17 25 2
1997 1117 74 26 rgs:

1337 1165 87 25 pour
1449 1157 240 24 l'entournure
1715 1153 44 26 du
1787 1152 142 28 devant,
1957 1150 73 26 rab.
2059 1150 16 24 5

1340 1206 56 22 m.,
1422 1198 18 25 2
1465 1195 69 27 fois
1558 1195 17 26 3
1601 1200 57 22 m.,
1687 1192 34 26 13
1747 1191 68 26 fois
1840 1192 15 25 1
1882 1197 57 23 m.,
1965 1190 18 26 5
2008 1189 67 25 fois

1335 1238 17 25 4
1378 1244 44 18 m.
1435 1243 6 22 ;
1469 1241 87 27 pour
1581 1233 240 26 l'entournure
1847 1230 45 25 du
1919 1229 73 29 dos,
2020 1234 49 20 ra-

1339 1277 118 26 battre
1478 1281 7 18 :
1512 1274 18 26 3
1556 1280 58 22 m.,
1641 1272 18 25 2
1686 1277 57 22 m.,
1773 1270 35 25 14
1834 1269 69 25 fois
1930 1269 17 25 1
1972 1275 58 22 m.,
2057 1267 18 26 5

1337 1316 68 26 fois
1427 1315 18 25 4
1467 1320 58 23 m.,
1551 1311 160 26 rabattre
1734 1308 138 27 ensuite
1895 1308 51 25 les
1968 1307 36 26 27
2028 1313 43 19 m.

1337 1355 57 26 oui
1425 1353 145 26 restent.
1679 1365 54 15 ,«v.

1371 1758 157 26 Bordure
1560 1758 41 25 de
1634 1756 198 25 l'encolure.
1868 1769 32 3 —
1934 1754 138 25 Monter

1334 1799 35 26 12
1389 1804 57 23 m.,
1469 1798 50 24 les
1541 1796 75 27 trie.
1640 1801 43 20 en
1703 1795 39 32 pt
1762 1792 194 35 jarretière,
1982 1792 89 26 faire

1334 1839 15 25 1
1376 1836 111 27 mètre
1514 1836 36 25 10
1574 1835 42 26 de
1643 1835 89 31 long.

1371 1874 241 32 Assemblage.
1644 1889 37 2 —
1710 1873 133 26 Réunir
1873 1872 30 26 le
1933 1872 62 26 dOiS
2025 1877 46 20 au

1332 1916 131 26 devant
1487 1921 64 26 par
1574 1915 51 25 les
1649 1914 166 25 coutures
1838 1912 61 25 des
1923 1911 148 26 dessous

1333 1956 41 25 de
1403 1954 83 26 bras
1515 1955 34 25 et
1578 1953 62 26 des
1668 1952 154 33 épaules.
1852 1951 140 26 Monter
2021 1950 50 25 les

1332 1994 169 26 manches
1524 1999 42 19 en
1589 1992 137 26 situant
1749 1991 50 26 les
1822 1990 166 26 coutures
2011 1995 61 20 sur

1333 2035 30 25 le
1387 2033 132 27 devant
1541 2031 23 26 à
1586 2032 18 25 4
1626 2038 65 19 cm.
1718 2031 42 25 de
1783 2031 98 31 large
1905 2029 61 26 des
1991 2035 80 20 cou-

1334 2075 97 25 tures
1459 2072 61 26 des
1547 2072 148 25 dessous
1723 2070 41 26 de
1791 2070 84 25 bras
1903 2069 44 25 du
1976 2067 95 27 vête-

1332 2113 107 25 ment.
1470 2111 136 27 Coudre
1634 2111 35 24 la
1697 2109 149 26 bordure
1874 2108 42 26 de
1944 2108 127 25 l'enco-

1332 2152 76 26 lure
1435 2150 22 26 à
1483 2151 118 32 points
1629 2149 42 26 de
1698 2148 114 33 surjet
1840 2154 60 19 sur
1927 2147 31 25 le
1986 2146 86 26 bord

1334 2191 42 26 de
1414 2190 189 26 l'encolure
1641 2195 44 19 en
1724 2188 152 26 laissant
1914 2187 18 26 2
1971 2186 100 33 longs

1332 2237 90 27 pans
1445 2236 89 26 pour
1559 2228 132 26 former
1715 2228 15 25 1
1756 2226 114 27 nœud.

1356 2295 57 32 UN
1439 2293 200 32 ENSEMBLE
1659 2292 186 31 TAILLEUR
1871 2290 183 32 ELEGANT

1455 2347 168 30 (Schéma
1646 2346 42 26 de
1714 2346 35 25 la
1772 2351 91 27 page
1881 2341 49 37 46.
1944 2345 8 26 )

2184 572 152 29 Combien
2369 572 38 29 de
2440 572 133 28 milliers
2617 571 37 29 de
2697 571 186 29 kilomètres

2140 611 200 29 couvrit-elle
2362 611 12 28 ?
2405 611 151 29 Combien
2585 611 37 29 de
2649 611 102 28 haltes
2779 611 30 29 la
2835 611 46 28 vi-

2140 655 79 29 rent,
2241 660 84 25 sage,
2348 660 55 19 sur
2423 660 62 19 une
2505 650 106 29 chaise
2631 650 38 29 de
2689 654 192 28 restaurant.

2139 690 71 34 gaie
2235 695 30 25 et
2291 690 92 29 fidèle
2409 690 139 35 pendant
2573 690 30 28 la
2628 690 85 28 halte
2738 700 40 18 au
2804 690 77 28 bord

2139 729 74 28 d'un
2239 729 78 34 bois,
2345 729 221 31 familiarisée,
2593 729 78 28 dans
2698 729 45 29 les
2768 729 113 34 hôtels,

2138 778 76 19 avec
2239 769 192 29 l'ascenseur
2453 768 12 28 ?
2492 768 91 29 Nous
2607 768 132 29 n'avons
2762 778 57 25 pas
2843 779 38 18 eu

2140 807 16 29 à
2182 808 30 28 la
2237 808 213 32 contraindre,
2477 808 60 29 elle
2562 817 80 19 nous
2667 807 111 29 offrait
2803 812 77 24 tout.

2180 859 38 34 Je
2246 860 161 28 n'invente
2435 869 67 26 pas,
2533 860 32 35 je
2593 870 39 19 ne
2664 868 17 20 «
2697 870 150 19 romance
2863 869 17 19 »

2139 909 38 18 en
2203 899 68 29 rien
2298 899 29 28 la
2355 899 123 30 Chatte.
2507 899 43 30 Le
2577 899 150 29 souvenir
2753 900 38 28 de
2817 900 64 28 cin-

2139 942 116 31 quante
2281 938 121 29 chattes
2430 938 155 34 révolues,
2612 938 59 29 elle
2696 948 40 20 ne
2760 939 121 29 l'éteint

2138 987 65 25 pas,
2238 978 59 29 elle
2329 978 29 29 le
2391 978 136 29 domine.
2563 977 63 30 Zoé
2660 978 30 28 la
2722 978 159 35 tricolore,

2140 1021 86 25 toute
2252 1017 152 29 fantaisie
2429 1022 31 24 et
2485 1017 176 35 primesaut
2684 1027 6 23 ;
2720 1018 161 31 Nonoche.

2139 1056 140 36 blanche,
2309 1057 87 34 fière,
2425 1067 191 19 amoureuse
2645 1057 38 29 de
2711 1057 113 29 liberté
2852 1063 29 23 et

2139 1096 37 28 de
2215 1096 111 29 chasse
2349 1105 6 24 ;
2398 1106 61 19 une
2509 1106 134 25 persane
2693 1106 130 25 angora,
2864 1096 18 28 à

2139 1135 117 34 grands
2283 1136 125 28 volants
2435 1136 38 29 de
2500 1136 81 34 poils
2608 1136 98 30 bleus,
2735 1136 147 29 créature

2138 1175 93 28 d'une
2260 1175 185 29 distinction
2476 1175 149 35 suprême
2652 1175 82 29 mais
2761 1175 54 35 qui
2844 1185 38 19 ne

2138 1214 124 34 perdait
2293 1224 123 19 aucune
2447 1215 146 28 occasion
2626 1214 37 30 de
2695 1215 186 29 s'encanail-

2139 1254 54 31 ler,
2231 1254 161 34 mangeait
2430 1254 40 28 du
2509 1254 175 30 saucisson.
2743 1254 138 29 chassait

2137 1303 76 18 avec
2234 1294 44 28 les
2299 1293 109 29 chiens
2431 1303 6 24 ;
2462 1293 130 31 Prrrou.
2613 1294 113 29 canine
2745 1293 18 28 à
2784 1294 97 32 ravir,

2137 1332 52 35 qui
2212 1333 284 34 m'accompagnait
2519 1333 79 28 dans
2619 1334 46 28 les
2687 1343 73 19 rues
2783 1332 97 29 d'Au-

2138 1372 76 28 teuil
2239 1381 5 20 :
2276 1371 140 30 celles-là
2446 1377 30 24 et
2504 1372 72 29 bien
2606 1372 140 29 d'autres
2774 1372 106 29 brillè-

2139 1415 69 25 rent
2235 1411 243 35 d'intelligence,
2508 1412 110 28 furent
2645 1411 125 30 variées
2798 1422 83 18 com-

2138 1460 49 19 me
2215 1451 103 28 seules
2348 1451 27 30 le
2402 1456 139 29 peuvent
2568 1450 67 30 être
2663 1452 46 28 les
2738 1451 143 29 femelles

2138 1490 78 29 dans
2250 1492 44 28 les
2329 1490 128 35 espèces
2490 1491 117 35 qu'une
2640 1490 240 29 domestication

2138 1529 153 30 ancienne
2325 1530 176 34 rapprocha
2536 1530 38 28 de
2607 1539 90 19 nous.
2734 1530 84 29 Mais
2853 1530 28 28 la

2139 1569 123 30 Chatte,
2277 1591 4 3 ■
2294 1569 175 35 singulière
2500 1579 58 25 par
2588 1579 62 19 une
2681 1574 85 24 sorte
2797 1569 84 29 d'ab-

2138 1608 159 34 négation,
2326 1613 31 24 et
2384 1609 52 34 qui
2466 1619 38 19 ne
2532 1609 158 28 consentit
2722 1609 113 30 iamais
2864 1608 18 29 à

2139 1657 31 19 se
2206 1648 154 34 plaindre,
2398 1648 30 28 la
2466 1648 113 30 Chatte
2613 1648 53 35 qui
2704 1648 85 29 obéit
2824 1658 58 24 par

2137 1697 121 21 amour,
2284 1688 157 34 triomphe
2467 1687 38 30 de
2530 1697 50 19 ses
2607 1687 220 35 répugnances
2852 1693 28 24 et

2138 1727 37 28 de
2209 1736 50 19 ses
2293 1732 152 26 terreurs,
2482 1727 146 29 réfléchit
2663 1732 30 24 et
2728 1727 153 31 discerne.

2137 1766 69 29 leur
2229 1771 47 24 est
2300 1766 197 35 supérieure.

2182 1810 42 30 Sa
2252 1811 171 31 fécondité,
2450 1811 18 29 à
2494 1812 129 35 présent
2648 1811 90 33 tarie,
2764 1822 19 18 a
2807 1822 74 24 peu-

2137 1850 50 34 plé
2211 1852 44 28 les
2277 1851 140 29 maisons
2440 1856 31 24 et
2494 1852 45 28 les
2561 1851 179 35 propriétés
2764 1851 38 29 de
2825 1861 57 19 nos

2137 1891 80 28 amis
2248 1891 94 29 d'une
2374 1891 216 29 descendance
2620 1891 101 30 bleue,
2754 1890 128 29 confor-

2138 1940 49 18 me
2213 1940 41 19 au
2280 1935 73 30 type
2381 1930 107 34 établi,
2516 1930 21 29 il
2565 1940 19 25 y
2611 1940 18 19 a
2655 1934 113 31 quatre
2794 1935 88 24 cents

2138 1979 66 21 ans,
2228 1980 58 24 par
2311 1970 28 29 le
2363 1970 193 29 croisement
2581 1970 38 29 de
2643 1970 143 34 l'angora
2810 1970 72 29 bleu

2139 2019 81 18 venu
2244 2009 119 32 d'Asie,
2389 2020 76 18 avec
2492 2011 28 28 le
2543 2010 73 28 chat
2640 2009 87 35 rayé,
2754 2009 49 28 fils
2828 2010 54 28 des

2138 2049 88 28 chats
2263 2059 166 25 sauvages.
2469 2049 45 29 La
2552 2059 116 24 rayure
2706 2049 177 29 ancestrale

2139 2088 36 29 de
2210 2088 126 30 ceux-ci
2373 2089 76 29 s'est
2484 2088 120 29 fondue
2640 2089 79 28 dans
2754 2089 29 28 le
2820 2089 60 34 poil

2139 2128 79 29 bleu-
2258 2127 65 29 Sur
2359 2129 47 28 les
2443 2128 222 29 nouveau-nés
2703 2128 180 35 paraissent

2138 2178 112 18 encore
2278 2169 45 29 les
2349 2168 120 29 bandes
2496 2168 72 34 plus
2598 2167 139 33 foncées,
2766 2178 60 25 que
2854 2168 28 28 la

2138 2207 179 29 croissance
2340 2208 111 28 efface.
2476 2207 26 29 Il
2525 2207 108 29 arriva
2656 2208 37 28 de
2716 2208 29 28 la
2770 2208 113 29 Chatte

2136 2257 35 19 ce
2204 2247 53 35 qui
2291 2247 107 29 arrive
2431 2257 65 19 aux
2530 2247 98 29 félins
2661 2251 71 30 trop
2768 2247 114 30 intelli-

2138 2292 100 28 gents,
2274 2296 64 19 aux
2375 2286 150 30 chiennes
2560 2291 71 30 trop
2667 2287 162 29 attachées
2865 2286 17 29 à

2138 2331 90 25 notre
2262 2326 112 34 espèce
2397 2336 5 19 :
2440 2326 60 29 elle
2535 2326 50 29 fut
2619 2336 62 19 une
2715 2326 88 29 mère
2837 2326 46 29 in-

2137 2370 174 25 constante.
2333 2366 130 35 Chaque
2482 2366 64 28 fois
2564 2366 60 29 elle
2642 2367 84 34 jura.
2746 2366 137 34 choyant

2138 2415 56 19 son
2223 2405 141 35 dauphin
2390 2416 39 19 en
2458 2416 57 19 son
2541 2406 141 34 premier
2711 2406 67 35 âge,
2807 2406 75 35 qu'il

2138 2445 78 29 était
2250 2445 28 29 le
2311 2445 72 35 plus
2417 2445 80 29 beau
2532 2446 115 28 chaton
2683 2445 42 29 du
2759 2446 124 29 monde.

2136 2485 115 35 qu'elle
2281 2495 38 19 ne
2349 2485 119 29 vivrait
2498 2495 61 26 que
2589 2495 80 25 pour
2699 2485 44 28 lui
2775 2485 107 29 désor-

2139 2525 91 34 mais,
2254 2534 60 26 que
2337 2525 71 28 nuit
2432 2529 30 24 et
2486 2525 76 38 jour
2586 2525 59 29 elle
2669 2525 28 28 le
2721 2525 162 32 lèc.herait.

2137 2565 182 33 allaiterait,
2340 2564 168 34 bercerait,
2530 2564 245 35 enseignerait...
2799 2564 85 29 Mais

2137 2605 59 28 elle
2221 2604 145 29 revenait
2391 2604 64 29 vite
2479 2614 41 19 au
2544 2603 157 30 véritable
2727 2604 94 29 choix
2846 2605 38 28 de

2138 2654 56 19 son
2228 2653 96 25 cœur,
2359 2648 31 25 et
2422 2643 181 29 bousculait
2636 2644 29 29 le
2696 2644 79 35 petit
2808 2654 75 18 ours

2139 2684 165 33 gris-bleu,
2333 2694 38 19 en
2399 2684 29 28 le
2455 2684 134 28 traitant
2617 2683 146 30 d'enfant
2790 2684 38 29 de
2855 2684 28 28 la

2138 2724 97 28 borne
2260 2728 30 25 et
2316 2723 38 29 de
2377 2723 116 29 bâtard
2518 2733 74 20 sans
2616 2723 116 34 lignée.
2901 2727 3 14 '

2182 2775 90 28 Nous
2300 2784 100 19 avons
2427 2774 109 31 vieilli,
2565 2775 30 28 la
2624 2774 114 29 Chatte
2764 2778 32 25 et
2822 2774 60 29 moi

2138 2831 41 4 —
2201 2814 31 29 la
2258 2814 114 30 Chatte
2395 2815 72 34 plus
2490 2814 65 29 vite
2578 2824 60 25 que
2662 2813 63 29 moi
2749 2830 43 4 —
2814 2814 71 29 côte

2139 2853 18 29 il.
2182 2854 80 29 côte.
2290 2854 69 29 Elle
2384 2854 80 29 n'est
2489 2854 71 35 plus
2585 2853 88 29 aussi
2697 2853 92 29 bleue
2810 2853 12 28 ?
2849 2853 36 35 Je

2138 2904 39 19 ne
2206 2893 64 30 sais
2298 2894 72 35 quel
2400 2893 91 35 beige
2520 2893 38 29 de
2588 2893 146 29 mauvais
2763 2903 122 24 augure

2140 2933 153 29 s'insinue
2320 2933 79 29 dans
2428 2943 57 19 son
2513 2933 112 35 pelage
2653 2933 52 35 qui
2735 2937 48 24 est
2811 2942 74 19 =ous

2141 2973 27 28 la
2193 2973 96 31 main,
2313 2973 87 28 aussi
2421 2973 78 29 lisse
2522 2983 61 25 que
2604 2973 81 28 celui
2710 2972 40 29 du
2775 2971 110 30 lièvre.

2142 3013 68 29 Elle
2241 3013 137 29 descend
2410 3023 37 19 en
2480 3013 104 30 laisse,
2616 3022 58 25 par
2704 3012 46 29 les
2780 3012 104 29 beaux

2140 3053 99 34 jours,
2270 3053 79 28 dans
2378 3052 28 29 le
2435 3052 108 35 jardin
2574 3051 41 29 du
2648 3051 237 35 Palais-Royal.

2140 3102 92 20 passe
2259 3092 134 30 paisible
2421 3092 102 30 parmi
2552 3092 45 29 les
2625 3091 130 29 enfants
2783 3095 31 25 et
2842 3092 45 28 les

2139 3132 118 29 chiens.
2297 3132 70 29 Elle
2405 3131 155 29 s'installe
2598 3131 174 29 volontiers
2810 3131 77 29 chez
2901 3121 3 21 1

2142 3182 49 18 ma
2221 3171 124 30 voisine
2375 3171 41 29 du
2448 3170 279 30 rez-de-chaussée
2759 3180 54 19 sur
2843 3181 42 18 un

2140 3216 83 26 tome
2249 3212 38 28 de
2312 3212 117 28 Fleurs
2454 3211 152 34 aminées,
2633 3221 55 18 sur
2714 3211 45 28 les
2787 3211 101 28 Roses

2140 3252 37 28 de
2213 3251 154 29 Redouté.
2405 3251 69 29 Elle
2509 3250 54 30 eût
2596 3250 93 30 aimé.
2725 3250 33 34 je
2792 3250 94 33 crois,

2139 3301 60 25 que
2230 3290 219 35 j'exploitasse
2479 3300 76 19 avec
2586 3290 59 29 elle
2675 3300 62 18 une
2767 3290 37 29 de
2833 3300 53 19 ces

2142 3331 159 29 librairies
2337 3330 198 35 poudreuses
2570 3334 31 25 et
2636 3329 175 35 profondes
2847 3329 40 29 où

2143 3370 167 35 Dorbigny
2344 3370 179 35 s'épanouit
2556 3368 19 29 à
2608 3369 72 29 côté
2713 3369 38 29 de
2785 3369 102 29 Gran-

2142 3410 83 35 ville,
2263 3410 78 29 dans
2377 3420 62 19 une
2474 3409 100 29 odeur
2610 3409 38 29 de
2682 3419 126 25 pomme
2845 3418 41 18 un

2143 3460 58 25 peu
2239 3450 112 29 moisie
2387 3455 31 24 et
2454 3449 38 29 de
2530 3449 105 29 souris
2673 3448 215 35 séquestrée...

2184 3501 91 29 Cette
2298 3501 112 34 année,
2435 3501 59 29 elle
2516 3501 133 28 hiverne
2673 3500 213 33 longuement.

2143 3541 70 29 dort
2242 3550 44 19 un
2315 3541 133 34 étrange
2478 3540 143 29 sommeil
2652 3540 42 28 du
2724 3539 79 28 fond
2833 3539 55 28 du-

2141 3581 71 34 quel
2238 3581 59 29 elle
2322 3580 103 33 éteiid,
2450 3579 17 29 à
2494 3580 116 29 tâtons,
2635 3589 62 19 une
2720 3583 88 31 patte
2833 3588 55 19 sur

2144 3631 50 18 ma
2218 3620 96 31 niain,
2338 3630 63 19 une
2424 3624 86 31 patte
2533 3619 54 36 qui
2612 3619 87 33 relie,
2724 3618 18 29 à
2765 3619 31 28 la
2820 3618 69 29 réa-

2142 3660 55 29 lité
2227 3657 173 38 qu'éclaire
2430 3670 53 18 ma
2513 3659 113 35 lampe,
2658 3659 29 29 le
2718 3658 63 29 lieu
2814 3657 75 35 déjà

2142 3700 116 29 obscur
2294 3709 73 20 vers
2405 3700 118 34 lesquel
2563 3699 97 35 glisse
2697 3698 30 29 la
2766 3698 123 29 Chatte.

2142 3744 31 25 et
2197 3744 104 25 toutes
2325 3740 46 28 les
2393 3740 133 32 chattes,
2551 3744 30 25 et
2604 3740 31 27 la
2657 3738 133 29 chienne
2813 3737 75 29 bou-

2141 3779 144 36 ledogue,
2314 3784 30 26 et
2372 3778 249 31 nous-mêmes...

2678 3834 166 30 COLETTE,

1475 3942 114 31 POUR
1611 3940 110 32 FINIR
1744 3938 194 33 L'HIVER...
1962 3937 113 32 POUR
2097 3935 283 33 COMMENCER
2404 3935 44 30 LE
2473 3933 236 32 PRINTEMPS

1871 3991 88 31 (Dos
1985 3991 63 26 des
2075 3996 110 26 pages
2211 3988 119 31 28-29.)

3489 1329 31 53 t

3404 1432 268 90 FROID

3105 1820 27 25 m
3365 1829 274 28 CITRONEIGE

3367 1869 162 33 protège
3577 1878 62 17 vos

3002 1907 94 27 mains
3120 1911 103 23 contre
3248 1911 82 23 toute
3356 1912 127 28 attaque
3503 1909 39 26 du
3562 1909 77 26 froid

3000 1950 37 23 et
3037 1950 102 23 contre
3152 1947 41 26 les
3204 1947 87 26 effets
3291 1947 51 26 de
3355 1947 90 27 l'eau.
3460 1947 16 26 Il
3488 1948 152 32 supprime

3000 1995 150 25 gerçures,
3163 1987 173 32 engelures,
3349 1995 153 25 rougeurs.
3514 1987 128 26 CITRO-

3001 2026 110 26 NEIGE
3130 2029 44 23 est
3194 2035 58 18 une
3275 2026 97 26 crème
3393 2028 17 24 à
3433 2027 75 25 base
3535 2027 39 25 de
3601 2026 42 33 jus

3002 2065 115 27 naturel
3130 2067 38 25 de
3180 2066 102 30 citron,
3295 2073 33 19 ce
3338 2066 68 26 fruit
3418 2074 95 18 connu
3526 2067 40 25 de
3578 2070 66 22 tous

3001 2110 97 28 temps
3110 2113 64 25 pour
3174 2113 65 25 ses
3252 2105 168 33 propriétés
3429 2106 212 32 astringentes,

2999 2145 242 30 ado"cissantes,
3261 2145 255 26 bloilechissantes.

3346 2196 122 34 Malgré
3497 2196 26 26 le
3552 2196 90 31 froid,

3004 2250 184 16 —««i.
3349 2236 114 31 quelles
3474 2244 60 24 que
3545 2236 97 25 soient

3012 2567 51 17 vos
3071 2556 204 34 occupations,
3287 2565 58 17 une
3353 2556 105 33 simple
3467 2555 187 33 application

3015 2599 39 25 de
3074 2596 227 27 CITRONEIGE
3327 2604 71 18 vous
3421 2604 138 18 assurera
3582 2603 74 24 pour

3013 2637 131 33 toujours
3167 2636 54 26 des
3245 2635 95 26 mains
3362 2635 110 30 saines,
3500 2634 156 30 blanches,

3013 2677 175 33 élégantes,
3211 2690 9 4 -
3239 2675 87 33 signe
3352 2674 27 26 le
3406 2675 64 33 plus
3488 2677 169 29 .marquant

3014 2718 40 25 de
3072 2715 184 27 distinction.

3017 2772 26 24 ★
3066 2763 188 30 Échantillon
3269 2766 37 26 de
3319 2765 226 27 CITRONEIGE
3560 2770 99 20 cotitrr

3015 2808 95 25 envoi
3140 2807 40 26 tic
3214 2808 11 24 1
3249 2806 40 33 fr.
3314 2807 35 25 25
3380 2808 17 23 tÎ
3430 2805 124 26 NEIGE
3586 2804 72 26 DES

3016 2842 203 34 CtVENNES,
3241 2846 145 26 f.i-vallais
3406 2846 121 29 (Se;n,.).

3150 3903 58 8 ^
3390 3903 136 25 CITRON
3526 3903 58 25 El
3584 3903 79 25 GE-

3391 3940 124 26 BLANC
3540 3948 76 25 pour
3636 3939 27 26 le

3017 3983 122 32 visage
3165 3981 43 27 fut
3226 3981 69 26 créé
3322 3988 76 25 pour
3422 3981 153 32 répondre
3595 3980 18 25 à
3635 3980 27 25 la

3017 4023 156 26 demande
3200 4022 39 25 de
3267 4020 235 26 l'innombrable
3524 4020 140 26 clientèle

3018 4064 39 24 de
3087 4060 236 28 CITRONEIGE.
3352 4060 22 26 C
3388 4063 45 22 est
3476 4068 59 18 une
3566 4060 98 25 crème

3019 4101 161 27 vitaminée
3199 4101 40 25 de
3260 4099 175 26 traitement
3454 4099 49 32 qui
3521 4099 144 30 contient,

3018 4150 75 18 avec
3128 4145 66 21 tous
3232 4139 41 26 les
3313 4138 151 34 principes
3500 4138 87 26 actifs
3624 4139 39 25 du

3019 4179 236 30 CITRONEIGE,
3289 4179 40 26 les
3357 4186 65 19 sucs
3453 4178 213 26 adoucissants

3018 4224 30 23 et
3066 4219 126 28 nutritifs
3209 4221 39 24 de
3267 4218 139 31 l'orange
3424 4221 29 22 et
3470 4218 39 25 du
3529 4217 136 33 pample-

3022 4268 125 18 mousse.

3022 4316 25 23 *
3077 4306 222 30 Échantillon
3326 4309 39 25 ./c
3392 4307 274 27 CITRONEIGE-

3018 4349 125 26 BLANC
3174 4356 100 18 contrr
3305 4358 34 15 en
3345 4349 43 24 roi
3420 4348 36 24 tir
3492 4349 8 23 1
3517 4348 43 32 fr.
3584 4349 31 23 2.5
3647 4349 17 23 à

3019 4389 110 26 NEIGE
3170 4388 65 26 DES
3275 4383 207 33 CÉVENNES,
3521 4387 48 24 l.ri
3579 4387 89 25 ftltois

3012 4444 40 24 ^
3281 4428 120 27 \Srim-f.
3628 4443 37 25 ^

3009 4614 33 25 v-
3042 4614 45 25 76
3268 4602 43 39 V
3325 4601 33 38 T
3386 4623 21 13 r
3431 4620 77 21 photo
3523 4618 88 22 Lucien
3627 4617 95 22 lorelle
