3878 5004
516 1479 100 38 Soyez
627 1482 171 28 moderne,
807 1488 23 20 si
840 1488 79 21 vous
929 1482 114 27 voulez
1053 1481 115 36 plaire.

514 1522 159 38 Allongez
687 1531 55 21 vos
761 1522 68 34 cils,
844 1525 81 27 mais
944 1532 40 21 ne
998 1523 44 30 les
1055 1523 114 30 fardez

515 1575 68 29 pas.
620 1565 547 33 ARCANCIL-SANCOLOR

514 1610 161 30 accroîtra
690 1611 206 38 rapidement
906 1610 30 30 la
951 1611 163 38 longueur
1125 1612 42 29 de

515 1662 55 21 vos
588 1653 55 30 cils
661 1654 101 38 grdce
780 1656 20 27 à
815 1654 110 29 l'huile
936 1655 42 29 de
994 1658 105 26 tortue
1112 1657 53 37 qui

511 1701 93 26 entre
613 1698 82 28 dans
709 1706 36 21 sa
761 1700 227 36 composition.
1003 1698 41 30 En
1057 1702 108 30 outre,

511 1740 459 32 ARCANCIL-SANCOLOR
998 1744 71 28 leur
1085 1743 81 29 don-

513 1793 79 21 nera
605 1794 41 20 un
662 1785 107 38 lustre
769 1785 107 38 soyeux
876 1785 63 38 en
949 1786 45 29 les
1006 1788 161 28 courbant

510 1828 99 31 d'une
636 1828 96 39 façon
764 1829 161 29 naturelle
953 1839 75 21 sans
1057 1839 107 21 aucun

510 1875 110 35 aspect
643 1873 42 28 de
709 1872 210 39 maquillage.
947 1873 111 30 Grâce
1083 1875 20 28 à
1128 1883 36 21 sa

510 1918 215 35 composition
775 1916 208 30 absolument
1037 1920 126 31 neutre,

509 1959 458 31 ARCANCIL-SANCOLOR
996 1969 42 21 ne
1070 1961 93 30 brûle

511 2012 71 29 pas,
603 2012 41 20 ne
662 2012 91 20 casse
776 2013 58 29 pas
853 2004 46 29 les
917 2004 68 32 cils,
1006 2013 40 20 ne
1065 2007 98 36 pique

510 2056 58 29 pas
586 2051 31 25 et
636 2046 122 30 n'irrite
772 2056 59 29 pas
844 2048 45 28 les
904 2057 94 29 yeux.
1014 2047 39 30 En
1069 2052 93 27 vente

510 2094 130 34 partout
662 2099 7 20 :
689 2090 50 30 Gd
761 2091 128 29 modèle
907 2096 7 25 :
933 2090 31 31 15
964 2090 52 31 fr.
1038 2091 95 31 Rech.
1153 2101 7 21 :

514 2134 35 29 10
560 2134 39 29 fr.
615 2134 88 29 Boîte
718 2134 76 39 pub.
811 2143 7 21 :
834 2134 18 30 5
863 2133 39 31 fr.
924 2134 40 30 En
979 2136 75 29 tube
1069 2145 8 20 :
1092 2135 17 29 7
1121 2135 39 31 fr.

720 2264 8 6 .
909 2240 75 28 Gros
1010 2256 6 12 :
1053 2244 114 27 PALITA

1084 2279 40 26 42

930 2306 27 31 9,

972 2340 75 27 Paris

582 2416 191 49 PIQUE

1200 2528 13 8 -

467 2724 24 24 #
521 2722 34 21 Le
581 2721 97 22 Studio
704 2720 151 24 Leibowitz.
882 2720 23 23 7.
934 2725 21 16 r.
982 2719 118 26 Chaptal
1131 2719 67 23 (Tri.

464 2755 89 23 01-28)
582 2755 129 25 enseigne
736 2754 40 22 les
801 2754 154 25 claquettes
980 2758 34 17 en
1041 2758 53 17 une
1120 2752 80 26 leçon

463 2789 29 22 et
522 2788 87 22 forme
638 2787 243 27 professionnelles
911 2792 27 21 p.
968 2786 93 23 toutes
1090 2786 110 22 danses.

960 2869 241 36 Iqqum~

459 3052 145 32 COURS
637 3052 51 31 DE
719 3051 158 35 COUPE.
907 3050 213 36 COUTURE,

508 3097 122 32 MODE

462 3152 33 31 0
597 3157 14 16 «
636 3152 43 22 LA
704 3151 124 23 FEMME
852 3150 177 26 PRATIQUE
1053 3156 16 16 »

488 3185 116 24 COURS
626 3185 46 23 DE
696 3185 113 23 COUPE
833 3190 6 17 :
868 3184 30 23 18
922 3184 104 26 leçons,
1052 3184 46 23 195
1122 3184 35 22 fr.
1183 3187 9 23 ;

456 3219 80 23 Mode
555 3224 7 18 :
585 3219 30 23 18
632 3219 105 26 leçons,
757 3219 47 22 195
821 3218 46 26 fr.;
890 3219 120 23 Couture
1028 3223 6 17 :
1056 3218 15 23 9
1089 3217 105 27 leçons,

459 3253 46 23 125
534 3253 35 23 fr.
600 3264 33 5 —
662 3253 39 26 17,
733 3257 48 18 rue
810 3253 165 25 Constance,
1006 3252 79 23 Paris
1118 3252 79 25 (18e).

457 3308 32 33 %
508 3309 60 23 LES
588 3309 114 23 COURS
720 3309 47 22 DE
785 3309 113 23 COUPE
916 3309 28 23 et
963 3308 172 25 COUTURE,
1156 3308 39 22 les

459 3343 114 23 COURS
596 3343 45 22 DE
663 3343 119 22 MODES
806 3343 33 22 de
862 3342 200 24 l'ACADEMIE
1084 3342 46 22 DE
1153 3342 44 22 LA

457 3377 124 22 FEMME
601 3377 45 21 DE
666 3377 146 24 FRANCE,
835 3376 38 25 43,
897 3381 47 17 rue
966 3376 33 22 de
1020 3376 174 25 Dunkerque,

459 3410 143 25 Parts-le,
636 3415 67 17 vous
733 3410 184 26 permettront
948 3410 33 22 de
1013 3409 70 23 faire
1113 3414 82 17 vous-

458 3443 91 23 même
569 3448 49 18 vos
638 3443 123 23 toilettes
782 3444 27 22 et
832 3443 91 23 feront
945 3443 32 22 de
998 3448 67 18 vous
1086 3442 109 23 d'habi-

457 3477 40 22 les
532 3476 176 26 couturières,
746 3477 149 22 d'adroites
931 3476 141 23 modistes.
1110 3477 86 22 Cours

464 3510 201 26 d'après-midi,
684 3511 87 22 Cours
788 3510 36 22 du
842 3510 64 25 soir,
925 3511 86 22 Cours
1028 3510 37 23 du
1082 3510 120 25 Samedi.

457 3544 86 23 Cours
571 3549 51 21 par
649 3544 243 26 correspondance.
921 3544 141 26 Diplômes
1090 3548 35 18 en
1153 3543 43 23 fin

459 3577 133 23 d'études.

458 3634 33 32 %
508 3634 178 23 ACADEMIE
704 3633 210 23 PARISIENNE
930 3634 46 22 DE
992 3633 123 26 COUPE,
1133 3638 66 19 cou-

460 3669 70 24 ture.
556 3669 87 24 mode,
670 3668 94 25 fleurs,
790 3669 114 24 corsets,
931 3668 67 26 llng.
1024 3669 86 22 Cours
1134 3673 64 21 pro-

458 3702 62 21 feu.
537 3701 135 25 Diplôme.
689 3701 73 21 Mme
778 3701 111 23 PleUre,
902 3701 39 23 28,
955 3705 22 17 r.
990 3701 116 25 Vlpon,
1120 3701 77 22 Paris

459 3765 146 31 COURS
650 3765 52 32 DE
746 3765 290 32 PROFESSIONS
1080 3765 117 32 MEDI-

510 3811 134 32 CALES

454 3865 32 32 0
508 3865 79 23 Ecole
609 3865 33 23 de
664 3866 164 23 MASSAGE
850 3866 126 27 médical,
1000 3866 94 26 facial,
1118 3866 78 28 pédl-

455 3900 83 24 curie.
563 3900 163 23 Infirmerie.
750 3901 86 23 Cours
859 3901 63 26 jour
944 3901 28 23 et
995 3901 65 23 soir.
1084 3902 40 25 28,
1148 3906 48 19 rue

456 3933 123 23 d'Assas.
605 3935 53 22 Lit.
684 3934 87 24 21-17.

695 4083 433 51 VOULEZ-VOUS

698 4162 164 50 LEUR
930 4163 197 49 FAIRE

696 4242 434 50 SUREMENT

695 4322 363 50 PLAISIR
1105 4322 23 49 ?

496 4440 49 43 A
553 4440 255 44 bonnes
825 4456 112 29 vos
955 4441 212 44 amies

601 4512 44 45 à
679 4514 485 45 Marie-Claire

1464 533 31 23 A
1526 530 58 26 LA
1613 529 255 28 FONTANGE

1335 591 97 27 Situé
1462 600 16 17 «
1507 591 23 26 à
1555 592 35 25 la
1615 590 172 34 première
1812 590 168 28 chambre
2005 597 28 23 »,

1296 631 31 25 le
1354 632 102 24 vaste
1482 630 143 27 cabinet
1650 630 43 26 de
1720 629 137 27 toilette
1883 630 42 25 de
1951 629 83 26 Mlle

1295 668 190 28 d'Erneval
1511 676 37 20 se
1572 669 159 27 trouvait
1754 669 76 26 être
1855 668 93 26 l'une
1972 668 62 26 des

1295 707 115 34 pièces
1434 708 50 26 les
1508 707 117 27 mieux
1648 707 210 27 conservées
1880 707 47 26 du
1951 706 81 27 châ-

1295 751 94 26 teau,
1410 753 68 20 une
1497 747 42 26 de
1558 747 105 27 celles
1682 746 58 33 qui
1759 746 146 27 avaient
1923 745 110 33 gardé

1294 785 271 33 intégralement
1595 785 75 27 leur
1698 784 193 28 caractère.
1921 784 111 30 Donc,

1293 825 148 33 n'ayant
1462 831 139 20 aucune
1623 824 272 30 ressemblance,
1919 823 114 26 même

1295 863 178 31 lointaine,
1496 863 22 27 à
1539 864 35 26 la
1594 863 121 30 vérité,
1738 870 89 19 avec
1848 870 58 20 ces
1927 863 107 26 salles

1292 904 44 27 de
1357 903 102 27 bains
1482 904 196 28 modernes,
1702 902 22 27 à
1747 904 34 25 la
1804 902 134 27 netteté
1961 901 71 27 chi-

1293 943 183 34 rurgicale.

1329 983 77 26 Une
1430 983 89 26 belle
1544 982 156 30 rotonde,
1725 988 46 21 au
1796 980 187 31 contraire,
2010 979 22 27 à

1291 1023 35 26 la
1353 1021 183 33 mosaïque
1564 1021 192 30 d'amours,
1786 1021 43 26 de
1857 1020 175 33 nymphes

1292 1061 36 26 et
1364 1061 42 26 de
1442 1060 202 30 chérubins,
1683 1066 71 20 aux
1792 1060 161 26 tentures
1989 1058 43 27 de

1291 1100 126 26 damas
1448 1099 117 31 fleuri,
1597 1106 72 20 aux
1700 1105 99 20 murs
1831 1098 114 31 lisses,
1978 1105 52 18 re-

1290 1139 105 26 vêtus
1418 1139 43 26 de
1485 1138 141 26 marbre
1650 1138 85 26 d'un
1758 1139 79 25 vert
1861 1137 171 26 véronèse

1290 1178 74 26 très
1386 1178 104 30 doux,
1514 1179 36 26 et
1573 1177 235 33 comportant,
1832 1183 89 19 avec
1943 1176 87 29 cela,

1290 1223 68 20 une
1379 1216 185 34 profusion
1586 1216 42 26 de
1650 1216 149 30 flacons,
1822 1214 209 27 d'armoires

1290 1263 43 19 en
1357 1256 119 26 vernis
1501 1255 132 27 Martin
1660 1257 34 25 et
1719 1255 43 26 de
1785 1255 122 32 glaces
1930 1254 100 33 glau-

1291 1302 86 26 ques
1405 1295 42 26 de
1475 1294 165 27 Venise...

1328 1334 51 27 La
1402 1333 181 33 baignoire
1606 1333 174 32 d'argent,
1805 1332 161 27 dominée
1989 1331 42 27 de

1291 1372 156 27 robinets
1470 1370 23 28 à
1515 1373 73 26 tête
1611 1372 42 27 de
1676 1378 113 28 cygne
1813 1373 35 25 et
1871 1371 160 27 enterrée

1290 1413 23 26 à
1346 1412 92 27 demi
1472 1419 112 27 corps,
1621 1419 38 19 se
1692 1410 217 28 dissimulait
1942 1410 90 27 dans

1290 1452 157 26 l'alcôve.

1326 1505 38 5 —
1384 1491 153 32 Voyons,
1560 1497 67 27 que
1647 1490 232 26 voulez-vous
1899 1489 43 26 de
1962 1488 68 26 moi

1290 1531 224 26 exactement
1558 1529 16 27 ?
1617 1529 153 33 s'enquit
1810 1528 147 33 Gladys.
2000 1527 33 26 A

1289 1570 80 34 quoi
1394 1570 87 25 rime
1505 1576 39 20 ce
1569 1575 163 20 nouveau
1756 1568 154 33 complot
1938 1567 15 26 ?

1328 1610 51 26 La
1410 1615 123 28 grosse
1565 1608 201 27 châtelaine
1797 1606 169 27 s'affaira
2005 1613 7 19 :

1326 1664 38 3 —
1385 1648 89 28 Rien
1502 1655 68 27 que
1597 1648 43 26 de
1668 1647 136 33 simple,
1834 1653 60 22 ma
1920 1646 112 33 petite

1291 1689 83 26 fille.
1404 1688 94 27 Pour
1523 1694 68 27 que
1618 1689 38 25 tu
1683 1686 141 34 puisses
1851 1685 118 27 mieux
1996 1687 36 24 te

1290 1728 125 26 rendre
1436 1728 138 32 compte
1593 1726 43 27 de
1656 1726 93 27 cette
1768 1725 264 26 ressemblance

1291 1767 246 33 surprenante,
1568 1766 35 33 je
1633 1765 130 26 médite
1793 1764 43 26 de
1867 1764 92 26 faire
1989 1763 43 27 de

1289 1806 59 31 toi,
1373 1813 64 26 par
1459 1806 61 26 des
1542 1804 162 27 artifices
1725 1803 43 27 de
1791 1803 148 30 toilette,
1964 1809 68 20 une

1290 1844 286 34 contemporaine
1603 1844 43 26 de
1671 1843 194 28 Clarisse...

1328 1885 51 26 La
1409 1884 105 33 jeune
1548 1883 74 27 fille
1653 1882 90 28 était
1776 1883 78 32 trop
1887 1881 143 28 femme,

1289 1926 79 31 trop
1406 1923 165 34 coquette
1608 1929 88 26 pour
1734 1921 141 27 refuser
1913 1920 42 27 de
1993 1926 38 20 se

1290 1964 127 33 prêter,
1446 1962 42 27 de
1515 1962 115 27 bonne
1655 1961 118 33 grâce,
1800 1959 24 27 à
1849 1967 48 20 un
1922 1959 61 34 jeu
2009 1958 24 27 à

1289 2010 39 19 ce
1355 2002 99 34 point
1482 2001 199 27 charmant.

1325 2057 38 4 —
1384 2041 83 27 Soit.
1499 2041 220 32 J'accepte...
1752 2039 30 25 A
1811 2045 71 19 une
1913 2037 117 28 condi-

1289 2082 84 30 tion,
1415 2080 180 27 toutefois.
1634 2079 100 27 C'est
1774 2085 67 26 que
1882 2078 78 26 tout
2000 2077 31 25 le

1289 2122 115 32 temps
1433 2120 44 26 de
1506 2120 94 26 cette
1628 2118 142 30 séance,
1801 2117 59 33 qui
1892 2116 139 34 promet

1288 2161 112 27 d'être
1425 2166 102 20 assez
1555 2160 136 31 longue,
1721 2164 88 20 vous
1837 2163 56 21 me
1919 2155 112 34 juriez

1288 2201 42 27 de
1352 2207 43 19 ne
1416 2200 79 33 plus
1515 2204 196 29 prononcer
1732 2199 31 25 le
1783 2203 94 24 nom,
1898 2196 35 26 ni
1958 2196 72 26 l'un

1289 2240 34 26 ni
1350 2239 139 30 l'autre,
1517 2238 42 26 de
1585 2237 196 27 Kerautret
1816 2236 7 26 !

1326 2279 52 27 La
1409 2284 174 28 perruque
1615 2276 126 27 blonde
1772 2274 192 35 acquiesça
2002 2280 7 19 :

1323 2333 38 4 —
1376 2317 188 27 D'accord.
1584 2316 100 26 Ainsi
1703 2316 100 30 donc,
1822 2314 206 27 assieds-toi

1288 2359 80 26 face
1394 2356 23 27 à
1443 2357 35 26 la
1504 2355 144 35 psyché,
1677 2355 54 27 s'il
1760 2356 35 24 te
1822 2353 89 34 plaît
1947 2354 7 25 !
1983 2352 45 27 Et

1286 2404 100 23 vous,
1417 2403 79 20 mon
1526 2395 81 31 ami,
1639 2395 236 26 bornez-vous
1903 2392 22 26 à.
1953 2392 76 27 être

1289 2443 80 20 mon
1409 2435 90 31 aide,
1538 2441 56 20 me
1633 2434 151 33 passant
1822 2433 51 26 les
1912 2431 116 33 objets

1286 2476 86 27 dont
1397 2474 130 34 j'aurai
1554 2473 131 28 besoin.

1324 2515 52 29 La
1402 2515 79 26 face
1506 2512 212 34 couperosée
1743 2510 165 29 s'éclaira
1941 2517 8 19 :

1322 2581 37 4 —
1376 2564 299 29 Heureusement,
1720 2562 200 33 mignonne,
1964 2567 65 27 par

1286 2613 59 20 ma
1383 2605 60 30 foi,
1482 2611 67 26 que
1588 2606 39 25 ta
1661 2602 231 34 grand'tante
1931 2599 97 27 n'eût

1286 2645 98 34 point
1413 2644 96 27 souci
1540 2643 42 26 de
1611 2649 38 20 se
1679 2641 91 27 faire
1799 2640 153 34 peindre,
1985 2646 42 19 en

1286 2692 39 20 ce
1352 2683 179 34 temps-là,
1561 2689 88 20 avec
1677 2688 67 20 une
1771 2680 155 27 coiffure
1958 2687 16 17 «
2006 2678 22 26 à

1287 2725 34 27 la
1353 2724 95 26 reine
1481 2732 26 21 »,
1540 2730 44 19 ou
1616 2721 80 28 bien
1727 2726 126 22 encore
1888 2728 16 16 «
1939 2718 23 26 à
1994 2718 33 26 la

1287 2764 139 33 frégate
1442 2772 32 21 »,
1495 2769 63 21 car
1578 2761 132 33 j'eusse
1731 2760 57 26 été
1810 2759 79 27 bien
1911 2757 115 34 empê-

1285 2804 85 27 chée
1395 2803 41 26 de
1461 2802 35 26 la
1521 2800 203 34 reproduire
1748 2799 119 27 céans.
1892 2796 135 28 Tandis

1285 2850 67 27 que
1379 2843 35 33 je
1443 2841 78 34 puis
1550 2847 55 20 me
1634 2839 97 30 tirer,
1759 2837 196 35 j'imagine,
1985 2836 42 26 de

1284 2884 94 26 cette
1403 2881 195 32 Fontange.

1323 2923 226 32 Longtemps,
1581 2920 50 26 les
1660 2918 116 33 doigts
1806 2917 72 26 fins
1906 2917 35 26 et
1969 2922 58 20 ex-

1284 2963 98 34 perts
1413 2962 42 26 de
1487 2961 82 26 Mlle
1600 2958 192 28 d'Erneval
1823 2955 204 29 œuvrèrent

1284 3009 88 19 avec
1396 3008 68 20 une
1489 2999 175 34 précision
1689 3000 36 25 et
1750 3003 68 20 une
1844 2996 183 32 souplesse

1285 3041 272 28 merveilleuses.

1321 3092 179 28 Ramenés
1519 3098 81 20 vers
1620 3091 31 25 le
1671 3089 151 27 sommet
1841 3088 46 26 du
1907 3086 118 30 crâne,

1284 3133 124 34 depuis
1436 3133 35 25 la
1499 3137 127 27 nuque,
1656 3130 50 26 les
1734 3129 160 26 cheveux
1922 3126 43 26 de
1992 3126 35 25 la

1288 3182 15 18 «
1332 3172 157 34 patiente
1513 3180 15 17 »
1552 3169 209 30 s'ornèrent,
1786 3166 110 31 enfin,
1921 3166 105 26 d'une

1284 3213 148 27 cocarde
1450 3212 42 26 dte
1510 3210 152 27 dentelle
1681 3209 109 26 haute
1808 3212 135 21 comme
1959 3211 69 20 une

1284 3253 108 28 coiffe
1420 3252 182 28 bretonne,
1632 3249 119 26 tandis
1777 3254 79 27 que,
1885 3247 31 25 le
1944 3246 83 31 long

1283 3293 41 27 ds
1368 3291 149 30 oreilles,
1564 3290 32 26 le
1640 3288 124 32 visage
1809 3284 216 28 s'encadrait

1283 3333 56 26 d'«
1359 3331 181 33 anglaises
1557 3337 25 18 ».

1320 3382 210 29 Inlassable,
1563 3379 166 27 Trivulce
1762 3377 146 32 Eraguy
1941 3375 83 27 don-

1282 3423 77 30 nait
1379 3423 42 26 de
1443 3420 129 28 subtils
1594 3418 162 30 conseils,
1779 3417 79 27 tout
1878 3423 43 19 en
1942 3421 82 27 pas-

1282 3463 83 26 sant
1393 3461 145 34 peignes
1565 3461 36 25 et
1627 3458 168 34 épingles.

1318 3513 135 33 Gladys
1482 3511 151 28 souriait
1663 3510 23 27 à
1715 3509 154 35 présent,
1902 3508 123 26 immo-

1282 3554 78 31 bile,
1400 3562 16 18 «
1451 3559 90 27 sage
1573 3558 136 20 comme
1742 3557 70 20 une
1841 3549 122 32 image
1996 3555 26 22 »,

1281 3593 203 29 consciente
1508 3600 69 26 que
1603 3591 205 27 l'ensemble
1834 3589 47 27 lui
1907 3588 118 33 seyait

1281 3637 35 25 et
1339 3632 258 29 l'embellissait
1619 3633 43 26 de
1683 3631 164 28 surcroit.

1317 3690 38 3 —
1380 3675 126 26 Ferme
1531 3673 81 27 bien
1638 3673 50 26 les
1714 3678 93 26 yeux
1831 3670 23 27 à
1880 3670 144 33 présent

1281 3716 36 27 et
1350 3715 102 34 pince
1486 3717 62 24 ton
1583 3720 62 20 nez
1679 3719 89 20 avec
1804 3713 54 25 tes
1892 3710 129 33 doigts,

1280 3755 168 28 conseilla
1476 3754 34 27 la
1537 3753 117 27 vieille
1681 3752 81 26 voix
1792 3751 107 26 ravie.

1315 3810 39 4 —
1375 3793 176 35 Pourquoi
1582 3793 91 27 faire
1691 3792 16 27 ?

1315 3851 38 3 —
1372 3835 104 28 Cette
1506 3834 162 27 curieuse
1707 3833 7 27 !
1748 3833 94 26 Pour
1871 3832 153 34 poudrer

1279 3876 33 27 la
1342 3876 196 32 Fontange,
1571 3875 147 33 parbleu
1731 3874 7 25 !

1316 3915 69 28 Des
1431 3922 135 26 nuages
1609 3915 42 26 de
1695 3914 133 34 poudre
1872 3913 151 26 blanche

1278 3956 129 27 mirent
1433 3957 76 26 leur
1536 3955 101 33 neige
1663 3962 62 19 sur
1752 3955 33 25 la
1812 3953 163 27 coiffure.

1314 3996 36 27 Si
1382 3996 80 26 bien
1491 3995 84 34 qu'à
1605 3995 101 33 peine
1737 3995 50 26 les
1818 4000 93 27 yeux
1942 4000 78 19 rou-

1277 4037 107 30 verts,
1410 4036 23 26 à
1455 4043 39 19 se
1516 4036 76 25 voir
1614 4035 90 26 dans
1728 4035 31 26 le
1782 4034 131 32 miroir,
1938 4033 82 27 Gla-

1276 4077 66 32 dys
1370 4078 60 25 eut
1460 4083 46 20 un
1535 4076 49 26 cri
1612 4076 44 26 de
1684 4075 168 33 surprise.

1314 4116 163 34 Surprise
1508 4116 175 26 heureuse
1712 4116 87 25 dont
1830 4114 65 30 elle
1926 4120 94 20 mas-

1275 4163 70 27 qua
1375 4163 61 20 son
1466 4155 174 27 véritable
1667 4155 204 27 sentiment.

1313 4196 52 27 La
1397 4196 262 27 ressemblance
1703 4195 174 27 s'avérait
1922 4195 98 34 frap-

1277 4238 116 32 pante,
1416 4243 43 20 en
1479 4236 100 31 effet,
1600 4236 24 26 à
1643 4236 153 34 présent,
1816 4236 104 27 entre
1939 4235 80 27 elle-

1276 4277 123 30 même,
1434 4276 92 26 ainsi
1561 4276 161 33 affiquée
1756 4276 35 26 et
1813 4276 47 26 -la
1891 4275 128 27 minia-

1276 4317 79 26 ture
1381 4317 42 26 de
1449 4315 166 31 Clarisse,
1644 4315 59 34 qui
1730 4315 100 27 avait
1855 4315 95 27 servi
1977 4316 44 26 de

1276 4356 144 27 modèle.

1344 4435 66 27 UN
1445 4434 292 28 FRAGONARD
1769 4435 181 27 VIVANT

1314 4513 37 4 —
1373 4498 153 27 Attends
1549 4498 109 27 donc!
1684 4498 43 27 Je
1749 4498 71 27 n'ai
1844 4505 65 28 pas
1933 4498 60 27 fini
1993 4498 25 27 !

1314 4538 93 26 D'un
1430 4538 203 27 nécessaire
1656 4538 43 28 de
1724 4538 144 27 vermeil
1893 4539 128 33 qu'elle

1276 4578 77 27 s'en
1375 4577 89 28 était
1485 4578 69 27 allé
1576 4578 130 34 quérir,
1730 4578 203 34 agilement,
1959 4585 63 20 sur

2110 536 68 20 une
2213 529 154 33 étagère,
2405 529 82 27 Mlle
2522 528 192 27 d'Erneval
2750 527 101 26 tirait

2107 569 50 27 les
2185 568 166 35 précieux
2378 568 218 26 accessoires
2623 568 106 26 d'une
2756 566 96 27 boîte

2106 608 22 26 à
2154 608 217 33 maquillage
2396 607 183 27 ancienne.

2144 647 191 31 Pinceaux,
2363 648 178 32 estompes
2566 647 35 26 et
2625 652 156 27 crayons
2805 652 44 20 ne

2105 687 184 27 tardèrent
2312 693 64 27 pas
2398 686 22 27 à
2443 686 91 27 faire
2556 686 190 27 merveille.
2771 685 78 27 Une

2105 726 149 27 mouche
2277 733 47 20 au
2349 725 77 28 coin
2451 725 43 27 de
2517 725 82 27 l'œil
2623 725 149 33 gauche,
2800 731 48 20 un

2104 766 140 27 dernier
2270 766 146 27 raccord
2442 771 73 20 aux
2541 764 161 28 sourcils.

2142 806 38 26 L'
2207 814 15 17 «
2247 805 189 27 officiante
2454 812 15 18 »
2491 812 38 21 se
2549 804 120 27 recula
2688 804 44 27 de
2751 803 96 34 quel-

2105 852 85 27 ques
2220 852 65 28 pas
2315 852 88 27 pour
2429 844 166 30 admirer,
2628 844 78 26 tout
2735 843 22 27 à
2786 843 61 27 loi-

2102 885 61 30 sir,
2212 892 66 20 son
2327 884 258 27 chef-d'œuvre
2633 884 35 26 et
2718 882 127 30 revint,

2104 925 127 34 preste,
2274 931 88 27 pour
2397 923 143 33 ajouter
2579 930 70 20 une
2687 922 161 27 dernière

2104 966 84 26 note
2213 964 131 27 subtile

2140 1019 39 4 —
2209 1004 52 26 Là
2303 1004 8 26 !
2344 1003 138 27 dit-elle
2512 1009 88 27 pour
2632 1002 156 34 Eraguy.

2141 1044 149 27 Celui-ci
2328 1050 88 27 posa
2453 1044 51 26 les
2543 1043 168 34 épingles,
2753 1042 93 33 s'ap-

2103 1084 134 34 procha
2266 1091 65 21 sur
2361 1084 38 26 la
2432 1083 119 33 pointe
2583 1083 62 26 des
2680 1082 97 34 pieds
2812 1081 36 26 et

2103 1124 71 34 prit
2201 1124 33 27 le
2259 1123 107 27 cadre
2393 1122 162 28 d'écaillé
2581 1122 128 27 blonde
2734 1122 44 26 de
2806 1127 41 20 sa

2103 1164 97 26 main
2230 1163 107 31 noire,
2371 1162 277 27 révérencieuse.

2140 1219 36 3 —
2200 1203 193 33 Regardez,
2420 1203 22 26 à
2466 1203 154 33 présent,
2646 1201 97 27 fit-il.

2141 1244 130 31 Docile,
2306 1242 135 33 Gladys
2476 1242 190 27 confronta
2699 1241 147 27 attenti-

2103 1285 143 26 vement
2272 1284 51 27 les
2348 1284 93 26 deux
2467 1283 124 26 reflets
2618 1289 42 20 en
2687 1283 34 25 la
2745 1282 102 33 glace

2103 1325 44 26 de
2176 1326 35 25 la
2241 1323 132 35 psyché
2396 1330 7 19 :
2438 1324 30 26 le
2498 1323 86 30 sien,
2618 1322 90 27 celui
2739 1322 45 26 de
2814 1322 34 25 la

2103 1364 173 34 peinture.

2141 1420 37 3 —
2196 1404 97 27 C'est
2313 1404 207 34 prodigieux
2550 1404 7 26 !
2580 1403 265 30 reconnut-elle,

2103 1446 192 27 s'avouant
2329 1445 214 32 loyalement
2578 1443 160 27 vaincue.

2141 1500 37 4 —
2208 1484 54 27 On
2293 1484 151 34 jurerait
2477 1491 46 19 un
2557 1484 209 33 Fragonard
2798 1483 50 25 vi-

2104 1526 88 26 vant
2233 1526 7 26 !
2274 1525 195 26 s'exclama,
2501 1525 100 25 tante
2634 1523 106 27 Elise.
2786 1524 61 27 Ja-

2105 1566 90 27 mais
2222 1568 37 25 tu
2286 1573 44 19 ne
2356 1566 58 26 fus
2439 1565 99 27 aussi
2566 1565 89 26 belle
2680 1565 6 26 !

2141 1622 38 3 —
2211 1607 94 26 Tant
2337 1613 68 27 que
2438 1606 34 33 je
2505 1605 166 34 garderai
2703 1612 41 20 ce
2778 1604 71 34 pei-

2103 1647 112 33 gnoir,
2241 1647 58 33 qui
2323 1647 109 26 cache
2456 1653 58 19 ma
2537 1646 83 26 robe
2643 1646 204 33 d'organza,

2104 1695 114 27 coupa
2241 1688 35 26 la
2298 1688 106 32 jeune
2428 1687 84 29 fille,
2539 1693 62 20 car
2622 1693 136 20 avouez
2782 1693 68 26 que

2104 1731 94 26 cette
2231 1730 156 27 coiffure
2417 1729 205 34 archaïque,
2656 1736 91 19 avec
2781 1735 69 20 une

2105 1771 125 26 vêture
2257 1771 201 25 moderne...

2141 1810 165 27 Trivulce
2331 1810 145 33 Eraguy
2503 1809 181 29 intervint,
2714 1810 32 26 le
2769 1816 80 20 sou-

2105 1850 69 27 rire
2203 1850 249 33 énigmatique.

2142 1906 34 3 —
2210 1891 70 27 J'ai
2316 1898 68 19 une
2417 1891 78 26 idée
2519 1891 7 26 !
2562 1891 228 26 insinua-t-il.

2142 1931 91 29 Mais
2269 1931 144 33 Gladys,
2449 1932 59 32 qui
2545 1938 40 20 se
2618 1931 150 30 méfiait,
2806 1937 43 20 en

2105 1972 116 26 revint
2253 1971 22 27 à
2308 1972 34 26 la
2373 1971 186 27 défensive
2597 1979 7 19 :

2141 2038 36 3 —
2212 2023 134 30 Certes,
2384 2024 35 32 je
2454 2022 85 30 suis,
2578 2031 61 18 sur
2674 2031 40 19 ce
2752 2022 96 34 point

2104 2063 123 34 précis,
2286 2063 197 27 désormais
2540 2063 163 27 d'accord
2761 2069 88 20 avec

2105 2112 97 19 vous.
2233 2104 111 26 Parée
2372 2111 135 20 comme
2535 2104 73 31 elle,
2637 2105 35 32 je
2697 2111 152 20 ressem-

2104 2144 56 27 ble
2183 2144 21 26 à
2229 2147 100 23 votre
2354 2144 104 27 chère
2483 2144 156 26 Clarisse
2662 2144 44 27 de
2731 2144 117 26 Saint-

2105 2184 124 31 Senne,
2258 2191 38 20 ce
2322 2184 59 34 qui
2408 2185 91 26 n'est
2527 2184 98 34 point
2651 2185 30 26 si
2706 2192 142 27 surpre-

2104 2226 97 28 nant,
2234 2224 148 34 puisque
2409 2225 95 27 cette
2532 2224 211 27 charmante
2773 2232 75 26 per-

2103 2271 111 20 sonne
2260 2264 89 26 était
2398 2271 80 19 mon
2523 2264 137 27 arrière
2706 2265 142 33 grand'-

2102 2305 111 26 tante.
2243 2304 90 27 Mais
2360 2311 44 22 ne
2428 2305 93 26 m'en
2549 2305 107 28 faites
2684 2311 64 27 pas
2773 2305 76 26 dire

2104 2345 87 33 plus.

2141 2394 14 16 »
2188 2386 150 27 Pareille
2369 2386 273 30 ressemblance,
2677 2387 172 26 flatteuse

2103 2428 123 27 certes,
2263 2433 43 19 ne
2337 2433 56 20 me
2425 2427 138 26 trouble
2594 2427 251 29 aucunement.

2103 2466 45 25 Et
2177 2466 34 32 je
2241 2467 58 32 n'y
2328 2466 76 26 vois
2434 2466 84 30 rien,
2550 2473 88 26 pour
2666 2473 62 20 ma
2753 2467 92 33 part,

2102 2506 58 33 qui
2192 2506 120 34 puisse
2340 2506 161 33 justifier
2531 2507 50 26 les
2612 2508 134 32 projets
2776 2507 71 26 sin-

2101 2548 133 33 guliers
2271 2555 68 26 que
2377 2555 88 20 vous
2501 2555 88 20 avez
2629 2549 97 33 faits,
2763 2549 85 27 tous

2101 2588 102 31 deux,
2230 2595 88 27 pour
2341 2595 82 20 mon
2446 2588 281 28 établissement.
2754 2597 16 18 »

2139 2628 77 27 Elle
2237 2629 99 26 avait
2358 2630 98 32 parlé
2478 2629 106 27 d'une
2605 2630 118 30 traite,
2749 2630 99 33 prête

2101 2669 21 25 à
2147 2676 40 21 se
2212 2669 176 33 regimber
2413 2676 136 23 encore,
2576 2677 47 19 au
2649 2676 62 20 cas
2737 2669 44 27 où
2805 2677 44 20 sa

2101 2709 102 26 tante
2231 2708 208 27 insisterait.

2138 2748 144 28 Celle-ci
2317 2749 65 27 dut
2418 2750 31 26 le
2483 2751 240 32 comprendre,
2761 2757 86 20 sans

2100 2788 117 31 doute,
2239 2790 46 29 et,
2306 2789 82 33 quoi
2409 2790 129 32 qu'elle
2558 2790 70 26 tînt
2648 2790 72 27 fort
2741 2790 22 26 à
2782 2797 65 20 son

2102 2829 82 33 plan
2222 2829 252 31 matrimonial,
2515 2831 60 26 sut
2606 2838 45 19 -se
2689 2831 160 26 montrer

2101 2869 78 33 plus
2208 2869 193 33 diplomate
2428 2876 68 26 que
2524 2872 79 25 tout
2628 2870 25 26 à
2681 2871 144 27 l'heure.

2139 2923 33 3 —
2205 2908 90 27 N'en
2327 2910 143 33 parlons
2502 2910 79 33 plus
2621 2911 7 26 !
2661 2911 185 27 minauda-

2101 2949 106 27 t-elle.
2229 2949 130 27 C'était
2381 2950 42 27 de
2444 2952 102 25 notre
2567 2953 89 32 part,
2681 2958 58 20 ma
2759 2952 85 32 fille,

2097 2995 70 19 une
2211 2989 126 33 simple
2381 2990 220 32 suggestion,
2650 2991 193 28 d'ailleurs.

2101 3030 98 27 Nous
2236 3031 173 30 n'avions,
2448 3032 71 26 l'un
2555 3034 37 27 et
2626 3033 140 31 l'autre,
2803 3040 45 20 en

2101 3078 69 19 vue
2207 3078 67 26 que
2313 3071 61 26 ton
2413 3072 169 32 bonheur,
2624 3073 38 26 tu
2703 3074 31 26 le
2773 3073 73 27 sais

2101 3110 89 27 bien.

2138 3166 36 3 —
2201 3151 93 27 Pour
2320 3153 86 30 cela,
2434 3153 34 33 je
2496 3153 80 26 n'en
2602 3154 108 27 doute
2736 3154 108 34 point,

2100 3192 145 26 convint
2265 3193 34 26 la
2317 3193 106 32 jeune
2444 3193 82 32 fille,
2548 3194 186 28 détendue.
2757 3194 89 28 Rien

2101 3239 43 20 ne
2181 3239 120 27 presse
2339 3240 88 26 pour
2461 3241 84 20 mon
2583 3235 170 33 mariage.
2793 3235 52 27 Tu

2100 3274 252 32 comprendras
2378 3280 69 27 que
2470 3274 35 34 je
2530 3275 166 27 souhaite
2722 3282 43 20 ne
2790 3283 58 20 me

2098 3313 141 27 décider
2260 3313 85 34 qu'à
2369 3314 106 27 loisir.
2500 3314 43 28 Je
2565 3315 75 27 suis
2664 3316 182 27 tellement

2099 3353 175 27 heureuse
2303 3353 80 28 ici...
2414 3354 22 26 à
2465 3362 56 20 me
2550 3356 187 27 retrouver
2764 3356 81 34 près

2098 3393 44 26 de
2174 3400 99 24 vous,
2308 3401 47 19 au
2388 3394 76 27 sein
2497 3395 45 28 de
2572 3396 103 27 votre
2705 3396 141 28 chaude

2099 3434 192 27 tendresse.

2134 3473 54 26 La
2213 3473 74 29 fine
2313 3475 151 27 mouche
2498 3476 7 27 !
2533 3475 75 34 Que
2633 3477 212 34 pouvait-on

2095 3514 175 33 répondre
2296 3514 22 27 à
2345 3515 132 34 pareils
2502 3517 211 33 arguments
2742 3517 17 26 ?

2132 3553 206 33 Kerautret,
2386 3555 363 34 malheureusement,
2797 3564 45 21 ne

2097 3603 167 27 resterait
2292 3611 64 26 pas
2386 3605 201 34 longtemps
2614 3606 92 27 dans
2735 3606 105 27 l'île...

2095 3643 107 27 Aussi
2237 3643 82 28 Mlle
2350 3644 194 28 d'Erneval
2577 3646 266 27 adressa-t-elle

2093 3690 48 19 au
2171 3683 77 27 noir
2275 3684 164 27 Trivulce
2468 3692 47 20 un
2544 3692 90 28 coup
2661 3686 94 27 d'œil
2783 3687 58 27 dé-

2094 3724 153 33 sespéré,
2270 3725 79 26 tout
2370 3731 43 22 en
2433 3727 205 32 proposant,
2661 3726 23 26 à
2703 3727 136 33 regret:

2132 3792 37 4 —
2193 3777 158 28 Veux-tu
2374 3785 70 27 que
2465 3778 36 34 je
2525 3780 37 27 te
2584 3780 215 34 démaquille
2825 3780 16 26 ?

2132 3817 56 32 Et,
2226 3825 87 20 sans
2349 3819 119 31 doute,
2509 3820 35 26 la
2579 3820 110 34 petite
2726 3821 116 29 créole

2093 3857 145 28 eût-elle
2264 3859 168 34 répondu,
2460 3867 64 19 sur
2550 3860 31 27 le
2606 3860 140 34 champ,
2776 3868 65 27 par

2090 3898 235 28 l'immédiate
2360 3899 228 29 affirmative
2624 3900 41 32 si,
2704 3908 66 27 par
2806 3902 35 26 la

2093 3939 78 33 plus
2200 3939 131 34 proche
2357 3940 63 27 des
2450 3940 167 32 fenêtres,
2647 3941 67 27 elle
2741 3941 99 27 n'eût

2092 3986 47 19 vu
2172 3978 158 28 William
2365 3979 162 28 Waritch
2562 3980 60 34 qui
2655 3981 184 34 arpentait

2093 4019 147 28 l'entrée
2270 4020 47 27 dtu
2350 4026 95 27 parc,
2479 4020 23 27 à
2534 4021 148 34 longues
2713 4023 37 26 et
2783 4029 55 20 ra-

2091 4059 99 34 pides
2219 4060 216 34 enjambées,
2466 4061 105 34 après
2599 4062 103 26 avoir
2731 4062 107 28 laissé

2090 4114 38 4 —
2150 4100 135 26 devant
2309 4101 30 26 le
2362 4101 247 34 saut-de-loup
2632 4117 38 3 —
2692 4109 43 20 sa
2760 4102 79 27 huit

2090 4139 188 34 cylindres,
2328 4140 195 28 silhouette
2571 4142 159 34 sportive
2778 4143 61 33 qui

2090 4179 190 27 s'enlevait
2304 4180 262 34 puissamment
2590 4189 63 19 sur
2678 4183 32 26 le
2734 4182 103 27 feuil-

2090 4219 81 33 lage
2197 4220 76 26 dru.

2127 4274 38 3 —
2187 4259 90 31 Non,
2303 4260 79 27 tout
2404 4259 22 28 à
2450 4260 145 28 l'heure.
2621 4261 118 34 Voyez
2761 4263 76 33 plu-

2091 4299 55 27 tôt
2179 4299 7 27 !

2129 4339 46 26 Et
2201 4346 139 22 comme
2365 4347 44 20 sa
2435 4341 103 28 tante
2564 4342 225 31 s'exclamait
2816 4343 22 26 à

2090 4379 157 34 l'aperçu
2285 4380 46 27 du
2369 4380 159 33 visiteur,
2566 4382 68 26 elle
2669 4383 166 33 pressait,

2088 4419 153 27 soudain
2273 4419 211 34 impatiente
2506 4428 7 19 :

2127 4474 39 4 —
2190 4459 99 27 Allez
2315 4459 23 27 à
2363 4467 43 20 sa
2432 4462 198 30 rencontre,
2659 4468 89 21 vous
2775 4469 63 20 au-

2090 4499 85 27 tres.
2203 4499 81 31 Moi,
2311 4499 36 34 je
2372 4500 260 34 n'apparaîtrai
2657 4502 179 34 qu'après,

2091 4545 89 27 pour
2205 4539 118 26 mieux
2348 4539 95 34 jouir
2467 4541 45 28 de
2535 4548 44 20 sa
2603 4543 170 33 surprise.

2574 4580 45 32 (A
2647 4582 150 32 suivre.)

2952 968 672 296 So1-IPE..

3165 1261 47 47 A
3269 1260 152 48 BAS
3480 1259 189 48 PRIX

3171 1338 41 32 LE
3250 1339 83 32 BON
3372 1338 96 33 SENS
3504 1339 29 30 A
3572 1337 100 33 DEJA

3173 1394 191 32 REPONDU
3405 1406 9 20 :
3453 1394 64 32 ON
3557 1394 48 31 EN
3643 1395 30 30 A

3168 1450 222 32 TOUJOURS
3433 1450 112 32 POUR
3586 1449 85 33 SON

3038 1501 49 37 M
3170 1506 177 33 ARGENT.
3383 1506 186 32 ACHETER
3606 1505 69 33 SO-

3011 1538 77 57 /I
3174 1562 34 37 LI
3208 1562 58 37 DE,
3287 1561 106 35 C'EST
3410 1562 187 33 ACHETER
3619 1562 54 32 DU

2933 2228 43 30 K
3431 2228 18 33 A
3507 2233 10 19 '

3593 2392 28 13 ^
3637 2371 46 36 il

2992 2624 68 72 UN
3100 2608 200 90 ÉPICIER
3338 2624 68 72 DU
3446 2624 144 72 NORD

3164 2760 260 76 ORGANISE

2954 2900 68 72 UN
3054 2898 254 74 AMUSANT
3340 2896 288 76 CONCOURS

2986 3046 132 23 Désireux
3140 3046 33 22 de
3194 3050 114 21 pousser
3330 3045 158 27 davantage
3507 3050 38 18 un
3567 3050 64 21 pro-

2954 3086 60 22 duit
3039 3086 67 22 dont
3130 3085 27 22 la
3181 3086 83 21 vente
3288 3085 43 22 fut
3356 3084 63 26 déjà
3442 3084 189 23 considérable

2953 3130 44 17 ces
3022 3124 140 23 dernières
3188 3125 145 24 semaines,
3361 3129 36 17 un
3422 3123 102 27 épicier
3548 3124 82 22 d'une

2956 3164 103 26 grande
3089 3164 65 22 ville
3184 3164 36 22 du
3249 3164 75 22 Nord
3353 3164 76 22 vient
3460 3164 172 25 d'organisèr

2955 3203 99 26 auprès
3078 3203 34 22 de
3135 3208 31 17 sa
3189 3202 128 23 clientèle
3342 3208 37 17 un
3403 3203 141 23 Concours
3568 3202 62 23 doté

2956 3243 33 23 de
3012 3243 74 22 3.000
3111 3243 94 21 francs
3230 3243 32 22 de
3286 3242 71 26 prix.

2988 3282 158 22 L'annonce
3177 3282 35 22 du
3244 3283 140 21 Concours
3414 3280 71 24 était
3516 3281 28 22 la
3574 3281 57 22 sui-

2955 3322 84 22 vante
3071 3326 6 17 :
3112 3328 13 14 «
3157 3322 210 25 Envoyez-nous
3398 3326 53 17 une
3482 3320 149 23 définition

2955 3361 154 26 spirituelle
3121 3366 34 17 ou
3169 3360 176 27 scientifique
3380 3365 48 18 sur
3439 3360 192 25 SNOWFIRE,

2954 3406 29 17 ce
3006 3400 112 27 produit
3141 3401 127 25 magique
3291 3400 47 26 qui
3361 3400 128 26 préserve
3511 3400 33 22 de
3568 3400 63 22 tou-

2955 3441 43 22 tes
3025 3440 40 22 les
3091 3440 167 23 altérations
3284 3439 95 27 aiguës
3405 3445 34 17 ou
3466 3439 166 26 chroniques

2957 3480 34 22 de
3014 3480 27 22 la
3065 3485 79 20 peau,
3169 3479 81 23 telles
3274 3484 53 21 que
3351 3484 6 17 :
3386 3484 138 22 gerçures,
3550 3484 83 21 enge-

2955 3519 82 25 lures,
3064 3519 118 25 dartres,
3208 3518 239 27 démangeaIsons,
3472 3523 71 22 peau
3567 3518 64 22 Irri-

2956 3558 53 26 tée,
3041 3563 143 21 rugueuse,
3216 3559 198 25 boutonneuse,
3445 3559 53 21 etc.
3529 3564 14 16 »

2987 3599 41 21 En
3057 3598 31 22 12
3117 3598 86 26 Jours,
3234 3598 74 22 7.412
3338 3597 130 26 réponses
3498 3597 38 23 lui
3567 3597 64 23 sont

2955 3642 162 21 parvenues.
3151 3638 145 22 Certaines
3328 3638 109 22 d'entre
3468 3637 67 23 elles
3567 3637 64 22 sont

2957 3677 73 22 fines
3054 3677 27 23 et
3105 3676 129 27 Imagées.
3260 3678 54 21 Par
3336 3676 124 27 exemple
3483 3682 6 16 :

2986 3723 14 14 «
3029 3716 193 26 SNOWFIRE,
3253 3721 65 17 avec
3347 3716 90 26 lequel
3465 3721 36 17 on
3530 3715 101 23 défend

2956 3761 30 17 sa
3015 3761 79 20 peau;
3124 3757 42 21 est
3195 3761 54 17 une
3278 3756 74 26 ligne
3380 3756 127 26 Maginot
3535 3757 97 21 contre

2955 3795 40 22 les
3023 3795 153 22 offensives
3204 3796 36 22 du
3269 3795 119 23 Général
3417 3796 84 22 Hiver
3531 3795 41 22 !...
3601 3801 14 15 »

2987 3841 13 14 «
3024 3835 73 22 Pour
3120 3840 53 17 une
3197 3835 102 22 femme
3320 3835 46 25 qui
3390 3834 54 23 fait
3467 3840 31 16 sa
3522 3834 108 25 lessive,

2955 3874 25 22 le
3007 3874 58 22 seul
3091 3879 98 21 moyen
3217 3874 34 22 de
3276 3874 115 26 pouvoir
3417 3874 92 24 offrir,
3536 3874 94 26 quand

2955 3914 99 25 même,
3088 3918 31 17 sa
3151 3914 76 21 main
3260 3913 17 23 &
3309 3914 99 25 baiser,
3441 3914 68 22 c'est
3543 3914 86 22 d'em-

2955 3953 94 26 ployer
3073 3953 184 22 SNOWFIRE
3284 3953 40 23 !...
3351 3960 13 14 »

2984 3999 15 14 «
3017 3993 35 22 Le
3076 3992 184 23 SNOWFIRE
3283 3997 34 18 en
3341 3992 145 23 veloutant
3510 3992 27 23 la
3560 3997 70 21 peau

3453 4032 41 26 [la
3517 4032 113 26 protège

2985 4078 14 16 <
3017 4072 103 23 Contre
3151 4072 80 25 l'eau,
3264 4072 25 22 le
3320 4072 104 23 froid...
3456 4072 32 22 de
3519 4072 108 25 l'hiver,

3335 4112 95 25 [triste
3451 4111 109 27 cortège
3584 4112 5 22 !
3615 4118 13 15 »

2986 4158 13 14 «
3018 4151 21 22 A
3067 4151 91 22 moins
3187 4151 32 22 de
3248 4151 40 22 les
3316 4150 129 27 protéger
3471 4156 51 21 par
3550 4151 79 23 l'em-

2954 4191 55 25 ploi
3033 4191 33 22 de
3089 4191 192 26 SNOWFIRE,
3307 4196 54 17 une
3384 4192 101 22 femme
3506 4191 47 26 qui
3577 4191 53 23 fait

2955 4235 54 18 une
3041 4231 118 26 besogne
3192 4230 147 28 ménagère
3371 4231 57 22 volt
3462 4236 44 17 ses
3538 4231 92 22 mains

2957 4271 122 25 rougir...
3109 4272 28 21 et
3167 4271 91 26 rougit
3289 4271 32 23 de
3351 4276 43 18 ses
3423 4272 91 22 mains
3546 4271 6 22 !
3585 4277 14 16 »

2985 4309 92 23 DétaU
3107 4311 132 22 amusant
3269 4316 7 17 :
3310 4311 36 22 Le
3374 4311 179 23 Laboratoire
3583 4311 46 27 qui

2955 4349 126 26 fabrique
3109 4350 183 22 SNOWFIRE
3325 4350 50 25 (19.
3406 4355 48 18 rue
3482 4350 34 23 de
3543 4350 85 23 Para-

2954 4388 50 26 dis,
3029 4389 116 24 PARIS)
3170 4390 28 22 et
3219 4390 47 25 qui
3288 4389 118 23 l'envoie
3428 4389 17 23 à
3467 4390 68 23 titre
3556 4390 72 22 d'es-

2953 4428 41 22 sai
3019 4429 26 25 (2
3066 4429 35 22 fr.
3122 4429 32 22 25
3174 4433 34 18 en
3229 4429 222 26 timbres-poste)
3475 4435 34 17 en
3529 4434 99 21 appre-

2952 4469 71 22 nant
3051 4468 26 23 la
3103 4468 164 24 charmante
3293 4468 180 27 compétition
3500 4474 53 21 que
3579 4474 50 17 son

2953 4507 85 23 client
3064 4508 155 26 organisait
3245 4513 16 17 a
3288 4509 68 22 tenu
3383 4507 16 23 à
3426 4508 84 23 offrir
3535 4507 17 23 à
3578 4513 50 18 son

2953 4551 64 18 tour
3039 4552 37 18 un
3098 4548 61 25 prix
3181 4552 35 18 au
3240 4548 124 26 gagnant
3388 4553 5 16 :
3423 4549 42 21 Un
3487 4553 102 22 voyage
3612 4548 17 23 à

2953 4587 109 22 Paris...
3084 4591 70 22 pour
3174 4587 115 27 pouvoir
3310 4587 26 23 le
3356 4587 121 26 féliciter
3499 4588 11 23 !
