7618 5004
414 272 569 272 [texte
983 272 896 272 illisible]

564 3766 129 39 moins
721 3768 69 38 des
817 3768 198 50 sunlights
1042 3783 76 36 que
1146 3771 70 39 des
1243 3772 256 39 alternatives
1527 3773 237 40 intérieures
1792 3775 49 38 de
1871 3774 112 39 force
2011 3782 38 32 et
2078 3775 49 39 de
2158 3775 199 39 faiblesse.

565 3823 91 50 Que
679 3824 78 39 l'on
781 3825 128 39 confie
934 3827 35 38 la
994 3826 100 40 fleur
1117 3828 70 39 des
1211 3828 201 40 scénarios
1439 3830 177 45 français
1640 3830 24 39 à
1688 3838 101 32 cette
1814 3831 137 46 rétive,
1976 3831 24 39 à
2025 3838 101 33 cette
2150 3846 208 27 nerveuse.

559 3881 23 39 à
609 3889 101 31 cette
736 3883 230 39 charmante
997 3884 163 39 Simone
1172 3912 4 5 ■
1190 3886 139 38 Simon
1358 3900 8 24 :
1395 3888 93 37 c'est
1518 3889 36 37 la
1581 3888 204 39 meilleure
1813 3889 48 38 de
1890 3896 143 31 toutes.

1384 3996 50 50 ★

617 4101 147 39 Michel
798 4102 139 38 Simon
969 4117 48 25 ne
1048 4105 73 38 sait
1153 4119 69 36 pas
1253 4120 72 36 par
1356 4109 127 48 quelle
1514 4110 272 48 particularité
1818 4112 25 37 il
1874 4126 23 25 a
1927 4114 119 38 attiré
2076 4115 211 38 autrefois,
2322 4116 35 37 la
2407 4133 6 13 1

560 4159 195 48 première
783 4159 92 42 fois,
901 4174 93 24 mon
1019 4162 234 39 attention...
1281 4164 109 45 Qu'il
1417 4166 34 37 le
1477 4167 117 38 sache
1618 4167 248 41 maintenant
1895 4184 6 23 :
1929 4168 67 47 j'ai
2025 4171 211 47 remarqué
2260 4172 95 46 qu'il

559 4229 48 24 ne
637 4216 134 38 faisait
798 4231 128 25 aucun
955 4219 107 38 bruit
1096 4232 47 24 en
1169 4221 219 38 marchant.
1434 4223 176 39 Parfois,
1640 4225 24 37 il
1694 4225 132 40 devait
1857 4240 40 25 se
1927 4228 142 37 rendre
2098 4237 157 36 compte
2283 4243 77 32 que

565 4286 69 24 son
663 4273 81 38 rôle
771 4274 200 39 réclamait
996 4277 94 49 qu'il
1122 4277 48 39 fit
1196 4292 46 24 en
1271 4280 204 38 marchant
1505 4294 68 25 sur
1599 4282 35 38 la
1661 4282 128 42 scène,
1816 4284 34 37 le
1875 4284 105 39 bruit
2008 4285 49 38 de
2084 4299 69 31 pas
2179 4299 76 33 que
2286 4285 73 39 fait

561 4330 165 49 l'espèce
747 4332 197 38 humaine.
969 4333 133 41 Alors,
1126 4335 23 37 il
1171 4336 189 49 appuyait
1386 4337 216 40 fortement
1625 4352 62 26 ses
1709 4341 191 39 semelles,
1922 4348 51 35 et,
1993 4355 51 25 au
2067 4342 150 41 besoin,
2240 4343 117 39 heur-

561 4387 83 41 tait,
672 4389 53 37 du
754 4389 157 43 soulier,
940 4404 52 24 un
1020 4392 167 38 meuble.
1218 4392 108 39 Mais
1354 4395 34 37 le
1416 4396 154 37 naturel
1599 4396 52 38 lui
1683 4397 174 38 revenait
1887 4398 92 42 vite,
2007 4406 37 30 et
2072 4399 26 37 il
2128 4400 228 38 redevenait

559 4446 211 40 ensemble,
796 4446 119 49 léger,
940 4448 164 48 gauche,
1132 4450 191 48 puissant,
1352 4450 203 51 élastique,
1581 4466 155 25 comme
1762 4467 52 24 un
1841 4454 236 50 chimpanzé
2101 4456 66 49 qui
2196 4457 159 38 marche

564 4514 68 25 sur
661 4515 60 24 ses
749 4504 106 37 deux
885 4505 128 38 mains
1042 4506 279 48 postérieures.

542 4611 42 29 U

4124 655 178 48 Michel,
4336 670 135 35 parce
4506 654 110 51 qu'il
4649 670 26 24 a
4708 670 53 28 su
4793 669 72 25 en-

4127 743 156 30 tourer
4306 748 49 25 sa
4377 733 177 40 laideur
4576 733 58 39 de
4658 734 205 49 mystère.

4001 865 47 49 Je
4081 865 68 39 fus
4178 867 89 47 plus
4296 867 180 39 troublée
4504 882 76 36 que
4611 870 176 48 surprise
4815 870 134 49 quand
4979 882 50 24 on

3949 935 63 24 me
4037 922 56 38 dit
4119 936 76 35 que
4224 923 147 39 Michel
4399 924 139 38 Simon
4564 925 137 38 aimait
4726 926 54 37 les
4806 925 144 49 singes,
4976 926 56 37 les

3949 978 211 39 traduisait
4183 979 195 39 aisément
4400 988 37 31 et
4461 994 40 24 se
4528 981 133 39 faisait
4684 982 191 38 entendre
4899 981 132 39 d'eux.

3949 1035 47 49 Je
4017 1035 173 49 craignis
4213 1049 88 36 que.
4324 1037 101 38 dans
4447 1038 34 37 le
4504 1045 130 42 temps
4656 1038 128 38 même
4806 1037 52 38 où
4883 1051 40 24 se
4951 1037 81 38 for-

3950 1092 96 37 mait
4088 1093 34 37 le
4164 1092 89 49 plus
4293 1094 318 38 extraordinaire
4653 1093 288 50 tempérament
4985 1094 47 37 de

3949 1148 219 41 comédien.
4195 1149 147 39 Michel
4369 1149 138 38 Simon
4531 1163 50 25 ne
4601 1149 176 39 déclarât
4801 1150 167 39 soudain
4991 1163 42 25 sa

3951 1203 248 50 préférence,
4236 1205 153 49 n'optât
4425 1219 101 36 pour
4561 1220 78 24 une
4673 1206 50 39 île
4758 1206 189 39 lointaine
4981 1206 51 38 où

3952 1261 186 38 l'eussent
4167 1261 102 39 suivi
4300 1275 60 25 ses
4389 1262 247 41 bien-aimés.
4667 1263 36 38 la
4730 1276 160 36 guenon
4918 1276 115 36 capa-

3950 1318 62 37 ble
4040 1318 48 38 de
4119 1318 194 49 répandre
4341 1319 69 38 des
4438 1320 156 40 larmes,
4625 1320 32 37 le
4685 1319 115 38 chien
4829 1319 139 49 jaloux
4997 1326 37 32 et

3954 1373 168 49 résigné,
4158 1376 170 49 quelque
4362 1375 90 39 chat
4489 1376 102 49 plein
4628 1376 49 38 de
4713 1382 158 35 secrets,
4907 1383 37 30 et
4980 1376 55 38 les

3950 1430 165 39 oiseaux
4148 1431 94 50 qu'il
4278 1432 191 39 rassurait
4503 1446 71 35 par
4606 1432 68 39 des
4708 1439 104 32 mots
4844 1432 119 39 d'eux
4997 1440 36 30 et

3952 1488 48 37 de
4028 1487 52 39 lui
4107 1501 166 26 connus.
4304 1488 106 39 Mais
4439 1489 23 37 il
4491 1496 116 42 parut
4633 1489 147 38 choisir
4807 1489 34 38 le
4868 1488 166 40 théâtre.

3952 1545 199 48 peut-être
4179 1558 116 36 parce
4321 1559 76 36 que
4423 1546 35 38 le
4484 1545 166 41 théâtre,
4678 1553 37 30 et
4742 1546 35 38 le
4804 1545 143 45 public.
4975 1545 60 38 ré-

3951 1601 208 39 clamaient
4182 1601 95 49 déjà
4298 1609 60 31 cet
4381 1602 163 48 étrange
4566 1609 147 34 acteur,
4737 1603 139 37 tendre
4898 1610 36 30 et
4958 1603 75 37 mal

3952 1656 175 51 dompté.

4008 1714 173 41 Bientôt,
4205 1715 24 38 il
4256 1716 177 50 inquiéta
4457 1717 36 38 la
4519 1717 109 39 foule
4652 1719 48 38 de
4722 1732 101 25 ceux
4848 1720 67 49 qui
4941 1720 94 39 l'au-

3954 1771 124 39 raient
4115 1773 120 37 voulu
4271 1772 315 42 exclusivement
4620 1775 194 50 comique.
4854 1777 30 37 Il
4921 1776 114 49 ajou-

3952 1828 72 38 tait
4046 1827 22 39 à
4094 1842 62 25 ses
4177 1828 209 50 grimaces,
4410 1829 23 39 à
4457 1844 42 26 sa
4525 1831 119 46 façon
4668 1832 147 51 unique
4838 1833 48 39 de
4916 1848 19 22 «
4956 1847 80 25 ser-

3953 1884 61 38 vir
4034 1899 20 23 »
4084 1885 35 39 le
4143 1893 96 38 mot,
4265 1885 23 39 à
4314 1900 43 25 sa
4382 1887 213 49 préciosité
4619 1888 175 50 pâteuse,
4821 1903 78 25 une
4923 1897 114 32 autre

3954 1949 107 31 sorte
4093 1943 49 37 de
4174 1942 187 50 mystère,
4395 1944 70 38 des
4499 1945 142 38 larmes
4675 1945 48 39 de
4755 1946 178 39 criminel
4970 1947 67 39 né-

3954 1999 205 49 vropathe.
4186 1999 109 39 C'est
4317 2000 99 38 dans
4440 2007 101 32 cette
4565 2009 92 31 note
4681 2002 48 38 de
4752 2003 164 38 couleur
4939 2004 99 39 dou-

3952 2068 162 26 cereuse
4132 2055 94 50 qu'il
4245 2056 91 39 créa
4356 2057 216 39 Fric-Frac
4591 2066 38 31 et
4652 2058 106 47 Quai
4776 2060 70 37 des
4865 2060 172 41 brumes.

3953 2112 50 37 où
4034 2112 23 37 il
4087 2112 98 39 tient
4213 2112 70 39 des
4311 2112 103 39 rôles
4440 2115 49 37 de
4517 2115 179 38 mauvais
4724 2115 171 39 homme.
4927 2116 111 39 Dans

3956 2168 107 40 Quai
4081 2170 70 37 des
4172 2170 171 40 brumes,
4364 2171 35 37 le
4418 2170 84 39 vrai
4524 2179 176 30 moment
4719 2172 49 38 de
4787 2172 252 49 l'épouvante

3952 2234 59 29 est
4039 2225 100 39 celui
4166 2225 67 50 qui
4263 2226 227 41 confronte,
4520 2228 146 39 devant
4694 2242 52 24 un
4775 2228 152 42 miroir.
4959 2230 79 38 Mi-

3952 2282 84 38 chel
4069 2281 140 39 Simon
4242 2291 37 31 et
4312 2282 148 39 Michel
4495 2281 153 44 Simon.
4680 2284 186 40 l'homme
4897 2293 37 31 et
4967 2300 70 24 son

3953 2338 111 39 reflet
4085 2338 227 47 cherchant,
4333 2353 96 25 avec
4449 2341 85 38 leur
4554 2341 165 42 laideur,
4741 2355 54 25 un
4815 2356 223 25 accommo-

3952 2395 173 39 dement.
4158 2395 69 39 Un
4261 2397 50 37 tel
4344 2397 184 49 dialogue
4560 2405 120 33 muet,
4714 2406 36 31 et
4783 2399 173 42 terrible,
4990 2413 49 25 ne

3952 2452 277 39 conduira-t-il
4253 2466 68 36 pas
4346 2467 52 24 un
4423 2460 172 33 metteur
4617 2468 47 24 en
4689 2455 117 39 scène
4827 2455 24 38 à
4875 2464 165 31 tourner

3953 2510 34 37 le
4021 2515 116 33 conte
4172 2509 180 50 d'Edgar
4389 2510 94 42 Poë,
4521 2511 156 39 Double
4712 2512 121 39 crime
4869 2514 99 37 dans
5004 2515 34 37 la

3954 2580 70 24 rue
4047 2567 187 48 Morgue,
4255 2574 37 31 et
4315 2580 77 25 une
4414 2567 157 38 version
4594 2569 182 38 nouvelle
4797 2570 49 38 de
4870 2571 54 37 Le
4947 2571 92 37 doc-

3955 2630 87 31 teur
4078 2623 177 49 Caligari
4274 2625 20 36 -9
4331 2624 114 38 Nous
4481 2624 181 38 verrions
4701 2625 146 39 Michel
4885 2626 153 41 Simon,

3952 2680 128 48 grand
4111 2680 139 38 artiste
4281 2680 167 42 bizarre,
4480 2681 147 39 debout
4661 2695 69 25 sur
4760 2696 77 25 une
4871 2683 167 40 fenêtre.

3952 2736 174 39 hésitant
4149 2737 48 38 ici
4218 2751 51 24 au
4292 2738 101 37 bord
4415 2738 49 38 de
4486 2738 36 38 la
4547 2738 108 41 folie,
4677 2747 38 30 et
4739 2739 35 38 là
4795 2753 51 24 au
4871 2740 95 39 seuil
4990 2741 48 37 de

3953 2793 234 39 l'humanité
4219 2794 224 50 simiesque.
4475 2794 80 39 Car
4586 2795 52 38 lui
4672 2796 82 38 seul
4788 2804 91 41 peut
4912 2804 126 31 tenter

3952 2864 43 24 ce
4019 2851 65 49 qui
4111 2850 302 50 découragerait
4440 2859 90 30 tous
4555 2852 55 38 les
4634 2860 146 30 autres.

4789 2929 204 38 COLETTE.

3841 328 470 207 [texte
4311 328 739 207 illisible]

5471 2900 19 22 «
5514 2888 134 35 Michel
5668 2889 125 34 Simon
5814 2889 152 41 inquiète
5988 2890 33 33 la
6040 2889 101 42 foule
6163 2890 43 33 de
6229 2901 88 23 ceux
6341 2902 57 29 qui
6420 2893 11 31 t
6443 2890 159 34 auraient
6622 2892 109 33 voulu
6753 2903 61 22 ex-

5467 2934 229 34 clusivement
5716 2935 166 41 comique.
5903 2935 32 32 Il
5952 2935 121 40 ajoute
6093 2935 20 33 à
6129 2946 58 23 ses
6205 2947 174 29 grimaces
6396 2947 47 22 un
6462 2942 66 34 peu
6546 2936 43 34 de
6607 2938 161 40 mystère.
6791 2948 20 22 »

2939 3155 20 22 «
2980 3144 226 35 L'obsession
3227 3146 43 33 de
3289 3147 120 34 Garbo
3427 3148 164 40 paralyse
3610 3160 63 22 sur
3691 3148 127 36 l'écran
3838 3145 2 8 '
4519 3181 18 10 -s
5019 3180 7 9 ,
5873 3175 148 9 ..

3254 3212 17 17 ^
3873 3191 64 22 nos
3956 3192 125 28 jeunes
4102 3182 95 34 filles
4216 3188 176 34 proaiqes.
4413 3184 98 32 Elles
4529 3189 80 27 ont
4631 3190 77 35 trop
4734 3184 121 37 jeunes
4876 3189 90 32 pour
4989 3192 126 25 réa(iir.
5143 3191 21 22 »
5190 3182 69 31 Les
5283 3182 88 31 dons
5396 3182 42 31 de
5464 3182 222 30 comédienne
5712 3182 42 30 de
5778 3182 143 30 Jeanine
5946 3188 140 32 uarcey
6110 3185 34 28 la
6167 3183 282 33 sauveront-elle
6475 3183 20 33 ?

3030 4527 176 33 JULIETTE
3238 4526 118 32 FABER

3836 4528 3 104 j
4155 4564 181 32 MICHELE
4360 4565 192 32 MORGAN

5330 4565 181 32 MICHELE
5533 4566 104 32 ALFA

6470 4564 175 33 JEANINE
6675 4564 161 32 DARCEY
