3846 5004
408 440 44 216 LA
452 440 164 216 POUSSIÈRE
2080 384 358 424 voila
2438 384 658 424 l'ennemie!

276 949 81 32 Tïûj
394 950 52 23 NE
477 938 75 35 fois
581 950 69 23 par
679 949 59 24 an,
769 938 24 34 il
824 944 56 28 est
908 938 73 34 bon
1011 938 44 35 de
1085 938 183 35 procéder
1296 948 23 23 a
1349 942 80 30 leur
1457 945 80 26 net-

307 979 14 63 I
343 979 14 63 I
394 996 138 37 toyage
557 989 227 34 minutieux.

306 1026 50 62 UJ
453 1039 51 35 Le
533 1038 172 35 meilleur
733 1049 137 28 moyen
899 1038 165 34 consiste
1093 1037 21 35 à
1143 1037 53 35 les
1224 1037 266 39 dépoussiérer
1519 1036 21 35 à

394 1089 241 43 l'aspirateur
660 1088 103 36 aussi
790 1088 306 44 soigneusement
1122 1099 70 32 que
1217 1087 174 44 possible.
1419 1087 34 34 A
1478 1087 62 34 dé-

261 1139 83 36 faut
364 1139 266 44 d'aspirateur,
651 1150 48 22 on
720 1138 53 35 les
792 1137 127 36 battra
938 1137 21 35 à
981 1138 108 35 l'aide
1110 1138 109 35 d'une
1240 1144 141 37 tapette
1402 1137 139 36 d'osier

259 1189 181 35 entourée
463 1189 87 35 d'un
575 1188 101 44 linge
701 1188 119 35 blanc.
845 1188 104 43 (Une
971 1188 125 35 vieille
1121 1195 183 37 raquette,
1327 1200 49 23 au
1398 1188 143 41 besoin,

260 1240 188 42 remplace
477 1238 315 35 admirablement
821 1239 35 33 la
885 1238 172 43 tapette.)

317 1289 107 34 Avec
453 1301 50 22 un
533 1289 160 43 pinceau
723 1287 21 35 à
774 1288 109 44 longs
913 1288 108 44 poils,
1050 1301 49 22 on
1129 1288 206 36 dénichera
1365 1289 35 35 la
1430 1300 111 32 pous-

260 1338 98 35 sière
389 1340 65 34 des
487 1339 224 42 sculptures,
742 1339 198 34 canelures
971 1345 35 28 et
1038 1339 113 43 petits
1184 1339 105 35 coins
1319 1339 49 35 où
1401 1340 70 34 elle
1502 1351 39 23 se

260 1388 163 44 réfugie.

318 1439 54 34 La
398 1438 131 35 brosse
557 1439 93 34 dure
676 1450 85 23 sera
789 1439 195 43 employée
1010 1451 96 32 pour
1132 1440 54 35 les
1212 1440 168 35 meubles
1407 1440 136 35 tendus

258 1489 45 34 de
333 1495 194 35 cretonne,
557 1500 74 23 une
659 1489 131 35 brosse
820 1490 119 34 douce
968 1501 50 23 ou
1048 1502 49 23 un
1127 1497 154 37 tampon
1312 1491 46 34 de
1387 1490 153 36 velours

261 1550 95 32 pour
382 1538 53 35 les
461 1538 169 35 soieries.

318 1588 52 35 Le
398 1587 296 46 dépoussiérage
721 1601 84 24 sera
833 1590 98 35 suivi
958 1590 89 36 d'un
1073 1598 205 38 nettoyage
1305 1592 163 43 complet
1494 1592 49 35 du

262 1637 94 35 tissu
383 1645 229 28 recouvrant
637 1639 33 35 le
695 1639 115 44 siège.

254 1714 120 31 SIEGE
400 1715 51 30 EN
478 1714 191 31 PELUCHE

320 1771 205 43 Employer
556 1782 73 23 une
658 1782 97 32 peau
785 1770 45 34 de
862 1770 169 35 chamois
1061 1770 166 43 humide,
1257 1770 36 35 la
1325 1770 124 36 rincer
1480 1770 66 35 dès

263 1821 135 44 qu'elle
418 1827 56 29 est
496 1821 93 35 salie
609 1827 36 31 et
665 1828 134 28 autant
819 1822 45 36 de
887 1821 75 35 fois
983 1833 71 32 que
1075 1821 80 35 cela
1174 1821 125 44 paraît
1319 1821 226 36 nécessaire.

265 1873 168 43 Essuyer
465 1885 46 23 en
543 1872 154 35 dernier
730 1872 74 34 lieu
836 1884 92 23 avec
960 1884 50 22 un
1042 1871 146 36 chiffon
1220 1872 111 35 blanc
1363 1872 77 35 très
1473 1884 71 23 sec.

323 1922 39 37 Si
389 1925 34 34 la
447 1923 158 43 peluche
629 1932 55 27 est
709 1922 78 36 très
812 1923 89 42 sale,
925 1923 36 36 la
984 1929 175 38 nettoyer
1182 1935 94 23 avec
1301 1934 49 24 un
1374 1923 173 45 mélange

263 1974 111 35 d'une
403 1974 120 43 partie
553 1973 160 37 d'alcool
742 1985 95 32 pour
866 1973 95 36 trois
990 1973 156 36 d'éther.
1177 1973 169 44 Essuyer
1374 1986 93 23 avec
1496 1986 50 23 un

264 2024 101 44 linge
397 2035 72 24 sec.
502 2024 127 44 (Cette
661 2024 199 43 opération
892 2024 78 35 doit
1004 2036 39 23 se
1078 2024 98 35 faire
1207 2025 95 34 dans
1335 2036 72 24 une
1440 2025 105 45 pièce

262 2087 88 23 sans
376 2075 65 35 feu
466 2074 38 35 ni
530 2075 202 44 éclairage,
758 2074 76 35 loin
860 2075 45 35 de
930 2082 104 28 toute
1060 2074 151 36 flamme
1237 2075 124 44 libre.)

321 2125 54 35 La
403 2125 157 43 peluche
589 2131 89 38 peut
705 2124 81 36 être
817 2125 162 36 froissée
1008 2133 35 28 et
1072 2126 207 35 nécessiter
1308 2138 73 23 une
1411 2127 135 35 remise

265 2175 21 35 à
312 2175 104 35 neuf.
444 2175 107 36 Dans
578 2187 41 23 ce
645 2187 75 30 cas,
746 2176 152 35 brosser
925 2176 32 35 le
984 2176 95 35 tissu
1105 2188 93 24 avec
1224 2189 72 23 une
1322 2178 132 34 brosse
1479 2178 68 35 hu-

265 2225 110 41 mide,
402 2226 84 43 puis
513 2237 131 32 passer
672 2238 48 23 un
750 2226 60 35 fer
835 2227 123 35 chaud
984 2227 21 34 à
1032 2227 85 44 cinq
1144 2239 48 23 ou
1219 2228 60 35 six
1305 2228 243 35 centimètres

266 2276 44 35 de
341 2276 183 35 distance.
557 2276 54 35 La
641 2288 145 32 vapeur
816 2277 62 44 qui
911 2290 38 25 se
980 2277 147 46 dégage
1158 2278 102 36 alors
1290 2279 192 36 défroisse
1514 2279 35 36 la

263 2326 158 44 peluche
443 2333 36 28 et
501 2327 52 35 lui
576 2327 92 35 rend
691 2339 41 24 sa
757 2327 207 38 fraîcheur.

256 2403 147 31 SIEGES
429 2404 51 30 EN
505 2402 239 31 TAPISSERIE

322 2460 133 35 Eviter
481 2460 45 34 de
553 2460 53 33 les
632 2459 165 35 brosser.
824 2458 73 36 Les
924 2464 175 39 nettoyer
1126 2471 93 23 avec
1244 2470 51 24 un
1322 2465 155 38 tampon
1504 2459 45 35 de

264 2511 90 35 toile
378 2510 138 35 imbibé
540 2509 147 36 d'éther
709 2521 50 24 ou
781 2509 113 35 d'une
917 2509 199 36 décoction
1140 2510 46 36 de
1210 2521 174 33 panama.
1409 2510 142 35 Rincer

265 2563 320 41 soigneusement.
615 2561 143 37 Sécher
784 2574 48 25 au
859 2561 144 36 chiffon
1032 2573 72 25 sec.

256 2635 146 31 SIEGES
426 2635 52 31 EN
503 2634 202 32 BROCART

322 2692 168 35 Etendre
514 2703 73 23 une
612 2690 86 45 pâte
723 2691 45 36 de
792 2691 195 45 magnésie
1011 2697 36 30 et
1071 2691 193 36 d'essence
1288 2703 65 23 sur
1376 2692 34 34 le
1435 2691 114 45 siège.

264 2742 155 36 Laisser
444 2754 45 24 en
513 2749 152 28 contact
688 2741 189 44 plusieurs
902 2742 149 35 heures.
1077 2742 199 36 L'essence
1301 2742 137 36 s'étant
1463 2743 87 35 éva-

264 2792 127 44 porée,
416 2793 25 34 il
466 2805 46 23 ne
537 2800 101 28 reste
662 2793 83 43 plus
769 2792 86 45 qu'à
880 2793 154 35 enlever
1058 2794 35 34 la
1117 2794 144 43 poudre
1287 2794 45 35 de
1355 2793 195 45 magnésie

264 2855 94 24 avec
382 2855 73 23 une
481 2843 131 36 brosse
637 2844 78 35 très
740 2845 93 34 dure
859 2856 60 29 ou,
945 2844 140 43 mieux,
1111 2845 253 43 l'aspirateur.

322 2894 59 35 Ne
407 2895 141 44 jamais
575 2901 136 29 mettre
739 2907 62 23 ces
827 2896 168 35 meubles
1023 2908 48 23 au
1098 2896 118 35 soleil.
1245 2896 73 36 Les
1346 2907 155 33 essuyer
1528 2895 22 36 à

263 2945 36 35 la
325 2956 96 32 peau
448 2946 46 34 de
520 2945 171 36 chamois
720 2945 290 44 fréquemment.

255 3016 146 32 SIEGES
428 3018 51 30 EN
505 3017 190 32 VELOURS

322 3073 73 36 Les
422 3073 220 45 dégraisser
668 3085 95 24 avec
790 3075 49 34 du
867 3074 102 36 sable
996 3074 78 36 très
1103 3074 48 35 fin
1180 3082 36 28 et
1244 3075 77 36 très
1348 3087 63 24 sec
1438 3075 113 44 qu'on

265 3124 113 35 laisse
406 3136 46 23 en
481 3131 152 28 contact
660 3136 94 24 avec
782 3125 32 35 le
843 3126 95 36 tissu
966 3127 167 42 pendant
1162 3138 73 24 une
1263 3126 238 37 demi-heure
1529 3127 22 35 à

267 3186 72 24 une
368 3174 119 36 heure
517 3181 35 29 et
582 3175 113 44 qu'on
725 3175 131 36 brosse
887 3177 158 35 ensuite.
1076 3176 53 37 Le
1160 3177 103 35 sable
1294 3177 174 36 entraîne
1498 3178 54 36 les

267 3225 217 44 poussières
505 3237 165 33 grasses.

324 3275 52 37 Le
400 3288 70 23 son
493 3276 155 36 chauffé
670 3276 125 39 donne
817 3277 54 36 les
895 3277 141 36 mêmes
1059 3278 191 37 résultats.

258 3347 146 31 SIEGES
426 3348 52 31 EN
499 3347 233 33 CRETONNE
755 3349 46 31 ET
819 3349 122 31 TOILE
963 3350 50 31 DE
1031 3350 117 32 JOUY

326 3404 51 34 Ils
405 3411 165 37 peuvent
598 3416 39 24 se
666 3412 176 37 nettoyer
869 3405 22 35 à
919 3406 35 35 la
982 3405 87 46 pâte
1097 3407 46 35 de
1171 3407 195 45 magnésie
1394 3416 36 29 et
1458 3409 94 35 d'es-

267 3466 123 27 sence,
414 3454 96 36 mais
535 3462 226 37 supportent
783 3456 86 36 bien
893 3468 73 24 une
991 3470 70 23 eau
1085 3458 45 35 de
1154 3470 120 23 savon
1297 3458 128 45 légère
1448 3460 106 35 addi-

266 3504 153 36 tionnée
449 3505 88 35 d'un
565 3518 73 32 peu
666 3507 45 37 de
741 3506 59 36 fiel
829 3507 45 35 de
903 3507 107 36 bœuf
1039 3520 48 24 ou
1116 3509 45 35 de
1191 3510 180 44 quelques
1400 3518 152 37 gouttes

266 3555 318 46 d'ammoniaque.
618 3556 53 36 Le
703 3557 83 35 bois
817 3558 46 35 de
895 3570 163 32 panama
1090 3559 125 36 donne
1247 3560 104 36 aussi
1382 3561 46 35 de
1460 3561 95 35 bons

267 3607 191 36 résultats.

324 3658 224 36 L'essentiel
582 3666 56 29 est
670 3661 45 35 de
749 3672 47 24 ne
828 3672 67 33 pas
927 3661 161 37 inonder
1122 3662 33 36 le
1187 3663 160 43 meuble,
1379 3664 96 37 mais
1507 3665 46 35 de

267 3715 227 38 tamponner
524 3711 35 34 la
588 3711 157 36 surface
774 3711 50 36 du
853 3712 96 37 tissu
978 3725 93 25 avec
1100 3726 50 23 un
1181 3714 101 45 linge
1313 3714 165 44 humide,
1507 3717 46 35 de

267 3760 125 35 rincer
416 3760 45 35 de
486 3760 121 37 même
632 3768 37 29 et
692 3762 222 36 d'absorber
938 3764 324 37 immédiatement
1287 3766 33 36 le
1342 3767 211 36 maximum

266 3810 225 36 d'humidité
510 3824 47 23 en
578 3811 166 38 frottant
763 3826 45 23 en
827 3814 155 36 dernier
1001 3815 75 36 lieu
1096 3828 48 23 au
1161 3816 102 45 linge
1284 3829 62 23 sec
1363 3817 192 44 plusieurs

268 3862 75 36 fois
374 3864 215 35 renouvelé.

258 3940 145 32 SIEGES
456 3941 51 31 EN
558 3940 117 32 TISSU
729 3939 234 37 FANTAISIE,
1015 3940 208 33 RAYONNE
1273 3941 61 32 OU
1386 3941 162 34 AUTRES

329 3985 53 32 NE
405 3986 282 31 SUPPORTANT
709 3985 79 32 PAS
811 3985 117 32 L'EAU

335 4042 54 35 La
419 4042 152 44 plupart
601 4042 67 36 des
696 4041 132 36 taches
857 4042 63 44 qui
950 4049 166 37 peuvent
1145 4042 54 36 les
1228 4043 169 35 maculer
1426 4043 125 45 dispa-

267 4093 177 42 raissent,
482 4093 30 35 si
551 4093 90 35 elles
678 4105 47 23 ne
761 4100 86 29 sont
883 4105 68 32 pas
987 4100 87 38 trop
1110 4095 218 42 anciennes,
1365 4106 45 24 en
1448 4095 105 36 étant

268 4143 161 36 frottées
455 4156 93 23 avec
574 4145 46 34 de
645 4144 36 35 la
707 4144 73 36 mie
807 4144 45 36 de
878 4144 89 44 pain
996 4144 149 36 fraîche
1172 4144 176 37 chauffée
1374 4158 48 23 au
1450 4146 101 36 four.

266 4193 153 36 L'éther
446 4194 142 36 nettoie
615 4194 328 44 admirablement,
969 4195 96 36 mais
1092 4203 109 28 outre
1228 4196 54 35 les
1308 4196 245 44 précautions

265 4256 71 33 que
369 4257 68 23 son
470 4257 118 32 usage
621 4245 199 43 nécessite,
855 4246 24 34 il
913 4252 56 30 est
1001 4246 74 36 bon
1109 4247 45 35 de
1188 4247 183 45 l'essayer
1404 4260 65 23 sur
1501 4261 50 23 un

227 4327 10 8 «
266 4295 232 36 échantillon
529 4307 49 24 ou
610 4296 95 35 dans
736 4308 51 24 un
818 4297 86 35 coin
936 4309 76 23 non
1043 4297 147 43 visible,
1223 4310 114 32 parce
1367 4310 72 33 que
1471 4311 80 24 cer-

263 4346 124 36 taines
411 4346 177 36 couleurs
615 4347 160 44 fragiles
799 4347 62 44 n'y
885 4347 179 37 résistent
1087 4360 79 32 pas.

321 4396 52 36 Le
394 4396 282 37 tétrachlorure
695 4399 46 34 de
762 4398 178 43 carbone,
961 4398 298 38 ininflammable
1280 4408 36 31 et
1336 4400 216 47 dégageant

264 4459 72 32 peu
367 4448 169 43 d'odeur,
567 4448 146 38 dissout
748 4448 79 37 fort
858 4449 86 36 bien
976 4449 53 37 lés
1061 4449 131 37 taches
1223 4452 45 35 de
1300 4452 159 45 graisse.
1492 4452 60 36 En

264 4498 219 44 employant
511 4498 309 39 simultanément
848 4512 73 24 une
949 4501 145 44 poudre
1121 4502 229 37 absorbante
1379 4503 172 46 (magné-

265 4548 65 44 sie,
358 4555 100 29 terre
485 4548 21 35 à
536 4549 147 44 foulon,
711 4550 89 45 etc.)
828 4563 50 23 on
905 4551 100 38 évite
1032 4552 53 36 les
1112 4564 146 26 cernes.

1866 936 60 34 La
1960 932 230 50 poussière
2224 942 63 29 est
2320 932 240 41 l'ennemie
2592 932 56 40 de
2680 935 43 38 la
2755 934 250 51 ménagère.
3039 935 36 38 Il

1867 1022 99 50 faut
1990 1023 136 39 lutter
2149 1032 155 31 contrée
2327 1025 84 38 elle
2440 1039 12 23 :
2479 1025 62 38 les
2565 1024 215 51 procédés
2806 1025 269 50 quotidiens,

1867 1112 190 50 parfaits
2093 1127 118 36 pour
2246 1122 200 41 nettoyer
2480 1115 64 38 les
2579 1115 199 39 meubles
2813 1130 88 24 aux
2936 1117 140 49 lignes

1866 1212 159 38 ,nettes,
2061 1218 88 23 aux
2185 1204 199 49 surfaces
2420 1205 140 47 lisses,
2597 1204 267 40 deviennent
2900 1207 177 49 insuffi-

1870 1302 120 30 sants
2027 1293 205 50 lorsqu'il
2268 1293 127 51 s'agit
2432 1294 56 39 de
2525 1295 199 40 meubles
2762 1296 221 39 travaillés
3020 1305 58 39 et,

1870 1398 56 23 en
1962 1385 273 49 particulier,
2271 1383 57 41 de
2361 1385 139 50 sièges
2536 1386 300 39 rembourrés.
2873 1386 115 40 C'est
3023 1387 55 40 de

1871 1476 168 36 ceux-ci
2061 1488 86 36 que
2169 1489 114 24 nous
2304 1475 143 38 allons
2469 1490 109 24 vous
2599 1477 151 49 parler
2769 1477 308 47 aujourd'hui.
