3835 5004
1098 773 228 32 LECTRICES
1355 775 50 30 DE
1437 774 302 32 MARIE-CLAIRE

1114 818 244 32 ATTENTION
1380 819 86 32 AUX
1487 820 198 31 ESCROCS
1709 821 10 30 !

1088 885 53 34 La
1164 886 169 33 direction
1355 886 43 33 de
1422 887 254 33 Marie-Claire
1699 898 89 22 vous

1055 937 69 27 met
1150 943 41 21 en
1214 932 108 39 garde
1349 937 117 27 contre
1491 932 50 32 les
1565 932 230 39 agissements

1053 976 42 33 de
1120 976 187 33 soi-disant
1332 977 260 39 représentants
1616 977 61 40 qui
1700 977 93 33 solli-

1055 1022 105 32 citent
1190 1022 33 32 la
1251 1022 233 40 souscription
1514 1022 281 33 d'abonnements

1055 1067 127 32 d'essai
1205 1066 20 33 à
1248 1067 82 40 prix
1352 1067 142 33 réduits.

1096 1124 77 32 Elle
1196 1129 154 35 proteste
1372 1123 284 41 énergiquement
1678 1129 117 28 contre

1056 1180 56 22 ces
1139 1169 185 33 tentatives
1349 1169 60 40 qui
1435 1169 209 33 constituent
1669 1169 42 33 de
1736 1169 58 33 vé-

1053 1214 145 33 ritables
1220 1214 240 41 escroqueries
1481 1219 34 28 et
1533 1225 89 22 vous
1642 1214 153 40 rappelle

1053 1258 83 41 qu'il
1174 1259 147 33 n'existe
1359 1270 114 22 aucun
1510 1259 228 33 abonnement
1775 1259 20 33 à

1050 1305 82 39 prix
1161 1304 145 39 réduits,
1338 1309 32 28 et
1401 1305 188 40 qu'aucune
1620 1310 170 34 personne

1054 1351 87 32 n'est
1167 1351 175 32 autorisée
1369 1350 22 33 à
1416 1351 160 33 recevoir
1601 1351 61 33 des
1688 1351 105 33 abon-

1051 1402 157 27 nements
1233 1408 41 21 en
1298 1408 65 21 son
1387 1408 81 21 nom
1494 1407 40 22 en
1560 1396 146 33 dessous
1730 1397 63 32 des

1053 1442 106 41 tarifs
1184 1454 176 21 normaux
1386 1442 69 41 qui,
1481 1449 90 34 pour
1598 1443 33 32 la
1656 1443 137 33 France

1052 1493 33 28 et
1123 1489 50 32 les
1212 1488 165 40 colonies,
1414 1494 81 27 sont
1533 1494 90 34 pour
1662 1489 130 32 Marie-

1053 1534 116 34 Claire
1192 1546 7 20 :

1039 1613 2 3 1
1092 1614 20 31 3
1140 1605 90 33 mois
1565 1614 41 22 22
1628 1604 123 41 francs

1093 1650 22 33 6
1146 1651 88 33 mois
1271 1676 242 8 ............
1562 1659 42 31 43
1668 1670 44 4 —

1098 1706 13 22 i
1136 1707 44 22 an
1202 1722 311 7 ................
1563 1696 42 40 84
1668 1715 44 5 —

1095 1765 54 33 En
1175 1770 111 34 outre,
1310 1765 62 33 nul
1395 1765 89 32 n'est
1509 1764 171 33 accrédité
1706 1770 89 34 pour

1052 1811 182 41 percevoir
1254 1810 61 34 des
1335 1810 249 33 abonnements
1605 1821 41 21 en
1667 1809 128 33 dehors

1053 1857 61 33 des
1142 1861 251 35 commerçants
1419 1855 124 35 établis
1570 1860 33 28 et
1629 1855 61 33 des
1717 1861 77 34 per-

1052 1914 128 21 sonnes
1204 1902 60 40 qui
1286 1906 161 36 peuvent,
1472 1907 64 35 par
1559 1901 33 32 la
1616 1901 177 40 présenta-

1054 1948 70 33 tion
1145 1947 101 33 d'une
1268 1947 95 41 pièce
1384 1946 177 33 d'identité
1583 1958 45 21 au
1649 1957 80 22 nom
1751 1945 42 34 de

1052 2005 63 21 nos
1137 1992 192 41 journaux,
1354 1992 193 40 témoigner
1568 1991 144 41 qu'elles
1734 1997 59 34 ap-

1051 2038 219 40 partiennent
1322 2037 20 34 à
1395 2037 304 33 l'administration
1751 2036 43 34 de

1050 2083 253 34 Marie-Claire
1327 2094 45 22 ou
1393 2083 43 33 de
1459 2083 204 33 Paris-soit.

1092 2141 104 33 Nous
1215 2141 177 34 déclinons
1413 2145 95 28 toute
1527 2138 265 42 responsabilité

1049 2199 45 22 au
1119 2187 96 40 sujet
1240 2186 62 34 des
1327 2186 249 34 abonnements
1603 2185 59 41 qui
1686 2191 103 35 pour-

1052 2233 111 33 raient
1191 2232 73 33 être
1291 2231 172 34 souscrits
1488 2242 84 22 sans
1598 2230 195 34 s'entourer

1051 2279 61 33 des
1132 2278 180 41 garanties
1332 2277 189 41 indiquées.

1398 2380 44 40 *

1118 2486 82 32 UNE
1224 2485 103 32 AMIE
1353 2484 237 33 ROUMAINE.
1616 2483 112 32 LILLY.
1752 2483 40 31 Je

1049 2532 149 33 voudrais
1220 2544 38 20 un
1283 2530 256 42 correspondant
1559 2530 150 38 français.
1729 2529 63 31 J'ai

1050 2581 81 29 seize
1159 2589 66 21 ans.
1250 2577 41 32 Je
1317 2576 148 33 voudrais
1490 2578 82 30 aussi
1598 2588 38 19 un
1664 2573 128 34 modèle

1051 2623 42 33 de
1119 2627 96 37 gants
1240 2622 43 33 de
1310 2624 167 41 patinage.
1502 2621 74 39 Que
1603 2624 115 29 mettre
1744 2632 49 20 sur

1051 2682 49 19 ma
1132 2669 70 32 tête
1233 2680 80 21 avec
1343 2680 39 20 un
1413 2666 125 34 tailleur
1569 2665 223 43 jupe-culotte,

1051 2718 64 28 etc.

1087 2799 92 34 Tro,p
1199 2800 47 27 de
1263 2797 189 35 questions
1474 2796 214 28 différentes
1705 2802 90 28 pour

1050 2839 171 35 répondre
1243 2839 58 31 ici,
1325 2839 104 33 Liilily,
1455 2838 256 27 Donnez-nous
1732 2844 62 20 vo-

1049 2882 55 26 tre
1126 2881 150 26 ■adresse
1302 2885 37 26 et
1364 2887 91 20 nous
1478 2886 96 21 nous
1596 2879 124 27 ferons
1743 2885 51 20 un

1048 2921 125 34 plaisir
1190 2921 48 27 de
1258 2928 89 21 vous
1367 2920 217 34 renseigner.
1607 2920 97 27 Pour
1726 2926 68 20 une

1050 2962 305 34 correspondance
1394 2969 47 19 en
1480 2960 166 34 français
1684 2962 39 27 et
1763 2960 31 27 si

1049 3010 91 21 vous
1167 3003 226 34 appartenez,
1423 3009 138 21 comme
1589 3002 36 35 je
1650 3002 34 28 le
1712 3008 82 27 sup-

1049 3051 94 28 pose,
1186 3044 26 27 à
1252 3051 71 20 une
1365 3043 95 28 école
1500 3051 46 19 ou
1586 3042 208 37 (université,

1049 3086 276 27 adressez-<vous
1362 3092 47 20 au
1450 3083 143 28 Bureau
1632 3084 162 33 français

1050 3126 42 30 de
1113 3125 37 29 la
1171 3125 317 34 Correspondance
1511 3125 153 28 scolaire
1685 3125 109 26 inter-

1050 3167 191 31 nationade,
1281 3166 49 32 29,
1374 3173 64 20 rue
1480 3166 118 27 d'UTlm
1642 3166 152 33 (joindre

1048 3209 20 26 5
1093 3208 142 29 francs)
1267 3214 45 21 ou
1341 3207 24 27 à
1393 3208 38 26 la
1455 3207 252 34 Croix-«Rouge
1734 3207 61 26 In-

1050 3250 103 26 terna
1156 3248 26 28 ti
1185 3256 45 20 on
1233 3250 65 30 aie,
1324 3248 138 28 section
1485 3250 68 27 des
1574 3249 145 31 Jeunes,
1747 3248 46 31 52,

1050 3297 139 20 avenue
1215 3291 46 27 de
1289 3289 169 33 Breteuil,
1487 3289 116 27 Paris.

1119 3385 203 37 ROLANDE,
1348 3385 286 32 PHILIPPEVILLE.
1656 3385 40 32 Je
1719 3397 75 21 vou-

1051 3430 85 32 drais
1162 3443 65 28 que
1253 3443 77 20 vous
1358 3443 50 20 me
1436 3430 135 33 donniez
1596 3428 44 35 (es
1667 3443 127 20 mouve-

1051 3480 102 29 ments
1181 3476 222 41 d'élongation
1433 3476 59 33 des
1520 3477 145 31 numéros
1692 3478 40 30 45
1760 3480 35 28 et

1049 3523 52 31 47.

1086 3605 47 28 Je
1172 3613 48 21 ne
1264 3606 249 28 demanderais
1553 3613 71 27 pas
1662 3606 132 32 mieux,

1050 3647 124 31 certes,
1198 3647 98 28 mais
1319 3647 110 32 hélas,
1451 3648 38 28 lIa
1512 3648 102 33 place
1635 3649 60 26 est
1717 3648 78 33 trop

1051 3687 133 30 limitée
1209 3687 92 28 dans
1328 3695 61 22 ces
1414 3688 172 29 colonnes
1609 3695 92 29 pour
1725 3696 70 27 que

1048 3728 37 34 je
1107 3736 93 21 vous
1226 3729 155 27 redonne
1406 3729 48 30 ici
1477 3731 85 26 tous
1585 3730 54 27 les
1663 3729 131 28 détails

1050 3770 42 27 de
1111 3776 59 22 ces
1192 3771 257 27 mouvements.
1470 3771 32 27 1J
1523 3771 56 27 est
1599 3778 47 19 un
1665 3778 129 27 moyen

1051 3810 80 27 bien
1168 3810 127 35 simple
1325 3812 48 28 de
1405 3818 92 20 vous
1534 3818 169 28 procurer
1734 3818 62 21 ces

1050 3851 168 31 numéros
1267 3858 8 20 •'
1317 3851 269 31 demandez-les
1625 3854 25 26 à
1694 3853 100 27 notre

1050 3892 137 29 service
1205 3892 47 29 de
1273 3893 107 27 vente
1397 3899 47 22 en
1465 3893 166 35 joignant
1649 3894 27 27 à.
1693 3895 102 26 votre

1051 3933 106 27 lettre
1180 3933 22 27 2
1224 3933 46 27 fr.
1296 3933 41 28 30
1358 3940 70 28 pa.r
1449 3934 162 28 muanéro.

1092 4027 220 34 Vendez-vous
1336 4028 45 34 les
1405 4028 118 44 photos
1545 4029 162 34 d'artistes
1730 4044 64 28 que

1051 4086 77 21 vous
1151 4078 119 29 mettez
1291 4074 81 34 dans
1394 4086 19 23 c
1440 4075 227 35 Marie-Claire
1691 4088 19 22 »
1735 4077 17 33 ?

1084 4158 95 33 Non,
1207 4166 95 22 nous
1325 4166 49 21 ne
1397 4160 160 29 vendons
1583 4161 47 28 ici
1654 4169 141 21 aucune

1045 4200 115 35 "photo
1198 4209 8 25 ;
1258 4201 91 28 elles
1397 4203 277 34 appartiennent
1722 4210 74 21 aux

1048 4248 156 27 agences
1228 4242 61 34 qui
1314 4249 95 21 nous
1430 4243 57 29 les
1510 4243 225 29 fournissent
1760 4245 37 27 et

1046 4282 94 29 c'est
1173 4283 27 28 à
1232 4282 91 29 elles
1353 4283 89 34 qu'il
1476 4284 86 28 fa.ut
1598 4285 198 28 s'adresser

1046 4322 248 30 directement.
1317 4323 112 28 Votre
1452 4325 105 29 lettre
1577 4327 59 26 est
1656 4327 33 27 si
1709 4334 86 27 gen-

1051 4363 75 30 tille
1155 4371 72 28 que
1256 4365 37 35 je
1322 4365 78 28 auis
1433 4366 75 27 très
1537 4366 109 30 triste
1673 4369 47 27 de
1748 4375 47 20 ne

1049 4403 149 35 pourvoir
1238 4412 93 21 vous
1372 4406 138 28 donner
1549 4408 244 30 satisfaction.

1049 4444 97 28 Vous
1174 4446 85 31 m'en
1286 4447 175 34 gemderez
1486 4455 71 27 pas
1586 4456 160 23 rancune
1772 4449 24 28 à

1050 4486 102 28 votre
1185 4486 143 36 journal
1363 4494 17 20 «
1411 4487 146 36 préféré
1589 4498 19 18 »
1648 4489 17 28 ?
1696 4491 99 27 J'ose

1047 4526 181 35 l'espérer.

2404 4203 53 33 NE
2485 4203 214 40 MANQUEZ
2724 4201 79 34 PAS
2830 4200 233 35 D'ECOUTER

1988 4273 38 39 A
2053 4271 160 41 RADIO
2238 4273 63 43 37,
2329 4270 51 42 les
2408 4270 128 45 lundis,
2565 4269 121 52 jeudis
2711 4274 22 36 à
2763 4272 50 38 20
2839 4268 32 40 h.
2907 4271 52 42 10,
2988 4268 52 41 les
3067 4267 158 42 conseils
3252 4267 51 41 de

2295 4335 146 40 beauté
2467 4333 52 42 de
2548 4332 182 42 Marcelle
2757 4332 237 41 AUCLAIR.

1988 4422 72 40 AU
2100 4421 147 41 POSTE
2284 4420 229 46 PARISIEN,
2551 4419 33 41 le
2622 4417 204 43 dimanche
2863 4422 21 36 à
2923 4420 48 38 22
3011 4416 144 46 heures,
3195 4432 22 25 «
3256 4417 48 40 Le

2457 4482 101 41 Club
2585 4482 71 41 des
2685 4482 96 50 Sept
2810 4497 22 24 »
2853 4495 6 6 '
3252 4557 57 22 mmt

2764 4582 5 1 -
