7618 5004
1876 2800 216 84 CES

1889 3134 64 6 COUSSINS

1306 3194 286 78 SONT
1652 3176 286 92 DÉJA
1994 3190 300 76 CHEZ
2342 3184 424 80 VOUS....

826 3389 189 46 VOUS
1066 3390 179 43 AVEZ
1297 3388 180 44 DANS
1527 3388 218 44 VOTRE
1795 3386 283 45 MAISON
2131 3386 75 43 DE
2263 3385 183 45 QUOI
2507 3384 100 43 LES
2669 3384 190 42 FAIRE

834 3582 49 50 ★
921 3582 345 49 Marie-Claire
1299 3592 70 37 est
1400 3598 93 31 une
1527 3582 78 46 fée
1649 3583 8 44 !
1707 3579 103 50 Elle
1848 3580 258 58 possédait,
2162 3595 57 29 en
2272 3579 131 53 effet,
2457 3579 227 56 quelques
2739 3592 125 29 mor-

757 3715 8 4 -
832 3702 151 30 ceaux
1043 3686 58 45 de
1160 3686 148 45 tissus
1369 3684 399 46 d'ameublement
1811 3698 72 30 un
1932 3698 88 42 peu
2069 3681 221 59 usagés...
2344 3682 37 44 Il
2430 3697 28 29 a
2507 3680 116 46 suffi
2672 3680 58 46 de
2778 3696 88 30 son

834 3788 193 57 aiguille
1055 3796 45 37 et
1128 3787 57 45 de
1213 3802 74 30 ses
1316 3787 160 57 doigts
1506 3786 249 58 magiques
1785 3800 125 41 pour
1938 3785 64 44 les
2030 3783 329 46 transformer
2386 3799 56 28 en
2471 3783 55 45 de
2553 3782 316 46 merveilleux

834 3889 217 45 coussins
1096 3890 8 43 !
1143 3889 241 56 Pourquoi
1422 3904 57 29 ne
1516 3887 296 45 feriez-vous
1855 3901 85 43 pas
1988 3901 185 30 comme
2219 3886 86 45 elle
2346 3886 18 44 ?
2412 3883 248 47 Cherchez
2707 3884 108 45 bien
2859 3899 10 29 :

831 3991 119 43 dans
990 3990 82 45 des
1111 3998 216 37 tentures
1366 4005 89 41 que
1494 4004 119 30 vous
1652 3988 188 58 croyiez
1884 3988 332 54 inutilisables,
2276 3988 121 44 dans
2457 3987 82 45 des
2599 3995 151 37 restes
2810 3987 60 44 de

834 4092 209 50 soieries,
1071 4107 118 29 vous
1216 4091 310 46 découvrirez
1553 4091 82 45 des
1662 4091 254 44 richesses.
1955 4091 136 44 Vous
2128 4105 171 29 saurez
2335 4090 180 44 choisir
2552 4098 45 36 et
2631 4088 239 57 découper

834 4195 63 42 les
928 4193 168 45 motifs
1127 4195 64 43 les
1220 4194 105 57 plus
1354 4193 125 57 jolis,
1509 4194 66 43 les
1606 4194 103 56 plus
1741 4191 297 54 inattendus,
2077 4192 104 56 puis
2218 4207 117 30 vous
2371 4192 65 48 les
2471 4191 183 45 bâtirez
2689 4192 27 45 à
2752 4194 112 55 plat,

829 4295 402 56 soigneusement,
1262 4310 82 29 sur
1373 4310 62 29 un
1469 4294 119 45 fond
1616 4294 79 45 uni
1731 4294 155 57 (toile,
1920 4293 140 53 satin,
2092 4293 168 56 coton)
2296 4293 78 56 qui
2410 4293 216 45 formera
2657 4293 39 46 le
2727 4309 133 30 cous-

832 4396 95 46 sin;
966 4397 223 55 quelques
1228 4396 158 58 points
1425 4396 259 50 invisibles,
1724 4395 181 58 perdus
1933 4395 120 45 dans
2082 4396 65 43 les
2176 4395 184 52 motifs,
2389 4396 67 43 les
2484 4395 383 45 maintiendront

836 4497 125 44 alors
1015 4498 137 55 qu'ils
1207 4506 164 36 seront
1423 4496 246 59 appliqués
1723 4505 105 38 tout
1890 4506 176 36 autour
2104 4512 116 29 avec
2258 4497 40 44 le
2338 4497 132 56 point
2510 4497 77 56 qui
2629 4497 238 46 convient.

5463 4144 143 33 POINTS
5637 4144 206 32 EMPLOYES

5191 4217 64 33 Les
5285 4219 230 38 applications
5545 4219 61 32 des
5636 4218 165 33 numéros
5837 4228 22 26 1,
5890 4227 28 29 2,
5948 4220 29 37 6,
6007 4227 18 30 3
6056 4223 78 27 sont

5193 4263 104 33 faites
5326 4275 42 21 au
5399 4264 95 38 point
5522 4264 42 33 de
5592 4264 131 40 piqûre,
5752 4265 49 31 les
5829 4264 87 32 trois
5945 4263 190 41 premières

5189 4314 77 27 sont
5301 4310 94 31 alors
5430 4308 146 34 brodées
5610 4319 44 23 au
5688 4308 109 41 passé,
5832 4309 32 32 la
5898 4308 158 33 dernière
6090 4319 44 21 au

5194 4353 97 39 point
5327 4353 42 32 de
5405 4354 182 33 chainette.
5624 4354 67 32 Les
5728 4354 124 32 motifs
5889 4353 61 33 des
5974 4352 166 33 numéros

5185 4408 19 29 4
5246 4404 33 27 et
5320 4406 16 31 5
5380 4403 77 28 sont
5498 4399 180 39 appliqués
5720 4410 42 21 au
5805 4398 96 41 point
5943 4399 41 32 de
6025 4398 105 33 côtes.
