3953 5004
608 900 123 34 C'était
754 912 42 20 un
821 902 138 31 homme
981 908 104 31 ayant
1107 900 122 32 atteint
1252 900 32 31 la
1304 898 228 39 quarantaine
1563 909 6 20 :
1594 897 21 32 il
1641 897 121 32 faisait
1784 897 232 39 l'impression

543 958 66 28 que
642 946 77 32 font
751 951 78 27 tous
861 947 49 31 les
942 945 158 33 hommes
1130 945 103 39 qu'on
1263 944 125 32 n'aime
1419 955 61 28 pas
1513 943 41 32 de
1587 943 110 39 prime
1728 942 110 32 abord
1870 947 34 27 et
1935 941 82 32 chez

544 992 148 39 lesquels
723 1003 43 21 on
799 991 172 33 découvre
1002 996 114 27 toutes
1147 995 113 27 sortes
1292 988 310 41 d'imperfections.
1636 988 46 31 Ni
1716 987 83 40 petit
1830 987 33 31 ni
1895 986 122 39 grand,

544 1037 32 32 ni
603 1048 81 29 gras
709 1037 33 31 ni
770 1037 141 39 maigre,
938 1036 33 32 ni
998 1036 56 40 gai
1079 1036 35 31 ni
1142 1035 148 38 sérieux,
1318 1045 61 29 pas
1406 1034 97 38 beau,
1531 1044 61 29 pas
1619 1033 153 38 affreux,
1799 1038 78 26 tout
1904 1031 20 33 à
1951 1032 67 31 fait

543 1083 176 32 ordinaire
742 1088 33 26 et
800 1081 68 33 très
892 1092 135 29 propre.
1053 1081 27 31 11
1106 1080 101 33 offrit
1230 1079 20 33 à
1272 1080 119 38 Penny
1415 1091 44 21 un
1485 1079 72 32 taxi
1581 1084 33 27 et
1639 1078 41 32 ils
1703 1076 146 34 allèrent
1872 1088 44 21 au
1940 1076 77 32 Vil-

542 1129 76 38 lage
640 1127 49 40 (i)
711 1127 55 39 où,
788 1128 30 32 le
840 1127 80 37 soir,
944 1127 40 32 ils
1005 1126 157 33 dînèrent
1185 1126 85 32 dans
1292 1137 45 21 un
1360 1129 197 28 restaurant
1581 1124 124 32 italien.
1729 1123 119 38 Penny
1870 1132 147 29 mangea

542 1174 60 31 des
636 1173 142 32 raviolis
812 1184 87 28 pour
933 1173 32 31 la
998 1170 169 41 première
1202 1171 70 32 fois
1306 1170 41 33 de
1382 1181 38 22 sa
1453 1170 54 32 vie
1541 1175 34 27 et
1608 1169 61 32 but
1703 1180 45 21 un
1782 1168 129 32 chianti
1944 1166 72 33 très

542 1230 133 27 moyen.
711 1217 194 40 Lorsqu'on
941 1218 74 32 leur
1050 1216 110 33 servit
1193 1216 202 39 l'expresso,
1432 1214 130 33 Alfred
1600 1213 124 33 Steaks
1758 1225 42 21 en
1836 1213 75 32 vint
1945 1224 72 21 aux

541 1264 144 32 affaires
717 1275 7 20 :

602 1340 43 3 —
672 1320 99 32 Vous
801 1319 82 40 êtes,
914 1319 84 33 miss
1029 1318 124 40 Smith,
1185 1317 103 40 dit-il,
1318 1321 219 30 exactement
1567 1317 30 32 le
1630 1321 78 34 type
1740 1314 277 40 correspondant

540 1365 20 33 à
585 1377 79 20 mon
691 1365 97 32 idéal.

582 1422 118 38 Penny
725 1422 112 32 sourit
870 1432 6 21 :
903 1421 73 32 cela
1000 1420 161 33 semblait
1184 1420 64 39 joli
1272 1424 34 29 et
1330 1431 45 21 un
1400 1430 64 29 peu
1490 1418 118 40 appris
1632 1428 62 30 par
1718 1428 105 22 cœur.

598 1498 44 4 —
667 1477 164 41 J'espère,
860 1478 163 32 continua
1051 1477 49 32 M.
1132 1476 135 39 Steaks,
1295 1487 66 28 que
1389 1487 89 21 nous
1507 1486 130 21 aurons
1664 1474 135 32 bientôt
1828 1473 186 33 l'occasion

540 1524 41 32 de
610 1535 87 21 nous
727 1522 178 33 connaître
935 1523 42 32 de
1007 1523 77 39 plus
1114 1521 88 41 près.
1232 1522 41 39 Je
1303 1533 55 21 me
1387 1532 139 21 nomme
1556 1519 142 40 Alfred,
1729 1519 174 41 peut-être
1933 1529 82 22 mon

538 1580 81 21 nom
642 1580 42 21 ne
707 1580 88 21 vous
820 1568 92 33 dit-il
938 1568 82 39 rien,
1046 1567 87 33 mais
1158 1566 148 41 j'espère
1328 1566 144 40 qu'avec
1495 1567 30 31 le
1551 1571 142 34 temps...

600 1625 44 33 Et
666 1625 21 32 il
710 1625 148 40 regarda
880 1624 119 39 Penny
1019 1623 162 40 jusqu'au
1206 1623 85 33 fond
1314 1624 61 32 des
1396 1634 101 28 yeux.
1520 1622 120 39 Penny
1662 1632 183 22 murmura
1865 1621 148 39 quelque

537 1671 105 33 chose
666 1682 135 21 comme
837 1682 5 20 :
873 1681 18 21 «
920 1670 122 38 Merci,
1069 1670 178 32 monsieur
1275 1668 136 39 Steaks,
1437 1668 70 32 moi
1534 1667 42 33 de
1602 1667 122 33 même.
1753 1678 19 21 »

600 1727 48 33 M.
675 1727 125 33 Steaks
824 1726 207 33 commanda
1054 1737 88 29 pour
1166 1726 48 33 lui
1237 1738 45 20 un
1306 1724 155 41 highball
1485 1729 43 35 et,
1552 1735 89 29 pour
1666 1723 129 40 Penny,
1819 1734 66 22 une
1908 1722 106 41 petite

537 1773 135 39 liqueur
701 1773 118 32 douce.

597 1849 42 4 —
666 1829 41 39 Je
737 1829 72 32 suis
839 1840 44 21 un
913 1829 140 32 homme
1083 1828 203 38 ambitieux,
1318 1827 199 33 avoua-t-il.
1548 1826 72 33 Des
1650 1825 198 40 ambitions,
1880 1825 22 32 il
1935 1825 79 32 faut

535 1886 40 22 en
599 1875 108 38 avoir,
733 1880 196 27 autrement
953 1885 44 21 on
1022 1874 136 40 piétine,
1183 1874 143 32 n'est-ce
1351 1884 61 28 pas
1445 1872 13 33 ?

595 1950 44 4 —
661 1930 79 40 Oui,
765 1931 50 32 dit
839 1930 118 39 Penny
981 1929 20 33 à
1022 1930 58 40 qui
1104 1930 50 32 M.
1181 1929 124 33 Steaks
1330 1929 138 40 plaisait
1490 1929 43 33 de
1558 1928 113 33 moins
1695 1939 41 22 en
1761 1927 113 33 moins
1897 1939 7 27 ;
1930 1926 84 34 c'est

537 1982 75 27 tout
639 1975 20 33 à
688 1976 66 33 fait
782 1987 82 21 mon
891 1976 84 32 avis.

600 2033 19 21 «
649 2021 36 33 Si
712 2022 104 39 Mary
841 2021 85 33 était
952 2021 190 33 seulement
1168 2020 33 33 là
1236 2021 5 32 !
1271 2032 19 20 »
1319 2020 218 40 pensait-elle
1561 2018 21 33 à
1607 2025 78 34 part
1712 2019 61 33 soi.

577 2097 43 5 —
653 2078 238 39 Voyez-vous,
927 2078 163 32 continua
1127 2077 48 32 M.
1213 2076 126 34 Steaks
1376 2088 41 22 en
1452 2077 124 39 jouant
1611 2087 84 22 avec
1730 2087 46 20 un
1812 2074 203 34 cure-dents

534 2134 84 21 avec
649 2123 111 39 lequel
792 2122 21 32 il
847 2122 154 33 triturait
1033 2133 54 22 ses
1118 2122 145 32 vilaines
1295 2122 109 39 dents,
1437 2121 34 39 je
1503 2119 148 42 possède
1683 2132 65 21 une
1780 2120 105 40 petite
1916 2119 96 33 blan-

533 2168 165 33 chisserie
722 2173 36 27 et
782 2167 148 40 j'espère
954 2168 105 39 qu'un
1086 2167 81 39 jour
1193 2167 67 33 elle
1287 2167 150 40 prendra
1464 2166 42 33 de
1534 2167 216 32 l'extension.
1779 2166 233 32 Aimez-vous

532 2214 94 32 aussi
651 2213 32 33 la
706 2224 199 29 campagne,
931 2214 83 31 miss
1041 2212 113 33 Smith
1187 2212 13 33 ?
1226 2213 97 32 Pour
1346 2213 81 38 moi,
1454 2212 21 32 il
1499 2212 87 32 n'est
1611 2212 72 32 rien
1709 2211 42 33 de
1775 2212 77 39 plus
1877 2211 135 39 magni-

532 2259 90 39 fique
645 2270 67 28 que
736 2259 31 32 la
790 2269 199 29 campagne.
1014 2258 52 32 En
1090 2258 90 39 ville,
1205 2258 43 32 où
1274 2258 22 31 il
1319 2258 55 39 n'y
1397 2269 20 21 a
1441 2268 60 29 pas
1526 2257 166 39 d'arbres,
1716 2268 45 21 on
1785 2268 36 22 se
1844 2267 168 22 consume

532 2305 44 32 du
600 2304 93 33 désir
716 2305 41 32 de
781 2305 31 31 la
835 2310 131 27 nature.
993 2303 35 33 Si
1051 2315 89 21 nous
1162 2314 89 22 nous
1273 2314 232 29 comprenons
1528 2303 174 32 vraiment
1724 2302 88 40 bien,
1836 2302 176 40 peut-être

531 2350 294 39 pourrions-nous
852 2361 45 21 un
924 2349 82 40 jour
1034 2349 186 33 découvrir
1247 2360 45 22 un
1319 2348 86 40 petit
1431 2349 78 32 coin
1536 2348 45 33 où
1608 2359 89 22 nous
1724 2359 89 22 nous
1840 2347 171 33 bâtirions

532 2407 65 21 une
623 2395 239 40 maisonnette,
887 2395 145 32 n'est-ce
1057 2405 62 29 pas
1152 2394 14 34 ?

592 2471 42 4 —
662 2451 190 40 Peut-être,
883 2451 145 41 répartit
1057 2451 129 39 Penny.

593 2508 76 33 Elle
697 2520 41 21 ne
766 2508 30 33 le
824 2508 91 33 revit
941 2508 77 40 plus
1046 2506 102 41 après
1176 2512 89 28 cette
1295 2507 120 33 soirée.

772 2599 200 33 D'AUTRES
995 2599 205 32 LETTRES...
1224 2599 200 32 D'AUTRES
1448 2599 303 32 SOUPIRANTS...

592 2666 164 33 D'autres
792 2666 120 33 lettres
948 2665 205 40 arrivèrent,
1191 2666 60 33 des
1287 2666 179 40 portraits.
1504 2666 120 39 Penny
1658 2677 43 22 ne
1738 2665 162 41 répondit
1936 2676 71 30 pas.

528 2711 95 40 Puis,
645 2723 45 21 un
710 2711 93 40 jour,
824 2724 45 20 un
889 2723 125 29 groom
1036 2717 147 35 apporta
1204 2724 45 20 un
1272 2712 226 40 télégramme
1530 2724 5 20 :
1559 2724 47 20 un
1625 2711 139 33 nommé
1787 2712 68 32 Bill
1878 2711 131 33 Dickes

529 2757 177 33 sollicitait
739 2769 45 21 un
819 2758 242 32 rendez-vous.
1096 2758 69 32 Bill
1199 2757 160 33 Dickes...
1406 2757 84 34 Cela
1525 2758 136 32 sonnait
1706 2757 113 40 jeune,
1863 2757 144 39 joyeux,

526 2803 117 40 gentil.
672 2814 18 21 «
718 2802 134 34 Toutes
878 2803 48 33 les
951 2802 130 34 bonnes
1107 2803 124 33 choses
1255 2809 86 26 vont
1365 2814 62 29 par
1453 2803 97 40 trois,
1577 2815 36 21 se
1638 2803 52 33 dit
1714 2803 129 40 Penny.
1869 2803 42 40 Je
1938 2803 70 33 fais

528 2860 45 21 un
597 2848 138 33 dernier
759 2849 90 32 essai
884 2849 5 32 !
918 2859 19 22 »

588 2905 77 33 Elle
688 2905 57 33 fut
766 2905 253 33 affreusement
1041 2905 116 41 déçue.
1182 2905 66 33 Bill
1272 2906 128 32 Dickes
1423 2906 94 32 avait
1538 2906 145 32 environ
1706 2905 184 40 cinquante
1911 2916 63 22 ans
1999 2916 6 21 :

511 2950 37 33 .il
578 2962 41 21 ne
647 2950 145 33 donnait
821 2962 60 29 pas
911 2951 45 32 du
988 2956 76 27 tout
1093 2951 231 40 l'impression
1355 2951 80 33 d'un
1464 2951 141 33 homme
1636 2951 142 40 capable
1808 2951 198 39 d'envoyer,

525 3007 43 21 au
591 2996 138 39 hasard,
752 2996 61 33 des
835 2996 245 40 télégrammes
1103 2996 179 40 impulsifs
1304 2997 85 32 dans
1412 2997 31 33 le
1463 2996 62 33 but
1547 2997 42 33 de
1613 3003 203 27 rencontrer
1838 2997 43 33 de
1903 2997 104 39 jolies

527 3041 88 33 filles
647 3052 84 22 avec
761 3053 45 21 un
839 3042 84 40 petit
955 3042 109 32 avoir.
1099 3042 67 32 Bill
1201 3042 128 33 Dickes
1361 3042 120 33 n'était
1513 3053 61 29 pas
1607 3054 68 21 non
1710 3043 77 40 plus
1821 3055 45 20 un
1900 3043 107 33 New-

525 3086 163 34 Yorkais.
717 3087 52 32 En
794 3087 120 40 vérité,
942 3087 21 32 il
991 3099 35 21 se
1053 3087 156 33 trouvait
1233 3099 89 28 pour
1349 3088 32 32 la
1407 3087 172 41 première
1607 3088 71 33 fois
1705 3089 43 33 de
1775 3100 37 21 sa
1838 3089 55 32 vie
1920 3089 87 32 dans

524 3132 33 32 la
577 3132 131 40 grande
728 3133 81 32 ville
831 3133 42 32 de
895 3144 63 21 son
978 3144 84 29 pays
1082 3133 94 32 natal
1197 3139 35 27 et
1253 3133 144 40 voulait,
1419 3134 278 40 naturellement,
1719 3134 78 33 voir
1820 3139 116 28 toutes
1958 3135 50 32 les

523 3178 185 33 curiosités
729 3178 42 33 de
791 3179 32 32 la
842 3178 132 40 grande
992 3179 93 33 ville.
1106 3178 47 34 Ce
1175 3179 56 33 fut
1251 3191 65 21 une
1337 3179 147 40 journée
1504 3179 181 41 fatigante,
1707 3191 60 21 car
1789 3180 65 32 Bill
1877 3180 129 33 Dickes

525 3235 42 21 ne
601 3223 136 40 perdait
771 3235 61 29 pas
867 3235 65 22 une
966 3225 163 32 occasion
1164 3225 42 33 de
1242 3236 35 21 se
1315 3225 90 33 faire
1439 3225 122 33 valoir.
1599 3225 56 33 Au
1691 3225 129 40 musée,
1857 3226 22 31 il
1914 3226 93 33 étala

525 3269 127 33 devant
687 3269 119 40 Penny
842 3281 63 21 son
940 3268 176 35 caractère
1152 3270 151 40 sérieux,
1340 3281 38 22 sa
1413 3270 290 41 compréhension
1739 3271 42 33 de
1818 3271 88 40 l'art,
1943 3283 64 21 son

526 3326 124 21 amour
681 3314 42 34 de
754 3316 31 31 la
816 3314 131 41 beauté,
980 3326 63 22 son
1071 3315 169 34 attirance
1271 3327 89 29 pour
1392 3317 32 32 la
1455 3316 141 34 science.
1629 3317 33 32 A
1693 3317 219 39 l'aquarium,
1944 3328 63 29 par

525 3366 129 33 contre,
680 3360 21 32 il
726 3360 47 33 lui
799 3360 183 33 démontra
1005 3372 66 28 que
1096 3362 30 32 le
1151 3361 76 40 plus
1251 3362 87 39 petit
1362 3362 73 33 être
1458 3373 42 22 ne
1524 3362 48 33 lui
1596 3362 85 33 était
1706 3374 61 29 pas
1792 3363 214 40 indifférent,

523 3405 82 40 qu'il
631 3405 84 33 était
740 3406 77 40 prêt
842 3405 19 33 à
886 3406 178 33 l'admirer
1089 3412 34 28 et
1149 3406 20 33 à
1194 3407 142 33 l'aimer.
1366 3406 125 34 C'était
1516 3408 250 33 certainement
1792 3420 45 21 un
1863 3408 143 34 homme

525 3451 42 33 de
593 3462 104 22 coeur.
726 3451 56 33 Au
811 3457 129 34 retour,
970 3451 113 33 tandis
1108 3452 103 40 qu'ils
1238 3453 198 40 longeaient
1463 3453 31 33 le
1520 3459 90 34 port,
1640 3454 22 32 il
1692 3454 156 33 informa
1877 3454 128 39 Penny,

524 3496 127 33 devant
683 3497 49 32 les
763 3497 130 40 grands
926 3498 105 33 liners
1062 3497 43 34 de
1138 3498 140 40 l'océan,
1311 3510 43 21 au
1389 3510 102 29 repos
1524 3499 86 33 dans
1644 3500 93 32 leurs
1769 3500 120 40 docks,
1922 3501 83 39 qu'il

523 3542 129 33 n'avait
682 3553 61 30 pas
774 3543 132 40 l'esprit
937 3543 183 33 unilatéral
1151 3549 35 28 et
1215 3555 67 29 que
1313 3544 50 33 les
1394 3555 153 30 voyages
1579 3545 204 33 l'attiraient
1813 3545 192 41 beaucoup.

525 3588 97 33 Dans
655 3588 49 33 les
739 3600 79 21 rues
851 3588 196 41 profondes
1081 3589 42 33 de
1155 3589 216 40 Wallstreet,
1407 3590 207 33 semblables
1647 3590 22 33 à
1701 3591 62 33 des
1798 3592 149 40 ravines,
1983 3592 23 32 il

523 3633 136 33 admira
681 3634 32 32 la
736 3634 238 33 construction
997 3634 134 40 géniale
1155 3635 60 33 des
1239 3636 198 39 gratte-ciel
1460 3642 34 27 et
1517 3636 177 40 témoigna
1715 3637 83 39 qu'il
1823 3637 58 33 eût
1903 3638 102 39 aimé,

524 3679 119 33 mieux
669 3684 59 35 que
728 3684 119 35 _tout,
877 3679 90 34 faire
995 3692 44 21 un
1067 3681 85 39 petit
1178 3682 56 31 vol
1261 3693 43 21 en
1331 3682 114 39 avion,
1473 3693 89 29 pour
1589 3683 202 33 considérer
1819 3684 31 32 le
1876 3684 129 32 monde

524 3724 75 33 d'en
627 3724 93 33 haut.
748 3724 102 33 Enfin
877 3725 41 33 ils
945 3724 146 34 allèrent
1117 3725 86 34 dans
1230 3738 46 21 un
1300 3727 138 33 cinéma
1459 3739 7 28 ;
1495 3726 42 41 là,
1565 3727 120 40 Penny
1712 3734 63 34 put
1800 3728 96 40 jouir
1924 3729 81 33 d'un

523 3780 63 29 peu
613 3769 41 34 de
679 3770 90 40 paix.
798 3770 76 33 Elle
898 3782 41 22 ne
965 3782 186 29 remarqua
1176 3782 61 30 pas
1261 3784 77 28 que,
1365 3773 85 33 dans
1476 3773 211 41 l'obscurité,
1714 3774 22 32 il
1762 3775 124 33 tentait
1912 3775 92 32 timi-

524 3815 139 33 dement
691 3816 42 32 de
763 3815 46 33 lui
839 3816 149 40 prendre
1018 3817 33 32 la
1078 3817 103 34 main.

587 3872 84 33 Puis
704 3872 41 33 ils
777 3871 146 35 allèrent
955 3873 108 40 dîner,
1096 3873 86 34 dans
1215 3886 45 21 un
1292 3880 199 28 restaurant
1524 3876 174 33 allemand
1731 3882 90 28 cette
1855 3877 81 40 fois,
1969 3883 35 28 et

521 3917 67 32 Bill
612 3916 128 35 Dickes
763 3917 139 34 déclara
923 3918 21 33 à
966 3919 129 39 Penny,
1119 3925 76 27 tout
1216 3919 21 33 à
1259 3920 67 33 fait
1349 3921 245 33 incidemment
1617 3927 34 28 et
1673 3922 86 33 dans
1781 3934 67 22 une
1870 3935 133 28 vapeur

519 3962 245 34 odoriférante
787 3963 174 41 d'oignon,
983 3965 124 39 qu'elle
1131 3965 183 40 répondait
1333 3972 224 28 exactement
1579 3966 21 34 à
1623 3968 138 40 l'image
1786 3968 111 34 idéale
1919 3969 83 40 qu'il

522 4019 35 22 se
583 4008 120 33 faisait
727 4008 100 34 d'une
852 4009 139 34 femme.
1018 4010 97 33 Pour
1139 4011 88 40 finir,
1254 4011 21 33 il
1301 4012 33 32 la
1357 4012 184 40 conduisit,
1567 4024 59 21 car
1651 4013 148 41 l'argent
1820 4026 43 21 ne
1888 4014 116 40 jouait

521 4064 112 22 aucun
660 4053 82 40 rôle,
770 4054 85 33 dans
883 4066 44 21 un
954 4055 140 34 cabaret
1119 4056 138 40 élégant
1283 4057 45 33 où
1357 4057 21 32 il
1407 4058 38 32 fit
1471 4059 33 32 la
1530 4058 151 41 dépense
1708 4060 101 33 d'une
1835 4060 168 33 bouteille

521 4099 42 33 de
588 4099 224 41 Champagne.
839 4099 93 34 Cest
957 4099 33 34 là
1016 4102 192 32 seulement
1231 4102 83 39 qu'il
1341 4102 101 34 tâcha
1467 4104 42 32 de
1534 4105 128 38 savoir,
1688 4105 71 32 afin
1783 4106 42 33 de
1852 4106 150 39 pouvoir

520 4144 123 33 établir
670 4146 166 39 quelques
864 4146 138 40 calculs,
1032 4146 20 33 à
1079 4146 159 34 combien
1266 4159 35 22 se
1329 4149 149 32 montait
1507 4150 32 32 la
1569 4150 144 34 fortune
1741 4150 43 34 de
1812 4151 130 40 Penny,
1973 4152 28 33 si

519 4190 65 33 elle
610 4190 94 33 avait
730 4191 60 32 des
816 4197 150 34 parents,
991 4191 22 33 à
1037 4193 78 39 quel
1145 4204 86 29 rang
1259 4194 105 32 social
1392 4195 65 32 elle
1483 4196 220 39 appartenait
1724 4208 8 28 ;
1761 4197 22 32 il
1811 4198 47 32 lui
1885 4209 116 22 avoua

518 4235 91 33 enfin
636 4236 82 39 qu'il
747 4236 86 33 était
861 4236 216 35 bookmaker
1107 4237 20 33 à
1156 4239 33 32 la
1218 4239 354 35 Nouvelle-Orléans.

582 4292 51 33 La
673 4293 160 40 musique
874 4293 86 40 joua
1000 4306 46 21 un
1088 4300 115 35 tango.
1251 4295 119 40 Penny
1411 4297 61 33 eût
1513 4298 194 34 volontiers
1750 4299 117 39 dansé,
1911 4300 89 33 mais

518 4337 49 33 M.
594 4338 128 33 Dickes
744 4350 43 22 ne
811 4339 137 33 dansait
972 4351 70 29 pas.
1066 4341 143 39 Jamais.
1237 4341 28 33 Il
1290 4342 85 33 était
1398 4355 46 20 un
1468 4354 66 27 peu
1558 4344 247 39 asthmatique,
1831 4356 62 28 pas
1917 4345 83 39 très,

519 4383 190 33 seulement
738 4395 45 22 un
811 4396 75 29 peu.
917 4384 120 41 Penny
1065 4397 130 29 poussa
1224 4399 46 21 un
1300 4388 120 39 soupir
1449 4394 34 28 et
1511 4388 63 34 but
1602 4401 62 22 son
1695 4390 216 40 champagne
1940 4392 59 38 qui

515 4429 50 32 lui
590 4434 103 34 parut
716 4440 78 22 sans
818 4430 95 40 goût.

580 4531 49 41 (i)
656 4531 136 42 Village
819 4544 11 22 :
855 4532 108 34 vieux
984 4534 158 40 quartier
1162 4534 44 34 de
1226 4535 222 34 New-York.

2192 896 80 30 Non
2298 895 69 31 loin
2392 894 108 39 d'elle,
2525 893 20 32 à
2569 905 65 21 une
2658 900 100 26 autre
2784 893 100 38 table,
2907 893 86 32 était
3014 893 92 32 assis
3130 905 48 20 un
3200 892 104 39 jeune
3328 892 141 31 homme
3495 891 113 32 blond.

2129 940 27 32 Il
2185 940 131 40 portait
2343 939 119 33 l'habit
2489 950 85 21 avec
2601 951 43 20 un
2673 939 107 32 oeillet
2810 950 110 28 rouge
2947 938 19 32 à
2994 939 32 32 la
3052 937 231 34 boutonnière
3310 944 35 26 et
3374 938 20 31 il
3424 937 187 40 paraissait

2126 986 57 39 gai
2209 991 34 27 et
2269 985 142 39 joyeux.
2438 985 184 32 Peut-être
2649 984 259 39 remarqua-t-il
2935 995 66 28 que
3030 984 117 38 Penny
3175 983 100 32 fixait
3301 995 46 20 un
3371 983 59 32 œil
3457 983 153 39 languis-

2129 1036 76 27 sant
2238 1041 59 22 sur
2329 1031 30 32 le
2391 1035 148 35 parquet
2567 1029 82 40 ciré,
2681 1041 59 21 sur
2773 1030 214 38 l'orchestre,
3021 1029 140 33 sur'les
3194 1029 142 39 couples
3369 1033 241 34 tournoyants,

2127 1086 58 22 car
2215 1076 21 32 il
2266 1087 35 21 se
2330 1076 77 32 leva
2436 1075 147 33 soudain
2612 1086 89 29 pour
2730 1075 98 32 venir
2857 1074 140 40 jusqu'à
3023 1075 73 32 elle.
3127 1073 115 41 Après
3272 1086 45 20 un
3346 1074 95 39 léger
3471 1075 91 31 salut
3591 1073 21 32 à

2127 1121 165 32 l'adresse
2315 1121 41 32 de
2380 1120 49 33 M.
2453 1121 139 38 Dickes,
2616 1121 21 31 il
2661 1121 155 32 s'inclina
2839 1121 127 32 devant
2990 1120 127 39 Penny.
3143 1119 145 33 Celle-ci
3312 1119 111 33 hésita
3445 1120 30 32 le
3499 1125 112 33 temps

2128 1166 81 32 d'un
2241 1166 192 33 battement
2464 1166 42 32 de
2537 1177 126 21 cœur...
2697 1166 77 33 Une
2808 1166 71 32 fois
2912 1165 140 39 debout,
3096 1165 65 32 elle
3194 1176 86 28 posa
3323 1176 61 21 son
3428 1164 80 33 bras
3552 1176 59 20 sur

2127 1211 145 40 l'épaule
2297 1211 42 33 de
2364 1211 195 40 l'étranger,
2585 1211 63 32 mit
2673 1222 37 21 sa
2734 1211 93 32 main
2853 1211 86 32 dans
2964 1211 33 32 la
3022 1211 125 32 sienne.
3175 1210 45 32 Et
3244 1210 77 40 puis
3348 1210 40 32 ils
3414 1209 197 39 dansèrent,

2127 1262 32 27 et
2190 1257 31 32 le
2252 1257 77 39 plus
2360 1256 147 33 curieux
2539 1256 85 33 était
2654 1256 102 40 qu'ils
2788 1256 182 33 dansaient
3002 1267 79 21 sans
3114 1256 125 39 parler,
3272 1254 223 34 abandonnés
3528 1255 19 32 à
3578 1256 33 31 la

2126 1302 169 39 musique,
2321 1301 223 33 abandonnés
2571 1302 69 32 l'un
2667 1300 20 34 à
2711 1302 132 32 l'autre.
2873 1301 189 40 Beaucoup
3088 1301 49 32 les
3165 1301 173 32 suivaient
3364 1300 61 33 des
3451 1312 93 28 yeux
3569 1312 42 21 en

2128 1347 168 39 souriant,
2326 1358 59 21 car
2415 1347 41 32 ils
2484 1347 130 32 étaient
2642 1347 28 32 si
2700 1346 167 33 absorbés
2895 1346 104 40 qu'on
3030 1346 49 33 les
3108 1346 60 33 eût
3197 1346 51 32 dit
3278 1346 92 33 seuls
3399 1357 43 22 au
3472 1345 185 33 monde.

2128 1393 66 32 Bill
2223 1392 130 33 Dickes
2381 1404 34 21 se
2443 1392 149 33 remuait
2619 1403 59 21 sur
2706 1403 37 21 sa
2768 1392 117 33 chaise
2913 1392 80 32 d'un
3020 1392 52 32 air
3097 1391 96 40 gêné.
3221 1391 84 33 Cela
3329 1403 42 21 ne
3398 1392 47 32 lui
3472 1391 140 40 plaisait

2126 1436 107 41 guère
2270 1449 5 20 :
2306 1438 21 31 il
2354 1438 95 32 avait
2474 1438 66 32 mis
2568 1449 44 21 un
2639 1448 84 29 gros
2750 1442 126 35 apport
2903 1437 158 39 d'argent
3089 1448 59 21 sur
3176 1442 88 27 cette
3290 1436 148 40 journée
3461 1449 6 26 ;
3497 1437 115 32 c'était

2127 1494 65 21 une
2221 1489 94 27 sorte
2344 1483 42 32 de
2414 1484 194 39 placement
2636 1483 164 39 d'avenir,
2827 1488 36 28 et
2890 1482 91 33 voici
3009 1494 67 28 que
3106 1483 30 32 le
3164 1482 126 40 capital
3320 1482 125 33 investi
3473 1482 139 33 dansait

2126 1539 84 22 avec
2238 1540 44 21 un
2311 1533 100 28 autre
2440 1528 171 33 homme...

2190 1585 32 32 A
2248 1590 54 27 cet
2329 1585 128 32 instant
2484 1585 121 38 même,
2633 1584 186 40 l'étranger
2846 1585 51 32 dit
2921 1584 21 32 à
2968 1584 121 39 Penny
3125 1595 6 21 :

2187 1661 43 3 —
2256 1641 42 39 Je
2324 1641 172 33 m'ennuie
2524 1641 259 33 mortellement
2811 1652 85 22 avec
2924 1652 74 22 mes
3027 1637 135 36 invités.

2189 1697 120 39 Penny
2333 1698 151 39 comprit
2510 1697 305 33 immédiatement.
2844 1697 77 33 Elle
2946 1699 31 31 le
3003 1697 160 40 regarda,
3190 1697 77 40 puis
3294 1697 122 40 sourit,
3441 1697 51 33 les
3517 1708 94 28 yeux

2127 1743 141 32 fermés.
2295 1743 95 33 Tout
2415 1754 63 22 son
2501 1743 121 40 visage
2647 1743 149 32 souriait
2830 1754 6 21 :

2187 1819 43 3 —
2256 1799 76 32 Moi
2360 1799 105 39 aussi,
2495 1799 145 40 dit-elle,
2667 1798 35 41 je
2730 1799 171 33 m'ennuie
2929 1798 304 40 effroyablement.

2191 1855 88 34 Sans
2307 1867 66 21 une
2400 1861 100 28 autre
2528 1856 129 40 parole,
2688 1857 30 32 le
2745 1855 107 34 blond
2879 1856 105 40 jeune
3013 1856 141 33 homme
3181 1856 184 33 l'entraîna
3393 1868 42 21 en
3463 1856 149 33 dansant

2124 1913 81 21 vers
2229 1902 32 32 la
2285 1907 99 34 porte
2417 1913 6 21 :

2186 1978 42 4 —
2256 1958 261 33 Partons-nous
2554 1958 13 32 ?
2597 1958 258 33 demanda-t-il.

2191 2004 94 32 Mais
2310 2015 38 21 ce
2372 2003 118 33 n'était
2515 2004 125 39 qu'une
2668 2003 189 33 formalité.
2886 2004 48 32 Ils
2960 2004 172 40 partirent
3156 2003 159 34 aussitôt.
3343 2003 147 34 Comme
3516 2004 95 33 deux

2124 2049 147 33 écoliers
2300 2048 180 41 espiègles,
2511 2049 41 33 ils
2581 2049 208 33 s'enfuirent
2818 2049 47 32 du
2895 2049 61 32 bar
2986 2049 105 33 chic...
3122 2049 140 40 dehors,
3302 2048 20 34 à
3360 2050 76 32 l'air
3476 2049 88 33 libre
3603 2049 6 33 !

2578 2151 20 20 «
2623 2140 54 32 CE
2704 2140 115 32 N'EST
2844 2140 78 32 PAS
2949 2141 34 30 SI
3011 2141 89 30 MAL
3124 2151 21 20 »

2188 2208 84 33 Cela
2297 2220 203 28 commença
2525 2208 87 33 ainsi
2637 2228 42 4 —
2703 2214 34 27 et
2762 2209 73 32 cela
2861 2208 174 33 continua.
3061 2208 48 33 Le
3136 2208 103 39 jeune
3264 2208 141 33 homme
3431 2208 181 40 s'appelait

2124 2253 147 34 Charles
2302 2253 146 34 Colman
2477 2259 35 28 et
2540 2254 85 32 était
2651 2254 161 40 employé
2841 2265 43 21 au
2916 2265 107 28 rayon
3055 2254 42 33 de
3127 2260 177 27 costumes
3334 2265 89 29 pour
3452 2254 160 32 hommes

2123 2299 61 33 des
2216 2300 178 39 magasins
2426 2300 209 39 Longsdale.
2670 2299 120 40 Penny
2824 2299 46 33 rit
2900 2300 157 39 lorsqu'il
3091 2300 31 32 le
3155 2300 48 32 lui
3237 2300 59 32 dit.
3329 2300 200 40 Longsdale
3572 2300 38 32 !...

2123 2345 95 33 Mais
2250 2346 66 32 elle
2350 2357 42 21 ne
2426 2345 139 33 dévoila
2599 2356 61 29 pas
2696 2357 63 21 son
2794 2351 120 27 secret.
2951 2345 76 33 Elle
3061 2345 84 33 était
3180 2357 66 21 une
3281 2346 107 39 petite
3424 2345 187 33 secrétaire

2122 2391 245 33 actuellement
2393 2402 41 22 en
2461 2391 180 40 chômage.
2671 2390 83 34 Cela
2781 2403 41 21 en
2851 2396 93 27 resta
2970 2390 41 33 là.
3042 2391 105 33 Baste
3184 2392 6 32 !

2184 2467 42 4 —
2251 2448 182 39 Pourquoi
2460 2448 179 33 riez-vous
2673 2448 13 32 ?
2714 2448 174 33 demanda
2916 2447 156 34 Charles.
3101 2447 47 34 Ce
3174 2448 89 33 n'est
3288 2459 62 29 pas
3377 2447 83 41 déjà
3486 2448 28 33 si
3540 2448 70 32 mal

2122 2493 109 33 d'être
2257 2493 82 33 chef
2367 2494 41 32 de
2436 2505 110 28 rayon
2571 2494 83 32 chez
2680 2493 209 40 Longsdale.

2184 2569 42 5 —
2251 2549 123 34 Certes
2399 2561 78 28 non,
2505 2550 39 32 fit
2569 2550 129 39 Penny.

2187 2607 47 32 Ils
2265 2618 36 21 se
2331 2607 115 32 virent
2476 2606 272 40 journellement
2780 2618 55 28 ou,
2866 2618 43 22 au
2942 2607 124 39 moins,
3099 2613 79 27 tous
3211 2607 48 33 les
3291 2607 94 33 deux
3417 2606 112 40 jours.
3563 2607 47 33 Ils

2121 2651 128 34 étaient
2283 2652 239 33 terriblement
2554 2652 159 33 heureux
2748 2653 68 32 l'un
2849 2664 84 21 avec
2967 2653 131 32 l'autre.
3111 2669 8 9 -
3135 2652 125 34 C'était
3291 2664 89 22 venu
3415 2658 78 28 tout
3527 2653 82 33 seul.

2122 2698 157 33 Souvent
2309 2699 42 31 ils
2381 2698 142 33 allaient
2554 2710 35 21 se
2619 2698 144 33 balader
2794 2697 19 33 à
2843 2699 34 32 la
2906 2709 201 29 campagne,
3138 2699 87 32 dans
3256 2699 33 32 la
3321 2698 153 34 roulotte
3503 2698 106 40 qu'un

2118 2744 69 33 ami
2210 2744 42 33 de
2277 2743 147 34 Charles
2448 2744 45 32 lui
2517 2744 95 33 avait
2635 2743 126 41 prêtée,
2787 2744 40 32 ils
2851 2755 35 21 se
2907 2743 200 41 baignaient
3130 2743 19 33 à
3173 2744 119 40 Coney
3315 2744 129 39 Island,
3468 2745 142 32 allaient

2120 2801 43 21 au
2191 2789 83 37 ciné,
2302 2789 191 35 dansaient,
2522 2789 133 38 riaient,
2680 2798 34 27 et
2740 2792 160 40 jouaient
2931 2803 71 21 aux
3029 2792 125 39 quilles
3181 2802 84 22 avec
3292 2791 60 32 des
3380 2790 97 33 amis.

2183 2847 119 39 Penny
2330 2847 152 32 l'aimait.
2512 2851 75 28 £.lle
2615 2847 145 32 l'aimait
2786 2846 181 41 beaucoup
2992 2853 45 33 et,
3065 2847 151 40 lorsque,
3244 2859 44 21 au
3317 2847 106 34 début
3450 2848 42 33 de
3521 2848 83 33 l'au-

2121 2898 125 32 tomne,
2276 2892 22 33 il
2328 2892 48 33 lui
2405 2891 174 34 demanda
2606 2903 38 22 ce
2673 2892 124 40 qu'elle
2827 2893 143 40 pensait,
3001 2904 41 22 en
3071 2893 164 40 principe,
3266 2893 46 33 du
3342 2893 167 41 mariage,
3539 2894 65 33 elle

2122 2938 159 40 répondit
2318 2949 6 21 :

2179 3014 42 4 —
2244 2994 57 33 Oh
2337 2995 6 32 !
2369 3006 41 21 en
2436 2994 165 41 principe,
2626 2994 34 40 je
2687 2994 110 34 serais
2824 3000 76 28 tout
2925 2993 19 34 à
2970 2994 66 33 fait
3061 2995 173 34 d'accord.

2605 3135 205 32 INCONNU
2838 3135 56 31 AU
2923 3135 148 31 RAYON
3102 3136 9 30 !

2184 3201 48 34 Ce
2258 3201 145 41 jour-là,
2431 3202 119 40 Penny
2578 3214 35 22 se
2642 3203 114 33 rendit
2783 3203 82 32 chez
2891 3203 211 40 Longsdale.
3131 3202 70 33 Pas
3229 3213 89 29 pour
3344 3202 79 32 voir
3450 3200 159 40 Charles,

2119 3248 74 33 cela
2218 3248 176 33 viendrait
2420 3254 78 27 tout
2521 3248 21 33 à
2569 3249 141 39 l'heure,
2737 3248 102 41 après
2865 3268 42 4 —
2932 3254 34 27 et
2993 3249 20 31 il
3041 3260 42 21 en
3111 3248 107 33 ferait
3245 3248 42 33 de
3313 3247 132 41 grands
3471 3259 93 27 yeux
3602 3247 6 32 !

2119 3292 77 34 Elle
2227 3305 35 22 se
2292 3294 38 32 fit
2360 3294 146 33 d'abord
2536 3305 175 22 annoncer
2740 3294 20 33 à
2789 3295 32 32 la
2851 3294 181 33 direction.
3063 3293 61 40 Là,
3154 3294 65 33 elle
3250 3294 157 32 informa
3436 3294 49 32 les
3515 3293 95 33 deux

2119 3338 194 34 directeurs
2347 3339 161 41 qu'après
2544 3340 100 33 avoir
2678 3340 198 33 mûrement
2912 3340 152 39 réfléchi,
3099 3340 66 33 elle
3200 3340 171 39 acceptait
3405 3340 77 32 leur
3517 3338 94 33 offre

2119 3385 186 40 primitive.
2336 3385 71 33 Dès
2436 3387 72 32 lors
2535 3397 67 28 que
2631 3386 32 32 la
2692 3386 100 33 firme
2821 3386 201 40 Longsdale
3051 3385 114 33 s'était
3192 3385 160 33 montrée
3380 3384 230 41 impuissante

2118 3430 20 33 à
2170 3431 143 40 remplir
2347 3432 47 32 les
2426 3443 200 28 promesses
2659 3431 195 33 annoncées
2886 3443 43 21 au
2962 3442 182 30 concours,
3179 3431 120 39 Penny
3331 3430 85 33 était
3447 3430 163 40 disposée

2117 3475 20 33 à
2157 3483 159 34 accepter
2340 3477 49 33 les
2411 3485 116 32 50.000
2547 3477 134 33 dollars
2700 3489 47 21 en
2767 3476 149 41 espèces.
2941 3477 77 33 Elle
3040 3477 104 40 avait,
3169 3477 188 39 d'ailleurs,
3380 3476 126 33 trouvé
3528 3476 82 33 elle-

2116 3522 115 34 même
2257 3523 31 32 le
2314 3522 104 40 jeune
2445 3524 141 32 homme
2610 3523 126 40 qu'elle
2762 3523 130 33 aimait.

2181 3579 68 33 Les
2284 3580 195 33 directeurs
2515 3591 35 22 se
2585 3579 219 34 déclarèrent
2839 3580 300 33 immédiatement
3172 3579 164 33 d'accord
3359 3590 7 27 ;
3404 3578 42 33 ils
3479 3578 132 33 étaient

2117 3630 80 35 trop
2226 3626 159 32 heureux
2416 3625 135 33 d'avoir
2580 3626 91 32 enfin
2703 3625 146 34 terminé
2880 3631 90 28 cette
3000 3626 303 32 malencontreuse
3333 3625 148 33 histoire
3522 3625 5 31 !
3561 3624 49 32 Ils

2118 3671 46 32 lui
2195 3670 178 41 signèrent
2401 3672 90 32 donc
2520 3683 45 21 un
2594 3670 132 41 'chèque
2757 3677 77 27 tout
2862 3683 42 21 en
2934 3672 115 32 disant
3076 3671 82 40 qu'il
3188 3671 86 33 était
3304 3682 80 21 sans
3412 3671 60 32 nul
3503 3670 106 33 doute

2116 3716 201 41 préférable
2343 3717 127 40 qu'une
2497 3717 106 40 jeune
2630 3717 69 33 fille
2727 3729 37 21 se
2793 3717 143 33 trouvât
2961 3717 201 33 elle-même
3190 3728 47 22 un
3264 3717 98 32 mari.

2181 3774 121 40 Penny
2334 3774 180 39 remercia,
2548 3786 97 21 serra
2676 3774 33 33 la
2740 3775 95 32 main
2864 3774 64 33 des
2960 3774 95 33 deux
3087 3774 200 39 messieurs,
3319 3774 64 32 mit
3415 3773 30 33 le
3477 3772 131 40 chèque

2117 3820 86 32 dans
2233 3831 63 21 son
2324 3831 58 22 sac
2409 3826 34 27 et
2472 3820 68 40 prit
2569 3820 211 33 l'ascenseur
2809 3831 89 29 pour
2928 3832 36 21 se
2995 3820 125 33 rendre
3149 3831 42 22 au
3224 3831 108 28 rayon
3361 3820 43 32 de
3432 3825 177 27 costumes

2116 3876 88 29 pour
2231 3865 170 34 hommes.
2431 3865 126 34 C'était
2584 3867 30 32 le
2642 3871 155 28 moment
2824 3866 43 33 de
2895 3867 33 32 la
2953 3866 134 40 grande
3115 3866 156 39 surprise
3299 3876 89 29 pour
3417 3864 146 34 Charles
3600 3864 6 32 !

2118 3911 47 33 Ils
2200 3911 196 33 n'auraient
2429 3912 77 40 plus
2541 3911 120 34 besoin
2697 3912 42 33 de
2774 3912 119 33 rouler
2927 3912 87 32 dans
3049 3923 68 21 une
3148 3912 139 32 voiture
3323 3911 207 40 d'emprunt,
3567 3910 41 32 ils

2114 3957 206 40 pourraient
2348 3957 170 33 s'acheter
2546 3958 32 32 la
2606 3958 86 40 leur,
2721 3969 67 21 une
2816 3958 117 39 petite,
2963 3957 199 33 d'occasion
3189 3957 280 39 naturellement,
3498 3967 58 22 car
3586 3955 22 32 il

2117 4003 116 33 fallait
2258 4003 74 33 être
2358 4003 199 33 économe...

2180 4060 94 33 Mais
2302 4060 45 33 où
2377 4060 85 33 était
2491 4060 90 33 donc
2609 4060 146 33 Charles
2786 4059 148 34 Colman
2971 4060 13 32 ?
3015 4059 188 34 Sûrement
3231 4071 61 29 pas
3323 4059 86 33 dans
3437 4059 32 33 le
3499 4069 109 29 rayon

2114 4105 42 34 de
2183 4106 203 32 confection
2413 4117 90 34 pour
2530 4106 170 32 hommes.
2729 4105 121 36 Penny
2877 4111 130 30 monta,
3036 4105 181 33 descendit
3244 4105 61 33 des
3332 4105 176 39 escaliers,
3535 4110 72 27 tra-

2113 4162 104 22 versa
2242 4157 77 27 tout
2342 4151 31 33 le
2398 4151 169 41 magasin.
2592 4151 57 33 On
2674 4151 158 33 secouait
2853 4151 261 40 négativement
3138 4152 33 32 la
3196 4151 79 39 tête,
3300 4163 44 21 on
3368 4152 33 31 la
3426 4150 183 39 renvoyait

2114 4197 154 39 ailleurs,
2303 4208 58 22 car
2395 4197 116 33 c'était
2545 4197 133 33 l'heure
2712 4196 213 34 d'affluence
2958 4202 34 28 et
3026 4197 64 33 elle
3125 4197 205 40 dérangeait
3363 4196 176 34 vendeurs
3573 4201 35 27 et

2112 4242 204 34 vendeuses.
2351 4242 111 40 Enfin,
2493 4243 67 33 elle
2589 4248 61 28 eut
2681 4242 198 34 l'heureuse
2912 4242 75 34 idée
3020 4243 42 33 de
3094 4254 35 22 se
3162 4242 202 41 renseigner
3395 4254 44 21 au
3474 4241 133 34 service

2113 4288 46 33 du
2186 4289 195 39 personnel.
2892 4319 15 13 '\

2179 4345 148 33 Charles
2356 4345 147 33 Colman
2540 4345 13 33 ?

2177 4402 93 39 Non,
2303 4402 22 32 il
2355 4402 121 33 n'était
2507 4413 62 29 pas
2601 4413 60 22 sur
2694 4402 49 34 les
2777 4402 176 40 registres.
2998 4402 181 33 Personne
3221 4413 41 22 ne
3307 4402 32 33 le
3382 4401 223 33 connaissait.

2113 4447 109 34 Halte
2267 4448 5 32 !
2308 4448 225 40 cependant...
2569 4448 52 33 La
2656 4448 108 40 petite
2810 4448 206 33 demoiselle
3063 4447 116 34 Smith
3226 4448 128 40 parlait
3399 4447 207 41 peut-être...

2112 4493 94 33 Mais
2228 4505 79 26 non,
2330 4505 38 22 ce
2389 4493 118 33 n'était
2530 4505 61 26 pas
2615 4493 162 38 possible,
2802 4494 21 32 il
2846 4506 43 21 ne
2912 4494 145 37 pouvait
3080 4494 106 37 s'agir
3209 4494 42 33 de
3275 4493 148 34 Charles
3446 4493 159 38 Colman,

2111 4539 32 34 le
2167 4539 277 41 copropriétaire
2469 4540 42 33 de
2538 4541 33 31 la
2595 4539 135 41 grande
2755 4540 99 33 firme
2880 4540 200 40 Longsdale
3114 4539 14 33 ?
