7618 5004
2430 2045 410 422 le
2840 2045 1094 422 Coffret
3934 2045 1370 422 d'Ecaille

2518 2559 255 35 GRAND
2877 2559 266 36 ROMAN
3244 2561 516 37 D'AVENTURES
3874 2574 273 53 INÉDIT,
4253 2586 126 34 PAR
4485 2586 53 35 JEAN
4538 2586 128 35 D'AGRAIVES

729 964 150 31 RESUME
908 963 66 31 DES
1004 962 209 31 CHAPITRES
1244 961 238 32 PRECEDENTS

574 1032 47 31 Au
645 1036 98 34 temps
766 1032 41 30 de
829 1031 85 30 Louis
937 1030 56 34 X/,
1018 1029 135 31 Clarisse
1177 1029 42 30 de
1241 1028 198 31 Saint-Senne
1461 1031 33 27 et
1516 1028 123 36 Hugues

573 1078 41 30 de
637 1077 161 31 Kerautret
819 1079 53 27 ont
894 1087 46 22 eu,
964 1076 20 29 à
1008 1075 9 29 1
1031 1075 41 30 île
1095 1075 42 30 de
1158 1074 122 33 France,
1303 1074 54 30 des
1380 1084 117 20 amours
1521 1076 118 27 contra-

574 1123 87 30 riées.
691 1121 64 31 Une
782 1121 146 30 tradition
955 1119 105 31 créole
1088 1122 70 28 veut
1184 1119 109 36 qu'une
1320 1117 197 31 Saint-Senne
1545 1121 31 27 et
1604 1129 35 18 un

574 1167 159 30 Kerautret
756 1177 31 20 se
812 1167 194 28 rencontrent
1028 1176 35 18 un
1088 1165 66 35 jour
1177 1167 33 27 et
1232 1164 183 38 s'épousent.
1440 1162 54 35 Or,
1519 1162 120 37 Gladys

573 1211 40 30 de
644 1210 197 31 Saint-Senne
871 1210 117 30 revient
1018 1220 57 19 aux
1105 1209 137 33 Pierrets,
1275 1208 31 30 la
1334 1208 161 39 propriété
1526 1207 40 31 où
1598 1210 42 27 vit

573 1266 35 20 sa
637 1258 94 31 tante,
761 1266 39 19 au
841 1257 132 28 moment
1011 1254 41 30 où
1092 1254 90 29 Alain
1224 1253 40 31 de
1305 1253 169 34 Kerautret,
1514 1251 126 32 officier

573 1301 40 31 de
648 1301 122 34 marine,
808 1303 51 31 est
888 1299 91 31 sauvé
1016 1298 39 30 du
1091 1298 150 38 naufrage
1277 1298 40 29 de
1352 1308 53 20 son
1441 1297 140 30 hvdravion
1581 1297 57 30 ...

924 1529 252 37 CHAPITRE
1217 1529 41 35 IV

561 1665 31 36 ,
592 1665 126 36 ...Les
751 1664 84 35 vins
869 1664 45 35 de
949 1663 157 41 France,
1139 1667 180 39 pourtant
1351 1661 211 35 nombreux
1596 1666 36 28 et
1951 1665 104 47 j&'k
2077 1683 15 21 t

563 1715 221 36 vénérables
817 1726 68 33 par
918 1714 81 35 leur
1031 1713 82 44 âge,
1146 1713 152 35 avaient
1330 1712 159 44 quelque
1523 1711 107 44 peine

564 1767 21 35 à
613 1766 168 36 éteindre
808 1767 93 33 dans
930 1765 33 35 le
990 1764 127 45 gosier
1145 1764 45 34 de
1220 1763 206 35 Kerautret
1455 1763 52 35 les
1538 1762 92 35 feux
1888 1779 13 23 f

564 1818 48 35 du
637 1828 113 33 curry
775 1816 219 41 mauricien,
1020 1816 92 34 dont
1137 1815 25 34 il
1188 1827 47 23 ne
1260 1814 123 35 s'était
1409 1825 67 32 pas
1501 1813 128 35 méfié.
1769 1826 83 31 UHF

611 1868 71 35 Les
704 1868 84 41 cinq
811 1867 165 35 services
996 1866 196 43 d'apparat
1210 1886 49 5 —
1279 1865 123 44 réglés
1424 1865 21 34 à
1466 1865 36 35 la
1523 1865 108 34 mode
1753 1866 81 43 ■Jm
1864 1879 10 6 ■
2091 1875 5 8 '

564 1920 182 35 ancienne
774 1939 50 5 —
852 1918 223 35 achevaient
1105 1918 45 34 de
1182 1916 174 36 dérouler
1387 1916 81 35 leur
1498 1926 134 30 pompe
1749 1927 69 26 Hk
1851 1946 5 11 ,
1952 1929 73 28 4^
2053 1908 27 48 C

564 1977 36 29 et
635 1970 100 35 leurs
771 1969 219 44 splendeurs
1025 1967 340 46 gastronomiques,
1401 1966 124 35 tandis
1561 1978 71 32 que
1748 1955 109 58 LT,
1890 1994 19 24 4

564 2021 36 36 la
630 2020 265 36 conversation
926 2019 178 45 générale
1136 2018 258 45 languissait...
1429 2017 150 36 factice.
1749 2008 152 66 ^4^-

520 2098 8 5 -
610 2071 181 42 William,
815 2070 283 45 probablement
1121 2070 146 44 jaloux,
1292 2068 142 36 n'avait
1458 2080 66 32 pas
1550 2069 82 34 des-
1768 2055 196 65 \||k\T""'*

563 2122 106 36 serré
686 2122 53 35 les
757 2123 119 34 dents.
896 2121 60 42 Et,
975 2121 33 35 le
1026 2121 122 44 grand
1167 2121 101 44 sujet
1287 2119 128 45 épuisé
1431 2140 49 5 —
1497 2119 34 35 le
1550 2119 82 35 cof-

563 2174 75 35 fret
669 2172 202 36 d'écaillé...
904 2172 195 45 Hugues...
1132 2171 166 36 Clarisse
1327 2192 49 4 —
1404 2170 225 42 l'entretien,

561 2224 189 35 redevenu
775 2223 122 43 banal,
922 2223 132 35 n'était
1077 2223 83 43 plus
1184 2222 113 45 qu'un
1323 2222 123 35 effort
1471 2221 87 45 poli,
1583 2222 46 34 de

564 2276 35 34 la
623 2281 85 38 part
733 2275 64 35 des
822 2281 128 29 autres
976 2274 189 35 convives.

609 2326 115 35 Aussi
750 2326 33 35 le
808 2326 207 34 lieutenant
1039 2325 46 35 de
1109 2324 175 35 vaisseau
1310 2323 246 45 éprouva-t-il
1580 2335 50 23 un

562 2377 269 44 soulagement,
864 2377 149 43 lorsque
1047 2376 92 35 Mlle
1171 2375 204 36 d'Erneval
1408 2375 51 35 lui
1492 2375 75 43 prit
1598 2374 33 35 le

563 2428 87 36 bras
671 2427 212 43 d'autorité,
904 2426 110 45 après
1035 2439 71 32 que
1126 2426 88 36 café
1234 2433 37 29 et
1291 2426 166 45 liqueurs
1480 2432 150 29 eussent

562 2491 94 33 paru
682 2491 87 24 sous
796 2479 35 36 la
862 2491 19 21 «
910 2478 152 45 Pagode
1090 2491 32 23 ».

615 2551 49 5 —
684 2530 58 35 De
764 2542 41 23 ce
827 2529 201 36 belvédère
1047 2541 46 23 en
1116 2529 153 37 rocaille
1290 2540 71 33 que
1383 2540 95 24 vous
1499 2540 130 32 voyez,

562 2581 312 42 minauda-t-elle,
901 2592 75 23 non
1004 2592 86 24 sans
1118 2592 72 23 une
1217 2580 187 35 intention
1431 2586 198 37 patente...,

562 2644 48 23 on
638 2632 188 35 découvre
855 2638 82 30 tout
966 2631 33 36 le
1027 2631 185 35 domaine.
1241 2631 36 35 A
1308 2637 96 29 cette
1433 2631 117 35 heure
1580 2630 49 35 du

562 2682 230 44 crépuscule,
813 2683 36 35 la
869 2694 73 23 vue
962 2694 22 32 y
1005 2683 176 34 demeure
1203 2682 273 35 merveilleuse.
1499 2682 107 34 Vous
1627 2680 139 44 plaît-il
1787 2692 70 32 que
1878 2680 40 44 je
1939 2690 95 24 vous

562 2733 131 36 enlève
715 2744 95 33 pour
832 2745 70 32 que
923 2745 95 23 nous
1041 2745 24 32 y
1086 2733 134 35 allions
1244 2740 83 29 tous
1351 2733 100 34 deux
1481 2732 50 35 ?...

612 2784 85 44 Que
725 2784 35 35 le
789 2784 65 35 but
882 2784 45 34 de
957 2790 96 29 cette
1083 2783 229 44 promenade
1342 2795 46 23 en
1418 2783 75 35 tête
1523 2782 23 35 à
1574 2782 76 35 tête
1682 2781 59 36 fût
1770 2793 51 23 un
1851 2781 185 44 prétexte,

562 2834 115 36 Alain
700 2835 78 35 s'en
802 2834 92 36 était
915 2834 87 36 bien
1025 2834 123 36 douté.

609 2885 55 35 La
687 2885 273 36 confirmation
982 2885 50 36 lui
1056 2897 47 24 en
1126 2885 80 35 vint
1228 2885 178 45 quelques
1429 2885 193 42 secondes,
1646 2883 22 36 à
1690 2883 120 44 peine,
1833 2883 83 43 plus
1940 2882 96 42 tard,

562 2936 90 36 sitôt
675 2948 72 33 que
773 2937 35 34 la
833 2936 125 36 vieille
985 2936 216 35 demoiselle
1227 2943 37 28 et
1289 2936 191 35 lui-même
1507 2947 39 24 se
1574 2935 149 35 fussent
1749 2933 166 45 engagés
1942 2934 94 34 dans

562 2988 33 34 le
619 2987 132 36 dédale
774 2988 50 35 du
848 2987 224 45 labyrinthe.

1048 3089 196 32 RENOUER
1291 3089 44 32 LE
1383 3088 146 32 DESTIN

608 3156 175 45 Puisque,
807 3157 110 44 après
942 3156 109 36 avoir
1074 3157 168 35 toussoté
1265 3157 187 44 plusieurs
1479 3156 86 42 fois,
1591 3166 143 25 comme
1758 3167 95 33 pour
1878 3167 40 23 se
1943 3155 90 35 don-

560 3219 67 24 ner
649 3208 49 35 du
721 3219 175 34 courage,
919 3208 145 35 celle-ci
1087 3219 217 34 commença
1329 3220 7 23 :

605 3279 49 5 —
680 3258 52 36 Ce
754 3270 71 33 que
847 3259 68 44 j'ai
940 3259 22 35 à
984 3270 94 24 vous
1102 3259 93 42 dire,
1219 3259 203 42 monsieur,
1446 3265 37 28 et
1505 3258 61 44 qui
1591 3266 56 28 est
1672 3258 78 35 fort
1774 3269 129 33 grave,
1928 3257 106 35 m'est

559 3310 94 42 avis,
675 3321 93 24 vous
790 3309 169 45 paraîtra
982 3309 187 45 peut-être
1191 3309 167 45 étrange,
1381 3310 45 35 de
1448 3309 120 45 prime
1589 3310 130 41 abord,
1741 3309 96 35 mais
1857 3329 49 5 —
1926 3314 108 29 outre

559 3372 72 33 que
662 3361 80 35 cela
772 3372 47 24 ne
851 3361 154 35 souffre
1035 3361 106 44 point
1171 3362 46 35 de
1248 3361 128 35 retard
1404 3382 49 4 —
1482 3360 132 45 depuis
1643 3372 72 32 que
1747 3371 95 24 vous
1874 3359 82 36 êtes
1986 3359 48 34 ici

560 3411 86 45 près
672 3412 45 35 de
744 3423 106 31 nous,
877 3423 94 24 vous
998 3424 50 23 un
1076 3412 217 42 Kerautret,
1320 3424 46 23 ne
1392 3412 251 35 vivons-nous
1670 3423 78 32 pas,
1777 3417 85 29 tous
1889 3422 145 24 ensem-

558 3462 70 42 ble,
653 3475 50 22 un
725 3474 72 33 peu
821 3463 89 35 hors
935 3464 49 35 du
1008 3475 175 23 commun
1207 3464 65 34 des
1294 3463 109 44 jours
1427 3462 49 36 ?...
1503 3463 63 35 Un
1591 3462 147 36 souffle
1763 3462 141 35 n'est-il
1929 3461 106 45 point

560 3513 110 45 passé
694 3526 64 23 sur
783 3525 107 34 nous,
915 3514 64 45 qui
1005 3514 95 35 n'est
1123 3526 70 33 pas
1216 3515 44 35 de
1287 3526 40 23 ce
1352 3515 137 34 monde
1512 3513 50 36 ?...

607 3564 115 36 Alain
750 3565 198 45 acquiesça
974 3565 89 35 d'un
1090 3565 198 35 cillement.

606 3616 315 44 Acquiescement
945 3617 92 35 dont
1061 3616 35 36 la
1121 3616 124 36 vieille
1272 3616 80 36 fille
1378 3616 73 36 tira
1475 3628 72 23 une
1572 3617 143 35 audace
1740 3616 186 42 nouvelle,
1953 3621 80 30 tan-

560 3666 57 36 dis
640 3667 134 45 qu'elle
800 3679 39 23 se
868 3667 131 36 faisait
1024 3667 82 44 plus
1132 3668 131 34 lourde
1289 3674 36 29 et
1350 3668 82 43 plus
1461 3667 189 36 familière
1677 3667 22 35 à
1725 3679 67 23 son
1819 3667 87 35 bras
1931 3679 7 22 :

603 3739 49 4 —
677 3717 52 36 Ce
750 3730 85 23 voeu
855 3719 46 34 de
920 3725 109 28 votre
1049 3718 414 45 arrière-grand-oncle
1483 3730 71 33 que
1576 3730 94 23 vous
1691 3730 118 23 venez
1829 3719 46 34 de
1898 3717 135 36 décou-

561 3769 88 42 vrir,
674 3769 320 43 enchaîna-t-elle,
1019 3781 41 23 ce
1084 3782 86 23 vœu
1195 3769 117 43 sacré,
1336 3781 95 23 nous
1455 3769 33 35 le
1513 3769 263 35 connaissions
1801 3769 100 44 déjà,
1927 3780 106 31 nous,

557 3820 52 35 les
631 3817 281 47 petÍtes-nièces
934 3821 45 34 de
1001 3820 177 36 Clarisse.
1203 3821 106 35 Nous
1333 3820 152 36 savions
1507 3832 83 32 que,
1612 3820 131 44 depuis
1766 3820 100 35 deux
1889 3820 144 42 siècles,

560 3883 70 24 une
656 3878 101 28 sorte
783 3872 45 35 de
854 3871 241 36 malédiction
1122 3872 140 35 latente
1287 3872 121 44 pes-ait
1434 3883 65 23 sur
1524 3883 68 23 nos
1619 3870 178 46 lignées...
1824 3882 113 33 parce
1962 3882 72 33 que

561 3922 151 36 l'ultime
735 3923 151 35 souhait
907 3923 88 35 d'un
1017 3930 99 28 mort
1137 3922 143 37 n'avait
1300 3935 68 33 pas
1390 3923 59 35 été
1471 3922 154 37 exaucé.

607 3973 205 43 Derechef,
836 3974 115 35 Alain
972 3974 124 44 opina.

605 4024 59 35 De
694 4024 82 42 fait,
804 4025 171 35 combien
1001 4025 48 35 de
1077 4025 218 41 Kerautret,
1322 4025 131 44 depuis
1482 4025 85 44 cinq
1594 4024 257 45 générations,
1880 4025 154 35 avaient

557 4074 79 45 péri
659 4076 44 35 de
724 4082 99 29 mort
843 4076 177 43 violente,
1042 4087 87 24 sous
1150 4076 54 36 les
1226 4088 114 33 coups
1361 4076 88 35 d'un
1470 4076 124 36 destin
1614 4076 125 35 brutal
1759 4077 92 34 dont
1873 4075 160 36 l'achar-

559 4132 151 30 nement
735 4127 216 44 surprenait
976 4127 7 35 !

601 4198 49 4 —
675 4177 244 36 N'êtes-vous
946 4189 66 33 pas
1039 4178 131 42 d'avis,
1197 4177 203 44 monsieur,
1426 4178 89 44 qu'il
1541 4190 96 24 nous
1667 4178 84 35 faut
1779 4178 100 35 faire
1906 4189 126 24 cesser

557 4234 95 29 cette
678 4235 102 29 sorte
804 4229 45 35 de
878 4228 159 42 fatalité,
1062 4230 92 34 dont
1177 4240 69 24 nos
1272 4241 106 24 races
1402 4229 105 35 n'ont
1530 4241 71 33 que
1627 4236 84 38 trop
1736 4229 172 36 souffert
1933 4229 98 35 l'une

556 4285 36 29 et
614 4279 167 36 l'autre...
805 4291 46 24 en
872 4280 170 35 donnant
1063 4280 81 35 leur
1166 4280 235 44 apaisement
1422 4280 22 36 à
1466 4292 61 24 ces
1551 4280 130 37 mânes
1704 4279 254 37 insatisfaites
1981 4279 50 36 ?...

556 4330 107 35 Vous
688 4342 59 23 me
773 4341 235 34 comprenez,
1033 4331 197 45 j'imagine
1253 4331 15 36 ?

600 4401 49 5 —
675 4380 166 36 Certes...
866 4381 129 36 mais...

604 4431 55 36 La
684 4432 236 44 proposition
947 4434 295 35 sous-entendue
1270 4432 92 37 était
1389 4434 194 40 tellement
1609 4440 252 38 surprenante
1888 4440 35 29 et
1952 4432 80 36 ino-

559 4482 108 45 pinée
696 4495 70 32 que
795 4484 33 35 le
857 4483 122 36 marin
1008 4496 46 24 ne
1082 4484 122 36 savait
1233 4492 85 38 trop
1347 4494 190 29 comment
1566 4497 38 24 se
1634 4485 94 36 tirer
1756 4485 87 36 d'un
1874 4486 51 35 tel
1953 4497 79 34 pas,

555 4545 88 25 sans
670 4533 118 36 faillir
812 4533 22 36 à
856 4534 36 36 la
916 4534 214 36 courtoisie.

2712 2692 132 30 ALAIN
2867 2692 209 31 HESITANT

2201 2757 52 36 Sa
2283 2769 220 34 compagne,
2533 2770 48 23 au
2611 2758 162 44 surplus,
2803 2759 174 34 semblait
3006 2758 150 35 vouloir
3187 2769 141 31 mener,
3359 2757 174 35 tambour
3563 2756 80 36 bat-

2152 2815 93 37 tant,
2272 2809 173 35 l'affaire
2469 2809 134 45 qu'elle
2628 2809 105 35 avait
2757 2809 185 35 amorcée.

2208 2881 49 5 —
2290 2859 123 45 Soyez
2449 2860 173 45 Hugues,
2659 2867 36 28 et
2727 2872 72 32 que
2834 2860 143 44 Gladys
3013 2860 187 36 devienne
3236 2860 47 35 ici
3318 2867 109 28 votre
3463 2859 180 43 Clarisse,

2154 2911 330 45 poursuivait-elle
2515 2922 93 24 avec
2642 2910 167 36 flamme.
2844 2911 112 42 C'est,
2989 2912 142 43 dois-je
3164 2923 95 23 vous
3293 2911 92 41 dire,
3419 2910 224 45 également,

2154 2962 107 36 l'avis
2288 2962 50 35 du
2364 2963 158 34 docteur
2551 2962 191 44 Eraguy...
2769 2962 64 44 qui
2861 2962 74 35 sait
2962 2969 82 28 tant
3070 2963 46 34 de
3144 2963 146 40 choses,
3319 2973 75 23 non
3424 2961 219 39 seulement,

2152 3025 68 32 par
2242 3013 36 35 la
2299 3020 109 28 vertu
2430 3014 45 34 de
2497 3025 60 23 ses
2580 3013 184 44 diplômes
2787 3019 36 29 et
2845 3014 45 34 de
2913 3024 68 24 son
3005 3013 227 44 expérience
3255 3013 65 35 des
3343 3012 183 40 hommes,
3548 3011 96 35 mais

2118 3088 11 4 -
2152 3075 112 33 parce
2282 3063 89 45 qu'il
2389 3064 165 35 descend
2573 3075 46 24 en
2638 3064 122 35 droite
2780 3063 113 45 ligne,
2912 3076 69 32 par
3000 3076 42 23 sa
3060 3063 116 43 mère,
3194 3064 88 35 d'un
3305 3063 157 35 fameux
3483 3063 161 34 Bocor...

2153 3115 75 42 oui,
2255 3115 88 35 d'un
2368 3117 46 33 de
2441 3127 69 23 nos
2537 3115 83 44 plus
2647 3116 143 43 grands
2817 3116 165 35 sorciers
3009 3115 7 34 !

2200 3199 48 4 —
2273 3178 44 44 Je
2344 3189 46 24 ne
2418 3178 76 34 sais
2521 3184 85 38 trop
2631 3189 73 33 que
2731 3189 94 23 vous
2853 3177 199 44 répondre,
3080 3184 105 28 tenta
3212 3178 45 34 de
3286 3188 112 33 parer
3425 3176 34 35 le
3487 3176 155 35 Breton.

2155 3229 102 35 Pour
2286 3229 159 35 flatteur
2471 3241 72 32 que
2572 3229 72 35 soit
2672 3240 42 24 ce
2742 3228 162 45 projet...
2932 3228 129 45 j'étais
3090 3229 31 35 si
3151 3228 77 35 loin
3256 3229 46 35 de
3331 3228 73 44 m'y
3433 3227 210 36 attendre...

2203 3280 54 36 La
2283 3279 126 36 vieille
2434 3279 219 36 demoiselle
2680 3291 40 24 se
2749 3279 47 36 fit
2822 3291 119 33 grave
2966 3292 7 22 :

2199 3363 48 5 —
2274 3342 58 35 Ne
2357 3353 252 33 croyez-vous
2634 3353 66 33 pas
2724 3341 109 45 qu'en
2858 3353 41 24 sa
2924 3342 136 41 tombe,
3086 3341 168 36 Clarisse
3278 3341 53 35 ait
3355 3352 107 24 assez
3487 3340 157 36 attendu

2153 3400 97 29 cette
2277 3394 235 44 posthume...
2541 3393 220 44 réparation
2785 3392 14 35 ?
2830 3393 100 35 Pour
2959 3392 154 44 inopiné
3140 3404 72 32 que
3239 3404 42 24 ce
3309 3392 84 42 soit,
3422 3399 81 28 tout
3531 3391 113 35 n'est-

2152 3445 25 34 il
2199 3456 79 33 pas,
2302 3452 191 37 pourtant,
2517 3445 151 44 logique
2692 3445 94 34 dans
2810 3456 41 23 ce
2872 3445 67 44 jeu
2961 3445 45 34 de
3031 3444 35 36 la
3089 3444 171 35 destinée
3283 3443 15 35 ?

2203 3497 149 34 Encore
2381 3508 73 32 que
2483 3497 46 34 de
2560 3496 106 35 telles
2697 3495 149 36 raisons
2877 3507 46 23 ne
2957 3495 148 36 fussent
3135 3507 66 32 pas
3233 3506 88 24 sans
3353 3494 101 36 effet
3484 3506 65 23 sur
3579 3493 63 43 lui,

2154 3547 187 39 l'officier
2366 3546 122 46 garda
2515 3558 41 23 sa
2586 3546 152 35 réserve
2764 3558 7 22 :

2198 3631 50 4 —
2275 3608 97 37 Sans
2399 3610 125 40 doute,
2551 3608 95 36 mais
2671 3609 41 44 je
2737 3621 47 23 ne
2810 3608 157 35 connais
3005 3608 119 45 guère
3164 3607 92 36 Mlle
3296 3608 45 35 de
3382 3606 260 37 Saint-Senne

2152 3672 71 33 que
2248 3660 132 44 depuis
2404 3666 135 38 quatre
2562 3660 173 35 heures...

2197 3744 49 4 —
2273 3723 104 34 Beau
2398 3722 174 44 prétexte
2596 3721 14 36 ?
2633 3722 107 35 Vous
2760 3721 245 45 déplaît-elle,
3029 3721 268 36 franchement
3320 3720 50 36 ?...

2203 3772 210 37 Kerautret
2445 3774 58 35 fut
2535 3773 122 35 franc.

2199 3846 49 4 —
2274 3825 61 35 Au
2364 3825 226 35 contraire...
2620 3824 82 35 Elle
2731 3836 58 23 me
2817 3824 94 44 plaît
2942 3824 90 43 fort,
3060 3824 190 44 dirais-je,
3278 3824 155 35 même...
3465 3823 103 35 Mais
3597 3824 44 34 de

2153 3876 37 36 là
2217 3876 22 35 à
2266 3876 69 35 lier
2364 3876 97 35 ainsi
2490 3887 68 24 nos
2585 3877 101 34 deux
2714 3875 250 36 existences...
2993 3887 157 24 avouez.
3180 3875 217 42 D'ailleurs,
3425 3875 41 44 je
3495 3874 147 36 n'avais

2154 3939 68 33 pas
2249 3926 130 45 songé,
2405 3927 153 44 jusqu'à
2584 3926 164 44 présent,
2776 3927 22 35 à
2823 3938 60 24 me
2910 3927 152 35 marier.

2202 3978 92 35 Mlle
2335 3978 102 35 Elise
2477 3977 206 35 d'Erneval
2723 3977 104 36 avait
2867 3977 124 36 craint
3031 3977 82 45 plus
3154 3977 287 45 d'objections...
3483 3983 36 29 et
3558 3976 83 44 plus

2154 4029 224 36 d'obstacles
2406 4029 22 35 à
2453 4041 69 22 son
2548 4029 161 35 dessein.

2204 4080 202 36 Satisfaite
2436 4081 50 34 du
2517 4080 171 42 résultat,
2720 4080 70 35 elle
2821 4091 47 24 ne
2897 4080 118 44 jugea
3046 4080 106 44 point
3183 4085 190 38 opportun
3404 4079 46 35 de
3482 4089 159 34 pousser

2153 4132 83 45 plus
2263 4131 78 35 loin
2367 4131 225 44 l'avantage.

2202 4183 52 34 Le
2284 4182 112 45 grain
2428 4182 92 35 était
2550 4182 113 42 semé,
2694 4182 157 44 parbleu
2877 4182 44 35 !...
2955 4182 56 35 En
3044 4194 42 23 ce
3117 4181 129 36 climat
3276 4181 280 44 paradisiaque,
3586 4180 54 35 les

2153 4234 147 45 plantes
2326 4233 172 35 d'amour
2525 4232 219 45 poussaient
2769 4234 78 34 vite
2873 4233 7 35 !

2199 4284 52 37 Ce
2275 4284 208 36 Kerautret
2506 4284 60 35 d'à
2588 4284 154 44 présent
2762 4284 135 35 n'était
2917 4296 68 33 pas
3006 4284 150 36 homme
3179 4284 23 35 à
3227 4284 99 36 faire
3350 4283 30 35 fi
3405 4283 65 35 des
3492 4283 146 44 prières

2151 4337 50 34 du
2223 4341 99 29 mort
2344 4336 46 34 de
2413 4336 189 34 Mascatte
2631 4335 6 35 !

2198 4408 49 4 —
2274 4386 58 34 Eh
2357 4386 85 34 bien
2470 4385 6 35 !
2505 4386 252 42 conclut-elle,
2783 4386 228 35 monsieur...
3038 4386 224 35 souhaitons
3286 4397 71 33 que
3383 4385 137 36 l'envie
3546 4396 95 23 vous

2151 4450 46 23 en
2219 4437 137 35 vienne
2383 4436 7 34 !
2414 4437 61 41 Et,
2497 4449 69 32 par
2588 4437 110 43 Dieu,
2721 4437 269 36 décidez-vous
3014 4438 76 35 vite
3117 4437 6 35 !
3149 4438 54 35 La
3225 4437 96 36 belle
3346 4436 150 46 frégate
3518 4436 121 45 qu'est

2152 4502 61 22 ma
2268 4488 106 35 nièce
2430 4494 92 28 vaut
2577 4489 129 36 mieux
2761 4489 114 44 qu'un
2932 4489 167 44 pavillon
3144 4488 184 46 anglais...
3374 4494 37 29 et
3455 4488 33 34 le
3533 4487 109 35 vôtre

2152 4538 244 46 m'agréerait
2421 4538 79 35 fort
2526 4538 7 35 !

4581 2703 169 32 GLADYS
4791 2704 203 31 REBELLE...

4097 2792 50 4 —
4174 2771 98 40 Non,
4297 2781 75 24 non
4399 2769 6 36 !
4432 2771 121 35 Assez
4576 2771 224 45 tergiversé,
4824 2783 107 23 assez
4955 2771 149 35 insinué
5130 2771 7 36 !
5165 2771 31 34 Il
5220 2771 128 35 suffit.
5371 2771 45 44 Je
5439 2782 97 23 vous

4056 2822 224 44 comprends
4305 2829 85 37 trop
4415 2822 97 41 bien,
4538 2822 106 42 allez,
4670 2829 84 28 tous
4781 2823 52 35 les
4858 2823 112 42 deux,
4995 2822 123 35 beaux
5144 2833 175 32 masques
5343 2834 71 32 que
5442 2833 93 23 vous

4056 2873 78 35 êtes
4161 2873 7 34 !
4200 2873 153 35 Navrée
4382 2874 45 34 de
4455 2873 228 45 m'insurger
4711 2873 109 40 ainsi,
4851 2880 130 29 contre
5010 2885 94 23 vous
5132 2885 71 32 que
5233 2873 140 44 j'aime,
5403 2872 21 35 à
5455 2873 79 34 huit

4053 2924 109 44 jours
4186 2924 22 35 à
4231 2924 108 44 peine
4364 2925 44 34 de
4432 2936 87 23 mon
4545 2931 129 28 retour
4699 2924 59 35 ici.
4783 2925 101 35 Mais
4906 2925 40 44 je
4970 2925 89 41 suis,
5083 2925 125 43 quand
5232 2924 131 41 même,
5386 2923 147 44 obligée

4054 2976 46 34 de
4123 2987 98 23 vous
4240 2975 81 35 dire
4346 2987 41 23 ce
4410 2988 71 31 que
4503 2975 40 44 je
4567 2987 125 32 pense,
4716 2975 157 44 puisque
4897 2987 87 23 mon
5008 2976 132 34 avenir
5165 2987 45 23 en
5234 2975 146 44 dépend
5404 2981 36 29 et
5461 2986 72 32 que

4056 3038 92 23 vous
4176 3026 154 36 insistez
4358 3026 191 36 tellement
4575 3027 7 34 !

4101 3077 143 45 Visage
4272 3077 136 42 animé,
4435 3090 101 31 yeux
4563 3078 185 40 brillants,
4775 3077 142 44 Gladys
4945 3078 46 34 de
5019 3076 257 36 Saint-Senne
5304 3076 133 45 agitait
5465 3076 66 34 im-

4054 3128 278 44 périeusement
4361 3140 59 23 ses
4449 3129 152 35 boucles
4629 3129 139 35 brunes
4799 3140 44 23 en
4873 3141 49 22 un
4952 3135 241 28 mouvement
5222 3129 46 34 de
5298 3128 142 35 révolte
5469 3127 61 44 qui

4051 3179 147 36 laissait
4218 3180 148 43 pantois
4387 3186 36 29 et
4442 3191 41 23 sa
4502 3186 104 29 tante
4627 3187 35 27 et
4682 3181 32 33 le
4734 3180 84 34 noir
4838 3180 179 36 Trivulce
5038 3180 190 44 Eraguy...

4104 3231 46 34 Ils
4172 3243 47 22 ne
4241 3231 261 35 retrouvaient
4523 3231 82 44 plus
4626 3232 49 34 du
4698 3237 79 29 tout
4799 3243 45 23 en
4865 3231 69 35 elle
4956 3231 35 35 la
5015 3230 135 36 fillette
5172 3230 164 35 soumise
5357 3237 36 28 et
5414 3230 118 35 douce

4050 3282 109 44 qu'ils
4184 3282 153 35 avaient
4360 3282 154 44 quittée,
4538 3282 158 44 quelque
4720 3282 82 34 huit
4825 3294 68 23 ans
4916 3288 249 38 auparavant.

4098 3333 200 44 Seigneur,
4334 3334 133 44 qu'elle
4505 3333 236 35 s'échauffât
4776 3333 110 41 ainsi,
4921 3333 151 45 jusqu'à
5109 3345 72 23 une
5217 3333 156 43 pareille
5411 3331 117 36 rébel-

4051 3384 111 35 lion...
4186 3391 130 29 contre
4340 3385 33 34 le
4403 3397 18 21 «
4447 3385 122 45 grand
4591 3385 127 44 projet
4743 3398 18 21 »
4788 3385 90 34 dont
4901 3385 44 34 ils
4968 3384 179 35 venaient
5169 3385 45 34 de
5238 3384 50 34 lui
5314 3384 99 35 faire
5435 3390 95 38 part,

4048 3447 93 23 avec
4163 3436 142 44 quelles
4329 3436 155 35 subtiles
4508 3435 242 45 précautions
4774 3435 171 35 verbales
4973 3435 7 34 !

4094 3508 49 4 —
4167 3488 44 43 Je
4237 3499 46 22 ne
4309 3487 77 35 suis
4411 3487 95 44 plus,
4531 3486 341 44 poursuivait-elle,
4899 3486 81 35 leur
5006 3487 168 34 donnant
5199 3486 53 35 les
5279 3485 250 45 explications

4049 3549 70 33 que
4144 3538 100 35 leurs
4270 3539 158 44 regards
4452 3538 244 35 sollicitaient
4717 3559 49 4 —
4789 3549 72 23 une
4884 3537 115 44 petite
5024 3537 124 35 créole
5173 3537 249 41 insoucieuse,
5447 3544 84 37 trop

4045 3601 222 32 paresseuse
4291 3601 95 32 pour
4410 3589 108 35 avoir
4543 3601 48 23 ou
4614 3601 95 32 pour
4733 3588 197 35 connaître
4954 3600 41 24 sa
5020 3587 187 36 volonté...
5232 3588 175 42 Tantine,
5431 3599 94 23 vous

4049 3653 92 23 avez
4164 3641 115 34 voulu
4299 3662 48 3 —
4368 3652 95 32 pour
4487 3640 98 35 faire
4609 3641 45 34 de
4675 3640 75 35 moi
4774 3652 72 23 une
4867 3640 115 44 jeune
5009 3639 79 35 fille
5111 3639 217 44 accomplie,
5351 3639 180 35 moderne

4047 3713 48 4 —
4119 3691 219 44 m'envoyer
4364 3703 48 23 au
4438 3703 92 32 pays
4557 3691 45 35 de
4629 3691 51 34 1'«
4710 3691 206 35 efficience
4945 3703 32 22 ».
5004 3690 83 44 J'en
5116 3690 150 35 reviens
5293 3690 121 41 dotée,
5441 3689 90 36 c'est

4047 3754 50 24 un
4120 3743 82 41 fait,
4223 3743 110 34 d'une
4353 3742 258 45 personnalité
4630 3742 213 44 marquée...
4864 3742 86 35 bien
4970 3742 153 35 décidée
5145 3742 20 35 à
5186 3741 221 35 conformer
5427 3748 103 28 toute

4047 3806 88 22 mon
4160 3794 193 35 existence
4378 3793 22 35 à
4423 3805 78 24 mes
4525 3794 123 44 goûts,
4673 3805 87 23 mon
4784 3792 97 35 idéal
4907 3793 255 43 particulier...
5188 3800 35 28 et
5247 3793 105 43 point
5376 3793 49 34 du
5449 3798 81 29 tout

4048 3845 21 36 à
4094 3845 34 35 la
4155 3844 125 46 régler
4305 3844 105 36 selon
4436 3845 210 44 d'antiques
4671 3845 226 34 balivernes.

4093 3917 49 4 —
4168 3896 61 35 Oh
4256 3896 7 34 !
4291 3896 55 35 dit
4372 3895 103 36 Elise
4500 3895 219 42 d'Erneval,
4746 3895 274 44 parfaitement
5046 3894 245 36 scandalisée.

4096 3947 130 44 Quant
4252 3959 48 23 au
4326 3948 168 40 docteur,
4521 3947 26 34 il
4572 3946 212 36 demeurait
4821 3952 113 36 muet,
4974 3945 208 36 silencieux
5221 3953 35 27 et
5298 3945 89 44 figé.
5429 3945 99 35 Mais

4046 3998 191 35 l'émotion
4260 3998 90 44 qu'il
4373 3998 199 43 éprouvait
4595 3998 157 35 donnait
4774 3997 22 35 à
4817 4009 42 24 sa
4883 3998 84 35 face
4990 3997 154 35 d'ébène
5167 3996 65 36 des
5255 3996 134 35 reflets
5412 3997 115 43 plom-

4046 4049 64 35 bés
4132 4057 35 28 et
4186 4049 196 45 grisâtres.

4097 4101 100 34 D'un
4228 4100 92 44 petit
4350 4100 117 45 poing
4499 4099 132 40 fermé,
4662 4099 143 45 Gladys
4837 4100 141 35 scanda
5008 4099 144 44 chaque
5183 4098 141 44 syllabe
5356 4098 172 35 nouvelle

4047 4164 45 24 en
4119 4152 180 44 frappant
4324 4163 160 33 presque
4510 4158 266 38 rageusement
4800 4151 33 35 le
4857 4151 187 45 guéridon
5069 4152 45 34 de
5139 4162 202 24 macassar.

4093 4224 47 4 —
4165 4203 156 44 Jamais,
4361 4214 94 23 vous
4492 4202 247 42 m'entendez,
4776 4201 140 46 jamais
4953 4202 39 44 je
5031 4201 237 45 n'épouserai
5307 4207 108 29 votre
5455 4200 73 35 Ke-

4046 4261 156 29 rautret.

4089 4327 49 5 —
4165 4304 114 36 Est-il
4305 4305 163 44 possible
4491 4304 90 45 qu'il
4605 4312 36 28 te
4665 4304 168 45 déplaise
4858 4304 21 35 à
4904 4315 41 24 ce
4968 4303 163 45 point-là
5154 4303 15 35 ?
5192 4303 118 45 gémit
5335 4303 34 35 la
5394 4314 133 35 grosse

4046 4356 217 36 demoiselle
4288 4355 259 36 déconcertée.

4092 4430 47 4 —
4166 4407 55 35 Là
4245 4407 95 35 n'est
4364 4419 67 32 pas
4456 4407 35 36 la
4515 4407 186 44 question,
4726 4419 61 24 ma
4813 4414 103 29 tante
4942 4406 8 35 !

4093 4459 229 36 L'ancienne
4348 4458 105 36 élève
4477 4459 45 35 de
4549 4458 202 36 Ravenhill
4776 4459 140 35 haussa
4940 4470 59 24 ses
5025 4457 152 45 épaules
5203 4458 275 37 charmantes...

4090 4532 48 4 —
4166 4510 104 35 Mais.
4284 4510 40 44 je
4343 4509 198 36 n'entends
4560 4521 67 32 pas
4646 4521 59 23 me
4724 4509 142 35 marier
4884 4521 96 32 pour
4998 4521 59 24 me
5077 4510 222 35 conformer
5318 4522 76 23 aux
5414 4522 113 24 vœux

4047 4573 133 25 rances
4204 4562 45 34 de
4275 4561 94 35 trois
4393 4561 110 35 bouts
4528 4561 45 34 de
4598 4560 131 47 papier
4752 4561 110 47 jauni
4889 4561 8 36 !

6107 976 98 35 Sous
6227 989 40 23 sa
6289 989 185 33 perruque
6496 979 86 35 d'un
6604 980 112 34 blond
6738 981 146 43 coquin,
6908 982 90 35 Mlle
7020 982 106 35 d'Er-

6062 1027 109 35 neval
6199 1036 121 35 parut,
6347 1036 80 28 tout
6455 1030 45 34 de
6528 1030 84 42 bon,
6640 1042 47 23 au
6715 1031 177 44 supplice.

6108 1099 47 4 —
6182 1078 124 41 Alors,
6344 1086 39 28 tu
6419 1080 118 35 aimes
6573 1082 170 34 William
6778 1082 174 36 Waritch
6976 1082 48 36 ?...

6110 1128 61 35 Un
6197 1129 86 43 pied
6306 1130 119 34 mutin
6454 1131 135 44 frappa
6614 1131 33 35 le
6671 1132 66 34 sol.

6108 1200 47 4 —
6182 1180 148 35 Encore
6356 1180 7 34 !
6401 1180 61 36 On
6496 1193 38 23 se
6570 1183 123 34 donne
6728 1183 96 35 donc
6858 1184 32 34 le
6924 1191 78 28 mot
7037 1196 93 32 pour

6065 1241 46 23 en
6144 1230 97 35 faire
6270 1242 87 24 mon
6388 1231 118 36 fiancé
6532 1232 7 33 !
6574 1232 153 36 Laissez
6758 1234 96 35 donc
6885 1234 168 37 William
7083 1235 49 36 où

6064 1280 25 34 il
6122 1287 90 28 est...
6245 1288 35 28 et
6314 1293 39 23 ce
6387 1293 142 32 pauvre
6563 1290 120 28 comte
6717 1295 45 23 en
6796 1295 120 33 repos.
6952 1285 31 34 Il
7016 1286 115 35 serait

6063 1330 85 36 bien
6179 1332 155 43 surpris,
6377 1332 38 44 je
6457 1344 108 33 gage,
6609 1334 56 34 s'il
6708 1345 39 24 se
6789 1335 145 35 doutait
6975 1337 46 33 de
7063 1347 67 24 vos

6061 1382 157 44 projets.

6111 1432 148 36 Encore
6293 1433 21 34 à
6347 1434 97 34 demi
6479 1434 218 45 suffoquée,
6731 1435 35 35 la
6801 1435 210 37 châtelaine
7045 1448 85 33 pro-

6063 1489 96 29 testa
6184 1495 8 22 :

6106 1555 49 3 —
6180 1532 100 37 C'est
6313 1546 41 23 ce
6387 1535 63 43 qui
6483 1541 36 29 te
6552 1542 156 37 trompe,
6742 1548 60 23 ma
6834 1537 149 44 petite...
7019 1539 110 34 Mon-

6065 1583 101 36 sieur
6197 1585 44 35 de
6274 1585 206 36 Kerautret
6512 1598 38 23 se
6582 1593 146 29 montre
6762 1588 79 34 fort
6872 1595 260 37 respectueux,

6065 1646 143 24 comme
6235 1635 23 34 il
6285 1636 90 40 sied,
6401 1637 49 34 du
6475 1644 162 28 contenu
6662 1638 49 34 du
6736 1638 146 36 coffret
6906 1639 180 36 d'écaillé.

6112 1685 269 44 L'impatience
6405 1687 44 34 de
6474 1686 141 45 Gladys
6640 1687 171 37 s'accrut.

6110 1757 49 4 —
6185 1737 104 34 Vous
6322 1749 91 23 avez
6446 1738 49 34 dû
6528 1738 242 45 l'intoxiquer
6801 1751 92 24 avec
6926 1752 67 24 vos
7027 1741 105 36 rêve-

6062 1786 85 42 ries,
6173 1787 92 35 dans
6293 1799 39 23 ce
6359 1799 73 24 cas.
6461 1789 111 41 Mais,
6598 1800 93 32 pour
6716 1801 61 24 ma
6802 1797 96 37 part,
6922 1791 39 44 je
6987 1803 58 24 me
7071 1804 56 23 re-

6063 1837 85 35 fuse
6179 1837 21 35 à
6232 1849 41 23 ce
6303 1838 111 44 qu'on
6445 1839 149 44 dispose
6625 1840 45 34 de
6702 1840 74 35 moi
6808 1852 94 32 pour
6933 1842 195 36 satisfaire

6061 1899 61 24 ces
6154 1888 143 36 vieilles
6328 1889 140 35 lunes...
6502 1890 118 36 Parce
6650 1902 70 32 que
6752 1892 98 34 deux
6883 1899 246 30 tourtereaux

6061 1938 179 45 godiches
6267 1939 128 35 furent
6420 1940 123 41 idiots,
6568 1941 24 34 il
6615 1954 23 31 y
6661 1953 22 23 a
6706 1942 99 35 deux
6830 1942 166 36 siècles...
7019 1944 40 44 je
7083 1956 46 23 ne

6063 1989 82 35 vais
6175 2001 70 32 pas
6271 2002 59 23 me
6360 1990 133 36 laisser
6526 1991 108 36 faire.
6668 1992 29 34 Il
6730 1992 83 36 faut
6844 2005 93 23 vous
6968 1995 33 35 le
7032 1995 98 35 tenir

6061 2051 94 33 pour
6182 2040 53 35 dit
6261 2040 7 35 !

6124 2090 106 37 Cette
6264 2091 140 43 fois-ci,
6449 2093 79 35 c'en
6572 2093 91 36 était
6695 2100 95 38 trop.
6823 2095 92 36 Mlle
6960 2096 101 36 Elise
7093 2108 39 24 se

6067 2141 126 35 fâcha.

6113 2213 48 4 —
6187 2192 152 45 Gladys,
6363 2193 39 45 je
6427 2205 46 24 ne
6497 2201 35 28 te
6556 2201 164 37 permets
6744 2207 66 32 pas
6832 2196 215 36 d'offenser
7070 2209 63 33 pa-

6068 2243 209 36 reillement
6306 2245 52 34 les
6387 2244 129 36 mânes
6544 2246 45 37 de
6617 2258 61 23 ces
6706 2254 147 29 amants
6882 2248 251 36 infortunés...

6069 2294 131 35 Puisse
6235 2301 64 28 ton
6335 2295 190 36 insolence
6559 2308 46 23 ne
6640 2308 66 32 pas
6740 2297 174 43 t'attirer,
6949 2311 44 23 en
7028 2300 106 43 puni-

6069 2344 90 42 tion,
6183 2345 32 35 le
6242 2346 263 35 ressentiment
6529 2348 45 34 de
6598 2347 100 36 leurs
6721 2348 103 35 âmes
6850 2349 7 34 !

6124 2396 151 44 Malgré
6297 2397 132 44 qu'elle
6453 2409 44 24 en
6521 2398 73 42 eût,
6619 2398 33 35 la
6674 2399 114 44 jeune
6811 2399 84 43 fille,
6919 2400 125 37 élevée
7066 2413 69 32 par

6067 2458 72 23 une
6163 2447 175 35 nourrice
6361 2447 118 43 noire,
6502 2448 211 36 demeurait
6738 2449 78 36 fort
6840 2452 295 43 superstitieuse.

6352 2550 213 31 L'EPREUVE
6593 2551 244 32 CONSENTIE

6116 2615 81 36 Elle
6225 2628 39 23 se
6292 2622 55 29 tut
6374 2617 107 42 donc,
6508 2617 125 35 baissa
6661 2618 52 35 les
6741 2631 133 30 yeux...

6115 2667 81 34 Elle
6221 2678 38 24 se
6285 2667 225 43 reprochait,
6535 2669 45 34 de
6605 2669 175 42 surcroît,
6805 2670 45 35 de
6877 2670 97 36 faire
6999 2671 134 43 pareil-

5664 2712 138 36 lement
5825 2715 46 34 de
5896 2715 34 34 la
5953 2716 108 43 peine
6088 2716 21 35 à
6134 2729 59 23 ces
6218 2719 99 34 deux
6342 2718 99 35 êtres
6467 2719 28 35 si
6522 2720 200 34 touchants
6747 2731 67 32 par
6839 2720 32 36 le
6896 2721 119 35 même
7040 2722 96 35 culte

5664 2763 85 35 d'un
5772 2765 108 43 passé
5900 2766 48 35 où
5970 2767 44 35 ils
6036 2779 38 24 se
6096 2769 286 44 complaisaient
6403 2769 21 36 à
6445 2770 117 35 vivre.
6580 2771 112 41 Mais,
6709 2782 94 32 pour
6824 2772 195 36 satisfaire
7053 2773 81 35 leur

5666 2815 135 41 manie,
5828 2816 194 36 allait-elle
6049 2830 39 24 se
6115 2820 189 43 sacrifier,
6332 2820 143 35 aliéner
6502 2833 71 24 une
6601 2822 139 40 liberté,
6760 2822 132 44 qu'elle
6920 2823 91 35 était
7040 2823 95 36 fière

5666 2865 145 35 d'avoir
5836 2868 177 44 conquise
6038 2869 14 35 ?

5710 2938 49 4 —
5785 2918 176 42 Ecoutez,
5990 2919 147 42 fit-elle,
6165 2920 147 36 résolue
6338 2921 21 35 à
6384 2934 39 23 se
6449 2930 167 28 montrer
6642 2923 122 35 moins
6789 2923 233 44 véhémente,
7048 2936 88 24 sans

5666 2967 110 36 céder
5801 2981 49 22 un
5873 2981 118 33 pouce
6015 2972 45 34 de
6085 2972 178 35 terrain...
6289 2973 156 35 Avouez
6469 2974 111 43 qu'on
6604 2986 46 23 ne
6675 2986 39 23 se
6738 2974 118 36 marie
6880 2986 66 32 pas
6970 2986 92 24 avec
7087 2987 49 23 un

5666 3019 149 36 homme
5841 3021 110 43 qu'on
5981 3033 21 22 a
6030 3034 60 30 vu,
6120 3034 44 23 en
6194 3029 81 28 tout
6304 3029 35 29 et
6368 3035 94 32 pour
6490 3030 92 36 tout,
6611 3024 178 45 quelques
6817 3025 147 35 heures.
6994 3026 35 34 A
7059 3038 78 23 res-

5662 3082 126 24 sasser
5808 3078 96 29 cette
5924 3072 124 36 vieille
6068 3072 157 37 histoire
6245 3075 45 34 de
6310 3075 145 35 coffret
6473 3074 182 43 d'écaillé,
6676 3083 105 28 entre
6801 3088 105 30 vous,
6927 3088 93 23 vous
7042 3088 93 23 vous

5663 3121 77 36 êtes
5761 3122 157 40 montés,
5940 3123 74 34 l'un
6036 3124 144 43 l'autre,
6202 3124 284 45 l'imagination,
6508 3137 61 24 ces
6590 3126 173 44 jours-ci.
6786 3127 39 35 Si
6848 3139 92 23 vous
6961 3127 174 45 daigniez

5663 3173 196 35 examiner
5879 3179 102 29 toute
6002 3181 96 29 cette
6116 3175 146 36 affaire
6281 3176 44 35 de
6344 3177 229 44 sang-froid,
6594 3189 93 23 vous
6707 3178 265 35 conviendriez
6992 3190 143 23 comme

5663 3224 74 34 moi
5762 3224 132 44 qu'elle
5919 3237 46 23 ne
5991 3237 131 32 repose
6146 3238 66 32 pas
6237 3238 63 23 sur
6323 3227 261 44 grand'chose.

5708 3296 50 4 —
5784 3276 142 34 Erreur
5953 3275 6 35 !
5994 3277 53 34 La
6078 3276 298 45 prédestination
6407 3285 56 28 est
6493 3278 204 36 manifeste
6723 3278 7 35 !
6764 3290 119 32 coupa
6913 3286 223 37 gravement

5663 3326 33 35 le
5721 3326 156 35 docteur
5900 3326 180 36 Trivulce
6106 3328 166 44 Eraguy,
6297 3336 145 29 sortant
6469 3330 107 34 enfin
6602 3330 45 35 de
6672 3342 67 23 son
6764 3330 185 36 mutisme.

5709 3398 48 4 —
5784 3378 46 34 Et
5865 3389 64 23 sur
5962 3379 87 43 quoi
6084 3379 95 34 donc
6214 3379 34 35 la
6286 3380 251 35 fondez-vous
6561 3380 15 35 ?
6609 3381 224 44 questionna
6869 3381 153 44 Gladys,
7058 3393 76 23 mo-

5662 3440 150 32 queuse.

5719 3480 53 35 Le
5797 3479 170 36 médecin
5994 3481 109 36 sortit
6130 3482 44 36 de
6201 3493 41 24 sa
6269 3481 118 45 poche
6415 3482 34 35 la
6476 3482 202 36 miniature
6706 3483 143 35 cerclée
6876 3483 167 36 d'écaillé
7071 3483 62 36 dé-

5664 3537 178 29 couverte
5864 3543 68 32 par
5955 3531 217 36 Kerautret.

5716 3603 48 4 —
5787 3582 75 36 Sur
5887 3584 34 34 la
5946 3584 275 35 ressemblance
6245 3583 252 45 prodigieuse,
6512 3584 268 42 hallucinante,
6796 3586 60 44 qui
6882 3586 121 35 existe
7029 3592 105 29 entre

5664 3645 93 24 vous
5781 3640 35 28 et
5840 3640 107 29 votre
5970 3634 252 45 grand'tante,
6247 3635 33 35 la
6304 3634 159 36 défunte
6487 3635 166 36 Clarisse
6676 3636 44 35 de
6747 3635 266 43 Saint-Senne,
7037 3648 98 24 com-

5663 3697 57 23 me
5747 3685 161 35 l'atteste
5934 3692 96 28 cette
6056 3685 151 45 effigie,
6234 3685 230 44 répondit-il,
6491 3687 178 35 solennel.

5712 3736 54 35 La
5787 3736 123 35 bonne
5935 3736 52 35 foi
6011 3736 95 35 n'est
6126 3737 106 43 point
6254 3736 34 35 la
6312 3744 108 28 vertu
6442 3738 110 34 d'une
6572 3738 115 44 jeune
6713 3738 78 34 fille
6815 3737 155 36 entêtée.
6996 3738 141 44 Gladys

5664 3794 61 28 eut
5748 3787 21 35 à
5792 3786 108 45 peine
5921 3787 79 45 jeté
6024 3799 47 24 un
6096 3799 95 32 coup
6213 3788 98 35 d'œil
6335 3800 64 24 sur
6423 3789 31 34 le
6478 3788 48 34 fin
6551 3789 159 44 portrait
6735 3789 131 44 qu'elle
6891 3789 202 36 s'exclama
7127 3802 7 23 :

5710 3860 49 4 —
5785 3838 223 35 Balivernes
6034 3838 7 34 !
6070 3838 34 34 A
6130 3839 109 43 peine
6265 3851 49 22 un
6341 3851 121 33 vague
6487 3839 57 35 air
6569 3840 45 34 de
6643 3839 143 36 famille
6814 3840 42 35 !...

5710 3889 93 35 Mlle
5826 3889 204 35 d'Erneval
6053 3889 123 36 hocha
6199 3901 42 23 sa
6264 3901 187 33 perruque
6475 3897 83 37 trop
6582 3890 135 35 blonde
6742 3903 7 22 :

5720 3973 49 4 —
5785 3952 43 44 Je
5847 3952 77 35 suis
5943 3964 75 23 aux
6039 3959 156 36 regrets,
6215 3964 60 23 ma
6294 3951 126 45 petite,
6439 3953 45 34 de
6504 3959 35 31 te
6559 3953 33 34 le
6611 3952 93 43 dire,
6723 3953 106 42 mais,
6849 3965 94 32 pour
6961 3966 72 23 une
7052 3954 85 43 fois,

5665 4010 39 28 tu
5735 4002 213 36 dissimules
5980 4008 37 30 ta
6049 4002 147 44 pensée.
6231 4003 144 35 Prends
6408 4015 47 22 un
6489 4002 143 41 miroir,
6666 4004 231 43 regarde-toi
6931 4016 93 23 avec
7056 4011 80 28 tant

5667 4054 71 35 soit
5764 4065 70 33 peu
5860 4053 234 35 d'attention.
6122 4054 53 34 La
6202 4053 274 36 ressemblance
6501 4065 70 33 que
6597 4060 39 29 tu
6662 4061 188 29 contestes
6877 4062 55 28 est
6958 4055 179 35 criante...

5665 4103 204 46 jusqu'aux
5892 4105 190 34 moindres
6107 4105 119 34 traits.

5715 4155 96 36 Sous
5833 4155 244 36 l'accusation
6099 4156 45 34 de
6165 4167 217 32 mensonge,
6404 4156 35 35 la
6461 4156 178 35 moderne
6662 4156 123 36 créole
6806 4156 121 36 biaisa
6952 4168 7 23 :

5710 4229 47 3 —
5784 4207 255 34 Auriez-vous
6066 4206 100 35 mille
6196 4205 74 36 fois
6298 4206 139 42 raison,
6464 4207 157 41 tantine,
6648 4219 44 23 en
6721 4208 161 35 serait-il
6910 4220 106 23 assez
7043 4219 94 33 pour

5668 4271 70 32 que
5765 4258 177 45 j'engage
5970 4269 86 23 mon
6085 4257 121 36 destin
6231 4256 49 36 ?...
6310 4257 47 35 Et
6385 4258 94 43 puis,
6507 4257 38 45 je
6574 4258 83 35 n'en
6685 4258 83 44 puis
6795 4259 116 44 guère
6939 4259 124 45 juger,
7090 4272 48 23 au

5664 4309 118 35 vrai...
5811 4309 101 34 Tout
5940 4315 56 28 est
6024 4308 30 35 si
6084 4308 223 35 différent...
6349 4308 32 36 le
6422 4308 262 45 maquillage...
6727 4309 35 36 la
6804 4309 204 36 coiffure...
7049 4322 88 24 sans

5665 4367 168 37 compter
5861 4371 60 24 ces
5948 4365 130 29 atours
6104 4359 188 36 d'antan...

5709 4433 49 4 —
5784 4411 173 35 Veux-tu
5984 4410 98 35 faire
6107 4409 189 45 l'épreuve
6321 4409 14 35 ?
6362 4409 182 36 Suis-moi
6571 4410 8 35 !

5713 4463 55 35 La
5792 4473 133 34 grosse
5951 4469 35 28 et
6012 4461 125 35 vieille
6163 4460 216 36 demoiselle
6404 4467 63 29 eut
6492 4473 49 23 un
6566 4473 96 33 coup
6687 4461 98 36 J'œil
6810 4462 45 35 de
6880 4462 189 45 triomphe
7094 4474 45 24 en

5665 4513 186 36 direction
5875 4513 50 34 du
5949 4512 170 35 médecin

5710 4586 50 5 —
5786 4564 41 35 Si
5855 4563 80 36 cela
5960 4574 94 24 vous
6085 4562 70 36 fait
6183 4569 80 29 tant
6290 4562 130 44 plaisir
6446 4562 8 35 !
6483 4563 187 36 consentit
6698 4563 154 45 Gladys,
6879 4564 188 36 amusée...
