3900 5004
1136 1030 316 68 J'EN
1528 1032 376 72 AIME
1994 1038 182 70 UN
2248 1038 464 72 AUTRE

1780 1270 290 40 LETTRE

988 1376 37 40 ★
1058 1376 69 40 UN
1155 1376 158 41 CŒUR
1339 1378 312 43 TOURMENTE.
1704 1386 288 37 Puissiez-vous
2013 1389 214 36 m'éclairer
2249 1397 34 29 et
2308 1393 135 35 rendre
2467 1394 21 34 el
2510 1406 86 22 mon
2618 1394 83 36 âme
2723 1395 34 36 la
2780 1397 91 44 paix

989 1439 50 34 du
1063 1451 103 23 cœur
1189 1447 35 28 et
1246 1442 36 35 la
1302 1443 80 43 joie
1405 1444 45 35 de
1473 1445 119 35 vivre.
1614 1446 22 35 J
1652 1447 37 34 ai
1711 1448 107 44 vingt
1842 1461 80 30 ans,
1944 1450 40 43 je
2006 1451 80 34 suis
2106 1451 153 44 fiancée
2283 1453 134 45 depuis
2438 1455 62 34 six
2523 1456 95 34 mois
2641 1456 21 35 à
2685 1469 50 22 un
2758 1458 116 43 jeune

990 1500 149 35 homme
1163 1502 45 34 de
1233 1503 209 46 vingt-sept
1468 1517 68 23 ans
1561 1507 74 43 qui,
1658 1508 39 43 je
1721 1508 85 45 puis
1830 1509 222 45 l'affirmer,
2078 1512 176 36 m'adore.
2281 1515 130 34 Avant
2436 1515 45 36 de
2505 1516 102 44 faire
2632 1529 42 23 sa
2700 1519 173 34 connais-

989 1572 125 31 sance,
1137 1563 18 43 j
1171 1563 95 35 étais
1288 1565 118 35 sortie
1430 1565 189 45 plusieurs
1642 1568 80 44 fois
1746 1581 91 24 avec
1863 1583 49 22 un
1937 1577 108 30 autre
2068 1585 116 32 jeune
2210 1575 148 35 homme
2384 1588 69 32 que
2477 1578 167 43 j'aimais
2669 1579 205 44 beaucoup,

989 1622 84 44 puis
1096 1623 163 44 quittant
1282 1625 35 35 la
1340 1626 89 35 ville
1453 1627 48 34 où
1523 1627 27 35 il
1572 1628 138 42 habite,
1733 1630 40 45 je
1796 1631 62 34 l'ai
1879 1644 51 22 un
1954 1638 70 39 peu
2049 1634 134 35 oublié.
2209 1635 64 35 Me
2296 1637 101 34 voici
2420 1649 164 24 revenue
2608 1640 72 34 liée
2704 1646 68 38 par
2796 1652 77 23 mes

988 1684 229 45 fiançailles.
1239 1688 71 34 l'ai
1335 1700 94 23 revu
1451 1701 40 23 ce
1513 1690 114 45 jeune
1651 1692 149 35 homme
1823 1699 35 29 et
1881 1707 83 22 mon
1989 1708 134 23 amour
2143 1697 89 35 s'est
2257 1699 140 35 ravivé.
2419 1700 45 35 Je
2486 1713 88 23 sens
2596 1714 70 32 que
2687 1702 39 44 je
2750 1703 123 35 l'aime

990 1748 83 43 plus
1098 1761 69 31 que
1193 1762 88 23 mon
1305 1751 130 44 fiancé
1462 1765 48 22 ou
1535 1753 121 45 plutôt
1682 1761 67 38 pas
1774 1755 45 35 de
1845 1756 36 35 la
1907 1758 119 35 même
2051 1759 118 44 façon
2198 1772 14 29 ;
2238 1760 198 46 j'éprouve
2463 1769 98 39 pour
2585 1764 53 35 lui
2663 1777 48 22 un
2740 1778 136 23 amour

989 1810 156 43 violent,
1168 1813 215 43 passionné,
1406 1814 200 45 irréfléchi
1633 1829 13 29 ;
1670 1824 98 37 pour
1789 1831 86 23 mon
1899 1820 130 44 fiancé
2053 1827 58 29 cet
2135 1835 134 23 amour
2293 1830 55 29 est
2372 1826 131 42 calme,
2526 1827 178 44 pondéré,
2730 1840 143 24 comme

993 1874 182 36 endormi.
1198 1876 22 35 J
1234 1876 37 35 ai
1293 1878 154 43 accepté
1470 1878 45 35 de
1537 1879 117 35 sortir
1676 1892 94 23 avec
1792 1881 53 35 lui
1867 1882 45 35 de
1936 1895 186 32 nouveau,
2144 1885 53 34 lui
2220 1893 167 29 avouant
2410 1900 78 23 mes
2510 1889 227 45 fiançailles.
2762 1891 32 34 Il
2816 1903 58 23 me

989 1936 55 35 dit
1066 1937 90 44 qu'il
1178 1939 148 35 m'aime
1350 1941 94 34 mais
1464 1941 40 44 je
1526 1942 77 35 sais
1625 1955 70 32 que
1717 1944 38 44 je
1778 1957 47 22 ne
1847 1953 101 36 peux
1970 1947 110 33 avoir
2100 1959 92 23 avec
2215 1948 52 35 lui
2290 1962 123 23 aucun
2437 1952 126 44 espoir
2584 1959 96 38 pour
2702 1954 169 36 l'avenir.

989 2000 74 35 J'ai
1094 2001 96 36 beau
1222 2015 56 22 me
1311 2003 210 43 raisonner,
1553 2017 87 23 mon
1671 2018 136 24 amour
1838 2014 55 29 est
1924 2009 83 44 plus
2036 2010 83 44 fort
2151 2023 69 32 que
2253 2024 57 23 ma
2345 2013 141 40 raison.
2516 2015 44 35 Je
2592 2016 161 36 délaisse
2786 2030 86 23 nwn

989 2063 131 44 fiancé
1143 2065 94 44 petit
1260 2065 21 35 à
1304 2066 106 44 petit,
1433 2067 40 44 je
1495 2068 156 45 souffre
1676 2069 21 34 à
1721 2069 34 36 la
1781 2071 136 43 pensée
1943 2072 89 44 qu'il
2055 2084 46 24 va
2127 2074 170 45 souffrir
2319 2075 59 35 s'il
2401 2077 169 44 apprend
2595 2078 80 36 cela
2701 2085 35 29 et
2760 2086 113 39 pour-

992 2131 81 30 tant
1093 2127 40 44 je
1154 2128 191 36 m'incline
1367 2129 45 35 de
1433 2130 84 44 plus
1540 2143 43 22 en
1607 2131 83 45 plus
1711 2144 88 23 vers
1820 2133 147 36 l'autre.
1988 2134 44 35 Je
2055 2147 45 23 ne
2122 2136 84 35 vois
2226 2137 84 44 plus
2333 2138 94 36 clair
2449 2152 45 22 en
2516 2140 87 43 moi,
2625 2141 39 44 je
2686 2142 80 35 suis
2787 2155 87 22 ner-

991 2201 128 31 veuse,
1144 2191 217 44 aidez-moi,
1387 2192 250 37 voulez-vous
1666 2195 19 34 ?
1710 2195 74 36 J'ai
1810 2196 202 45 confiance
2040 2210 44 22 en
2109 2204 110 30 votre
2245 2200 160 45 réponse
2433 2202 252 45 m'apportant
2712 2204 35 35 la
2773 2205 101 45 paix.

1512 2360 337 49 RÉPONSE
1892 2369 97 38 DE
2027 2369 331 40 COLETTE

1086 2467 54 34 Ici
1166 2479 96 23 vous
1288 2467 131 43 aimez,
1447 2468 35 34 là
1507 2481 48 22 on
1583 2481 95 23 vous
1704 2470 133 35 aime...
1865 2471 54 34 Là
1946 2484 94 23 vous
2068 2473 133 35 voulez
2228 2475 140 43 garder
2395 2487 41 23 ce
2464 2488 72 32 que
2563 2477 74 34 l'on
2665 2489 93 24 vous
2786 2490 86 32 pro-

988 2530 113 43 digue
1132 2542 8 30 ;
1164 2530 47 35 ici
1235 2543 93 23 vous
1350 2531 181 35 voudriez
1554 2538 82 29 tout
1657 2533 180 35 donner...

1081 2594 46 44 Je
1153 2606 45 23 ne
1224 2605 83 33 puis
1333 2602 181 36 pourtant
1539 2607 78 32 pas,
1644 2596 113 35 Cœur
1783 2597 245 42 Tourmenté,
2056 2610 93 23 vous
2176 2600 200 35 conseiller
2402 2601 35 34 la
2464 2601 174 45 bigamie.
2668 2603 204 36 D'ailleurs

987 2657 45 34 de
1055 2657 88 44 quoi
1166 2669 93 23 vous
1282 2664 353 30 tourmentez-vous
1666 2658 14 35 ?
1704 2659 33 34 A
1762 2659 108 46 vingt
1893 2672 79 30 ans,
1997 2660 234 37 écoute-t-on
2256 2675 49 22 un
2329 2675 134 23 amour
2494 2677 18 21 «
2539 2666 130 41 calme,
2692 2666 179 44 pondéré,

987 2732 144 23 comme
1158 2721 171 34 endormi
1358 2734 18 21 »
1413 2720 14 35 ?
1453 2722 121 35 Votre
1600 2722 70 45 âge
1696 2721 95 37 n'est
1817 2734 66 32 pas
1909 2724 96 35 celui
2032 2725 64 34 des
2123 2724 187 36 décisions
2340 2726 207 36 fortement
2574 2728 182 36 motivées
2782 2735 37 29 et
2846 2729 24 35 il

986 2795 59 23 me
1080 2783 139 36 semble
1254 2784 401 44 qu'inconsciemment
1691 2797 93 23 vous
1819 2785 185 36 cherchez
2039 2787 121 43 plutôt
2195 2788 65 34 des
2296 2800 159 24 excuses
2491 2801 70 32 que
2597 2790 64 35 des
2697 2792 172 35 conseils.

986 2847 108 35 Vous
1121 2858 144 24 avouez
1292 2859 71 32 que
1391 2847 185 35 l'absence
1604 2848 103 35 avait
1734 2848 100 35 suffi
1860 2860 96 32 pour
1982 2861 70 32 que
2080 2862 93 23 vous
2200 2850 161 36 oubliiez
2397 2865 20 20 «
2445 2864 50 23 un
2522 2864 72 32 peu
2623 2866 19 21 »
2672 2854 96 36 celui
2795 2854 74 45 qui,

988 2910 190 42 retrouvé,
1214 2922 96 23 vous
1348 2910 218 35 enflamme.
1605 2910 84 45 Que
1727 2911 320 44 n'essayez-vous,
2086 2919 110 29 usant
2235 2913 87 36 d'un
2362 2926 135 32 moyen
2537 2915 30 35 si
2607 2916 178 43 efficace,
2824 2918 46 35 de

986 2973 172 36 l'oublier
1191 2986 18 21 «
1237 2973 196 44 beaucoup
1461 2986 19 21 »
1516 2972 14 35 ?
1557 2974 175 35 Trouvez
1760 2986 45 23 en
1831 2974 120 35 même
1978 2981 119 38 temps
2121 2996 48 4 —
2193 2975 231 37 l'honnêteté
2451 2989 94 23 vous
2571 2991 23 31 y
2621 2978 116 36 invite
2763 3001 48 4 —
2836 2980 34 35 le

985 3048 166 33 courage
1170 3037 46 35 de
1237 3048 46 23 ne
1303 3036 106 44 point
1430 3036 160 45 épouser
1611 3049 75 22 non
1706 3037 82 43 plus
1809 3037 33 35 le
1865 3037 127 36 fiancé
2012 3038 62 43 qui
2096 3050 45 23 ne
2163 3050 93 23 vous
2278 3039 142 44 inspire
2442 3040 135 44 qu'une
2602 3041 88 36 fade
2712 3042 157 36 tiédeur.

985 3100 147 35 Autant
1159 3112 71 32 que
1257 3100 78 44 j'en
1363 3100 84 44 puis
1474 3100 125 44 juger,
1628 3100 25 34 il
1681 3112 160 32 manque
1869 3100 45 35 de
1942 3100 278 45 clairvoyance,
2249 3108 36 29 et
2313 3103 45 34 de
2388 3103 177 36 subtilité.
2596 3104 199 37 Comment
2823 3118 47 23 ne

984 3163 128 36 sent-il
1135 3175 67 33 pas
1224 3170 137 29 autour
1383 3164 45 34 de
1449 3175 107 29 vous,
1578 3169 136 29 autour
1735 3163 45 35 de
1804 3163 63 42 lui,
1889 3176 72 22 une
1983 3163 193 44 présence,
2199 3176 72 24 une
2294 3165 137 44 pensée
2454 3167 191 35 ennemies
2676 3167 15 34 ?
2714 3167 154 37 Laissez

983 3227 36 35 là
1040 3227 134 44 l'ange,
1198 3233 36 29 et
1255 3227 135 35 laissez
1412 3226 32 35 le
1467 3233 202 29 tentateur.
1693 3226 66 35 Ma
1781 3226 159 44 réponse
1962 3239 47 22 ne
2030 3238 94 24 vous
2146 3236 158 35 apporte
2327 3239 66 33 pas
2423 3241 18 21 «
2466 3229 35 35 la
2523 3230 90 43 paix
2637 3243 19 21 »
2680 3242 71 33 que
2773 3243 95 24 vous

983 3290 154 45 appelez
1172 3289 14 36 ?
1213 3290 174 36 Excusez
1412 3302 61 23 ma
1502 3289 194 36 franchise
1730 3301 8 30 ;
1764 3289 96 36 mais
1886 3289 38 44 je
1951 3301 45 24 ne
2022 3291 111 43 perds
2160 3301 67 33 pas
2253 3291 46 35 de
2325 3303 71 24 vue
2423 3303 71 33 que
2521 3304 94 24 vous
2641 3305 93 24 avez
2760 3294 109 45 vingt

983 3366 80 24 ans.
1097 3354 49 35 Et
1178 3354 39 44 je
1250 3353 76 36 n'ai
1357 3352 141 46 jamais
1530 3364 50 33 pu
1612 3364 136 33 penser
1781 3364 71 33 que
1885 3352 35 36 la
1953 3352 91 45 paix
2077 3353 73 35 soit
2185 3365 50 23 un
2268 3353 68 45 joli
2372 3355 143 37 cadeau
2548 3355 22 35 à
2606 3356 100 37 faire
2739 3356 24 36 à
2795 3369 73 24 une

981 3417 117 46 jeune
1124 3417 93 36 fille.
2489 3446 7 10 1

974 3617 42 40 *
1040 3618 31 32 J.
1100 3619 38 36 B.,
1168 3619 82 31 UNE
1278 3617 187 33 LECTRICE
1494 3618 130 32 BELGE.
1653 3618 37 31 En
1718 3630 32 20 sa
1782 3619 68 40 pré-

976 3676 106 25 sence,
1112 3667 28 37 je
1167 3667 60 29 suis
1255 3668 72 28 tout
1354 3665 17 31 à
1399 3665 61 31 fait
1487 3663 147 33 troublée
1663 3667 34 28 et
1724 3676 38 19 ne
1790 3666 60 29 sais

975 3710 105 40 quelle
1104 3713 202 29 contenance
1332 3710 148 41 prendre.
1502 3711 40 30 Je
1566 3712 59 29 suis
1648 3711 69 30 sûre
1739 3721 63 28 que
1825 3711 23 30 si

976 3756 102 40 j'étais
1104 3755 41 32 de
1171 3755 157 41 quelques
1354 3757 118 30 années
1500 3755 66 41 plus
1592 3757 84 39 âgée
1703 3767 65 19 mes
1794 3768 55 28 pa-

975 3805 83 28 rents
1081 3814 38 19 ne
1141 3804 160 29 verraient
1324 3813 57 30 pas
1404 3801 258 32 d'inconvénient
1684 3804 16 29 à
1724 3813 38 20 ce
1784 3813 64 27 que

975 3849 28 38 je
1026 3846 152 42 l'épouse,
1202 3860 53 19 car
1278 3847 17 32 il
1318 3851 48 28 est
1388 3847 42 32 de
1453 3847 105 32 bonne
1579 3846 119 33 famille
1721 3850 34 28 et
1777 3859 71 29 pos-

973 3892 77 32 sède
1079 3905 60 19 une
1169 3892 82 32 belle
1279 3895 161 30 situation.

1010 3977 92 27 Mais
1130 3978 78 26 tout
1236 3977 75 27 cela
1339 3984 38 20 se
1404 3977 164 34 présente
1592 3984 85 20 sous
1704 3977 44 26 de
1773 3976 74 27 très

972 4018 159 26 heureux
1152 4018 175 33 auspices,
1352 4018 22 25 il
1399 4025 56 20 me
1476 4018 141 30 semble,
1643 4019 34 25 et
1700 4018 23 25 il
1747 4018 58 32 n'y
1827 4024 21 19 a

972 4065 65 27 pas
1060 4058 69 27 lieu
1151 4058 43 27 de
1216 4058 215 34 désespérer.
1455 4058 57 26 Un
1533 4065 67 27 peu
1622 4059 43 26 de
1686 4058 163 34 patience

972 4099 224 34 simplement
1239 4107 6 22 ;
1284 4099 120 27 savoir
1437 4099 166 27 attendre
1637 4100 49 26 les
1722 4099 124 26 événe-

971 4140 126 30 ments,
1130 4139 60 34 qui
1219 4139 200 34 dépendent
1448 4139 182 34 beaucoup
1660 4139 114 26 moins
1804 4139 43 27 de

972 4187 38 20 ce
1036 4187 67 26 que
1129 4186 88 21 vous
1244 4186 147 27 pourrez
1418 4179 92 28 faire
1537 4187 43 19 ou
1607 4180 74 26 dire
1706 4186 67 27 que
1799 4180 46 26 du

971 4221 116 33 temps
1112 4221 35 27 et
1171 4220 46 27 du
1243 4219 126 29 destin.
1397 4220 196 28 Confiance
1618 4227 43 21 en
1686 4220 158 27 l'avenir.

1997 3616 40 40 *
2063 3617 113 33 LULU.
2203 3619 87 32 Nous
2315 3618 99 34 allons
2439 3620 162 33 ensemble
2627 3634 38 20 au
2693 3622 52 32 bal
2770 3626 34 28 et
2828 3636 39 20 au

1997 3664 133 31 cinéma.
2156 3663 18 32 Il
2199 3676 38 19 ne
2262 3665 59 31 m'a
2346 3667 108 38 jamais
2477 3666 99 32 offert
2599 3667 28 32 le
2650 3668 143 32 moindre
2815 3681 53 20 ca-

1997 3707 94 38 deau,
2117 3721 38 19 ce
2180 3712 54 38 qui
2259 3723 49 19 me
2334 3723 119 29 prouve
2478 3712 74 40 qu'il
2578 3717 49 27 est
2651 3726 106 19 avare.
2783 3714 19 31 Il
2828 3727 39 19 ne

1995 3753 86 33 salue
2112 3767 56 29 pas
2198 3768 65 19 mes
2293 3760 127 37 parents
2450 3756 136 42 lorsqu'il
2616 3758 44 32 les
2689 3763 177 33 rencontre,

1996 3812 37 19 ce
2061 3802 52 38 qui
2142 3813 118 28 prouve
2286 3801 74 40 qu'il
2387 3805 50 28 est
2463 3815 61 29 peu
2554 3803 74 41 poli.
2653 3805 42 31 Je
2719 3805 148 32 voudrais

1995 3858 136 28 rompre,
2154 3848 76 30 mais
2252 3847 49 39 j'ai
2324 3860 77 28 peur
2422 3847 41 32 de
2486 3848 38 32 lui
2544 3850 82 31 faire
2647 3850 41 32 de
2711 3849 26 33 la
2761 3853 105 39 peine,

1995 3903 54 19 car
2076 3893 28 38 je
2131 3894 59 29 suis
2216 3893 68 30 sûre
2310 3893 74 40 qu'il
2411 3894 136 32 m'aime.

2031 3974 96 27 Vous
2161 3982 204 27 remarquez
2398 3983 43 20 en
2472 3977 58 31 lui,
2565 3977 61 28 dès
2658 3978 23 27 à
2712 3979 153 33 présent,

1993 4015 79 34 trop
2102 4016 42 27 de
2174 4016 144 27 défauts
2349 4017 58 33 qui
2439 4024 87 20 vous
2558 4018 154 27 feraient
2742 4026 127 20 encore

1993 4055 78 33 plus
2096 4055 150 27 souffrir
2269 4063 64 27 par
2357 4057 34 26 la
2414 4057 102 27 suite.
2542 4057 43 28 Je
2608 4065 44 22 ne
2674 4059 91 27 crois
2789 4066 74 27 pas,

1993 4096 79 26 tant
2103 4096 23 26 il
2158 4098 54 25 est
2243 4097 69 26 loin
2343 4097 43 27 de
2415 4099 100 26 votre
2546 4098 101 32 idéal,
2681 4106 67 26 que
2777 4107 90 20 vous

1992 4135 151 34 puissiez
2180 4136 75 27 être
2291 4137 174 28 heureuse
2497 4145 89 20 avec
2623 4139 57 27 lui.
2718 4139 29 26 Il
2784 4140 82 27 faut

1992 4176 100 26 avoir
2135 4176 32 27 le
2209 4183 152 28 courage
2403 4178 44 27 de
2487 4184 44 21 ne
2574 4185 63 27 pas
2680 4179 187 34 prolonger

1991 4216 80 34 plus
2121 4217 199 34 longtemps
2370 4224 68 21 une
2488 4218 144 34 pareille
2681 4219 183 27 situation.
