3432 4984
308 480 104 164 3.
492 484 384 204 Gogm
952 488 188 156 dcs
1220 480 812 216 ^«iiiKlivit«
2108 476 972 212 „UM-Nstt."

1259 713 164 44 Wie«,
1461 715 220 46 Tonnerstag
1707 717 66 35 den
1797 714 38 37 8.
1861 713 145 45 Jäuuer
2029 712 110 38 1874.

360 892 720 92 Hages-Wemgkeiten.

494 1002 185 36 (Fortsetzung
701 1010 63 20 vom
785 1002 23 27 2.
829 1000 119 37 Bogen.)

374 1054 62 36 Am
460 1055 77 42 heil.
564 1054 302 44 Trei-Königstage
895 1054 104 43 hatten
1034 1054 137 42 mehrere

260 1098 131 35 Damen
415 1110 62 23 von
503 1100 76 42 Pest
604 1100 31 32 in
661 1100 55 33 den
741 1091 126 50 Kirchen
892 1109 36 32 zu
953 1100 141 40 Gunsten
1119 1099 52 33 der

261 1143 277 43 Cholera-Waisen
580 1144 150 41 Spenden
764 1144 183 42 gesammelt.
998 1144 62 34 Die
1087 1143 70 41 „Ge­

258 1188 307 42 wohnheitsbettler"
592 1188 125 39 mußten
743 1188 52 43 sich
833 1188 129 41 deshalb
993 1188 56 34 mit
1074 1188 96 33 einem

259 1232 158 44 Plätzchen
445 1243 58 23 vor
528 1233 157 40 denselben
711 1233 173 42 begnügen.
933 1233 100 34 Einen
1057 1233 113 43 solchen

256 1277 122 34 Bettler
402 1276 133 43 verdroß
562 1277 75 34 dies.
648 1278 44 33 Er
717 1283 64 28 trat
806 1288 35 31 zu
868 1278 83 33 einer
976 1278 52 33 der
1046 1278 124 34 Damen

258 1321 62 33 und
345 1321 100 42 fragte
470 1321 49 41 sie,
545 1322 51 43 für
621 1332 67 23 wen
713 1322 38 41 sie
777 1322 134 41 sammle.
938 1342 42 4 —
1009 1323 89 41 „Für
1123 1322 46 34 die

256 1365 287 43 Cholerawaisen",
586 1377 69 23 war
691 1367 46 33 die
778 1367 155 34 Antwort.
975 1387 42 4 —
1060 1367 108 42 „Nun,

254 1409 132 43 gnädige
412 1411 121 42 Frau",
559 1411 72 42 fuhr
657 1422 32 23 er
714 1412 73 41 fort,
816 1412 82 40 „Sie
922 1411 101 43 haben
1048 1417 62 28 uns
1129 1412 39 33 da

254 1454 139 41 draußen
418 1456 89 41 heute
537 1456 59 33 das
624 1457 181 41 „Geschäft"
833 1456 182 41 verdorben,
1044 1457 53 43 für
1122 1456 46 34 die

254 1498 252 43 Cholerawaisen
524 1501 112 42 schenke
650 1501 39 42 ich
705 1502 73 33 aber
794 1503 70 40 auch
881 1503 40 32 10
935 1502 169 41 Kreuzer!"
1125 1521 42 4 —

254 1543 140 42 „Danke,
419 1544 83 43 Herr
531 1546 158 42 College",
719 1547 82 41 sagte
827 1546 46 34 die
903 1547 104 34 Dame
1032 1546 134 43 lächelnd

253 1598 37 32 zu
315 1588 67 34 dem
409 1590 134 40 Manne,
574 1590 52 33 der
655 1591 112 33 wieder
798 1601 36 32 zu
859 1591 110 42 seinem
995 1591 81 34 alten
1102 1591 51 44 Po­

251 1634 63 41 sten
339 1633 231 43 zurückwankte.

359 1686 68 38 Der
464 1687 183 44 Eisenbahn
666 1704 10 12 -
694 1688 254 43 Zusammenstoß
990 1688 175 44 außerhalb

251 1731 218 45 Hetzendorf,
516 1734 124 43 welcher
684 1734 151 42 Samstag
876 1734 73 42 früh
990 1734 88 43 durch
1120 1734 45 33 die

251 1777 233 43 Nachlässigkeit
524 1778 53 33 des
613 1778 311 44 Maschinensührers
951 1778 54 34 des
1032 1778 134 43 Triester

252 1821 174 43 Postzuges
452 1822 228 44 herbeigeführt
705 1824 117 39 wurde,
858 1824 55 42 hat
939 1823 46 34 die
1010 1823 155 35 General-

250 1866 188 42 Jnspection
463 1867 53 34 der
534 1867 176 42 Eisenbahn
735 1878 36 32 zu
797 1868 82 34 einer
897 1878 138 33 genauen
1053 1869 97 33 Unter­

251 1910 129 43 suchung
411 1911 54 34 des
495 1912 182 42 Sachfalles
706 1912 175 43 veranlaßt.
932 1914 68 33 Der
1024 1913 127 34 Konduk­

252 1959 69 30 teur
345 1955 137 43 Johann
508 1957 27 33 A
553 1958 45 43 uf
612 1958 11 39 s
639 1967 53 31 pr
709 1967 96 33 ung,
831 1957 125 44 welcher
981 1957 47 34 bei
1054 1958 110 41 diesem

251 2000 226 43 Unglücksfalle
503 2001 57 34 das
586 2001 100 35 Leben
712 2002 154 39 einbüßte,
886 2002 170 43 hinterläßt
1075 2003 89 41 Frau

251 2045 62 33 und
338 2045 66 34 vier
428 2045 124 35 Kinder.
584 2047 74 34 Das
684 2046 299 44 Leichenbegängniß
1009 2047 155 42 desselben

251 2089 75 43 fand
358 2089 139 44 Montag
531 2091 195 43 Nachmittag
767 2099 89 27 unter
891 2091 181 45 zahlreicher
1101 2093 64 33 An-

253 2133 186 53 theilnahme
465 2136 78 41 statt.

360 2178 68 37 Ein
453 2180 134 42 seltenes
613 2179 235 44 Wiederfinden
873 2182 122 43 vollzog
1028 2181 52 44 sich
1114 2192 50 23 am

252 2223 237 44 Neujahrstage
525 2225 31 34 in
593 2225 52 35 der
680 2227 209 34 Weinkellerei
924 2237 89 32 „zum
1045 2226 120 42 weißen

253 2268 138 44 Stiefel"
425 2279 50 23 am
504 2269 171 45 Porzitsch
705 2271 33 34 in
763 2272 100 42 Prag.
911 2271 90 43 Zwei
1024 2272 139 42 Brüder,

251 2313 109 41 welche
384 2313 52 42 seit
459 2313 83 43 ihrer
567 2316 153 42 frühesten
739 2316 130 42 Jugend
884 2322 139 36 getrennt
1047 2326 117 31 waren,

251 2357 115 35 fanden
391 2358 52 42 sich
470 2359 51 33 als
547 2359 142 34 Männer
714 2360 121 34 wieder.
862 2361 71 34 Den
959 2360 100 34 Einen
1082 2361 83 42 hatte

254 2407 60 29 oas
348 2402 150 44 Schicksal
537 2404 71 42 nach
647 2405 141 33 Amerika
827 2405 190 42 verschlagen
1043 2404 121 44 gehabt,

251 2456 64 24 von
340 2457 49 24 wo
413 2458 32 23 er
461 2448 53 42 seit
531 2458 163 32 geraumer
712 2450 69 41 Zeit
797 2449 72 42 nach
887 2450 144 41 Böhmen
1049 2449 103 42 zurück­

253 2492 120 43 gekehrt
397 2502 77 24 war.
500 2493 95 43 Ohne
621 2494 145 33 einander
793 2503 35 32 zu
854 2494 121 40 kennen,
1000 2493 93 41 saßen
1118 2494 46 33 die

253 2536 120 35 Beiden
400 2547 40 23 an
465 2536 96 34 einem
576 2538 101 42 Tische
698 2538 62 33 und
783 2537 124 43 führten
925 2538 140 43 eingleich
1084 2538 67 43 gilti­

253 2585 56 38 ges
335 2581 169 43 Gespräch,
529 2582 50 33 bis
607 2588 32 27 es
665 2583 130 42 plötzlich
833 2582 89 44 durch
949 2583 46 33 die
1021 2583 143 43 zufällige

254 2625 158 44 Nennung
444 2626 86 43 ihres
558 2627 289 41 Familiennamens
888 2637 36 32 zu
950 2628 214 43 Erklärungen

252 2670 67 33 kam
344 2670 61 34 und
430 2670 39 41 sie
494 2671 52 40 sich
572 2672 179 42 gegenseitig
770 2672 50 33 als
839 2672 127 35 Brüder
991 2672 172 34 erkannten.

361 2714 67 37 Ein
465 2712 319 45 Gerichtskommissär
822 2717 51 34 als
919 2716 245 44 Räuberhaupt-

252 2768 109 27 mauu.
386 2761 70 32 Aus
482 2760 77 42 Pest
583 2761 79 33 wird
688 2767 61 27 uns
776 2761 153 43 berichtet:
948 2762 61 43 Im
1026 2761 135 42 Velejter

252 2805 110 34 Walde
387 2805 192 42 (Zempliner
604 2806 150 35 Komitat)
780 2806 104 43 halten
909 2806 52 43 sich
987 2808 20 31 6
1032 2806 133 35 Räuber

253 2850 65 42 auf,
342 2849 33 34 in
399 2850 91 33 deren
514 2851 160 42 Anführer
699 2851 87 33 Viele
819 2850 137 43 Michael
989 2851 176 43 Füzessery,

254 2894 172 42 gewesenen
452 2895 160 41 Exekutor,
638 2905 35 31 zu
698 2895 146 34 erkennen
869 2895 144 43 glauben,
1032 2896 52 34 der
1106 2906 45 24 we­

253 2948 58 32 gen
334 2939 155 43 mehrerer
513 2940 212 42 Unterschleife
762 2950 37 32 zu
835 2940 64 33 drei
935 2941 128 43 Jahren
1092 2942 60 33 Ker­

252 2984 68 32 kers
345 2983 183 43 verurtheilt
553 2984 126 33 worden
705 2994 77 24 war.

361 3027 85 37 Eine
472 3027 193 43 schauerliche
691 3026 229 46 Hungersnoth
947 3030 74 42 steht
1037 3031 33 33 in
1087 3030 77 41 Lst-

253 3072 123 37 indien
401 3072 104 35 bevor.
526 3074 67 40 Für
619 3075 42 32 6>^>
687 3071 172 36 Millionen
883 3075 164 42 Menschen
1071 3076 95 40 sollen

254 3118 55 42 auf
334 3117 47 34 die
404 3118 70 42 Zeit
499 3128 61 23 von
585 3120 21 30 4
632 3118 157 33 Monaten
816 3118 46 34 die
889 3119 278 43 Nahrungsmittel

254 3162 110 44 fehlen.
414 3162 177 42 (Ostindien
624 3163 82 42 zählt
744 3165 121 32 73.50«)
900 3164 265 35 Ouadratmeilen

255 3207 62 33 und
342 3209 63 31 201
433 3207 172 34 Millionen
632 3208 213 42 Einwohner).

368 3251 67 36 Ein
461 3250 118 37 Verein
607 3257 61 30 von
695 3252 186 37 Sammlern
912 3253 52 35 der
990 3252 177 45 Cigarren-

256 3294 128 45 Abfälle
410 3296 111 42 existirt
545 3297 84 42 schou
654 3297 52 40 seit
732 3300 16 31 7
776 3298 130 42 Jahren
930 3298 32 33 in
987 3298 89 44 Prag
1102 3298 62 34 und

256 3340 53 43 hat
333 3340 99 43 jüngst
450 3341 111 34 wieder
587 3344 43 31 20
655 3352 84 23 arme
758 3342 229 42 Waisenkinder
1014 3348 60 28 aus
1101 3343 66 33 dem

257 3385 193 43 Erträgnis?
487 3386 94 41 seiner
616 3387 235 43 Sammlungen
886 3387 57 34 mit
980 3388 173 43 Kleidungs­

257 3429 109 42 stücken
389 3430 151 43 versehen.

366 3483 73 37 Tas
465 3483 89 43 Jahr
581 3484 89 37 1874
698 3485 37 42 ist
762 3485 51 36 ein
840 3486 198 45 „gemeines"
1067 3486 102 45 Jahr,

258 3527 52 34 der
335 3528 233 43 Jahresregent
600 3530 84 42 heißt
717 3531 132 33 diesmal
876 3532 181 40 „Saturn."
1092 3533 75 34 Das

257 3572 90 43 Jahr
372 3572 79 34 wird
476 3573 52 43 sich
554 3574 88 43 durch
668 3575 65 41 sehr
758 3575 211 43 interessante,
1007 3577 73 34 aber
1109 3587 60 24 nur

259 3616 162 43 theilweise
454 3618 142 42 sichtbare
622 3619 195 42 Finsternisse
851 3621 207 43 auszeichnen.
1096 3622 73 33 Von

258 3661 57 34 den
363 3662 75 42 zwei
486 3663 338 43 Sonnenfinsternissen
871 3666 79 33 wird
1003 3666 46 34 die
1097 3667 72 39 erste

260 3707 66 40 (16.
353 3707 107 41 April)
486 3707 63 33 eine
575 3709 113 40 totale,
724 3709 65 42 hier
821 3710 77 42 nicht
926 3710 161 42 sichtbare,
1124 3711 45 34 die

259 3750 103 42 zweite
380 3753 66 38 (10.
464 3752 153 41 Oktober)
636 3753 63 33 eine
724 3753 214 50 ringförmige,
963 3755 65 42 hier
1044 3755 126 42 partiell

259 3793 143 44 sichtbare
438 3795 70 43 sein.
558 3797 60 33 Am
656 3800 27 31 1.
715 3797 75 34 Mai
827 3799 67 33 tritt
931 3799 63 34 eine
1018 3800 152 42 partielle,

259 3838 67 43 hier
363 3839 78 43 nicht
483 3840 143 43 sichtbare
664 3842 304 42 Mondessinsterniß
1013 3844 61 34 und
1121 3855 50 23 am

258 3884 54 33 25.
337 3883 141 35 October
503 3885 63 34 eine
591 3887 94 33 totale
712 3886 320 44 Mondessinsterniß,
1065 3889 106 42 welche

260 3927 154 44 ebenfalls
439 3929 64 42 hier
528 3930 76 43 nicht
629 3930 127 43 sichtbar
785 3932 61 40 sein
878 3932 95 41 wird,
1004 3933 57 35 ein.
1105 3934 67 34 Der

262 3971 148 45 Fasching
446 3974 35 41 ist
520 3985 62 23 von
622 3975 129 43 ziemlich
795 3976 102 42 kurzer
934 3977 128 44 Dauer;
1089 3978 71 35 .der­

262 4016 78 41 selbe
380 4017 85 34 endet
505 4018 84 44 schon
630 4030 49 23 am
718 4022 49 32 17.
806 4021 144 41 Februar
990 4022 60 33 und
1092 4023 82 40 zählt

260 4062 44 31 42
329 4061 96 42 Tage.

369 4105 67 37 Ein
480 4107 208 36 verbranntes
732 4108 166 42 Mädchen.
939 4111 108 42 Dieser
1086 4112 87 44 Tage

264 4148 150 44 befanden
454 4150 52 42 sich
531 4153 136 40 mehrere
692 4153 113 35 Kinder
830 4155 32 34 in
888 4155 96 34 einem
1009 4156 104 43 Hause
1138 4167 36 32 zu

262 4194 190 44 Grundberg
492 4195 47 34 bei
574 4197 99 42 Steyr
728 4199 76 40 ohne
829 4200 133 42 Aufsicht
990 4201 61 33 und
1077 4201 84 43 einge­

270 4238 108 42 sperrt.
405 4240 61 33 Als
494 4240 45 34 die
567 4242 339 42 Elternzurückkamen,
931 4244 113 42 fanden
1069 4245 38 41 sie
1124 4246 50 42 ihr

265 4282 210 44 vierjähriges
494 4285 154 43 Mädchen
669 4286 109 42 Louise
797 4288 100 42 Fuchs
919 4289 171 34 verbrannt
1113 4290 61 33 und

265 4326 75 34 todt.
372 4328 61 33 Die
457 4329 126 43 Ursache
623 4330 95 42 dieses
758 4331 149 44 Unglücks
936 4332 35 43 ist
1003 4334 70 40 noch
1098 4334 77 44 nicht

264 4369 137 36 bekannt.

374 4414 60 42 Im
461 4416 105 42 Stifte
591 4414 165 49 Göttweig
793 4420 94 42 findet
918 4420 163 45 Mittwoch
1119 4422 56 35 den

267 4461 51 33 14.
343 4460 128 43 Jänner
498 4461 45 34 die
569 4462 240 46 Prälatenwahl
834 4466 78 40 statt.

483 4505 116 37 Starke
625 4505 336 48 Erderschiitterungen

267 4547 100 51 haben
391 4548 124 45 kürzlich
542 4551 117 42 Nachts
686 4551 45 33 die
746 4553 177 43 Bewohner
946 4565 63 22 von
1028 4554 146 37 Contina

265 4591 35 35 in
324 4593 151 42 Ampezzo
502 4595 42 40 (T
558 4595 95 33 irol
663 4605 4 23 >
693 4596 76 42 nicht
794 4598 100 42 wenig
920 4599 158 40 erschreckt,
1104 4599 69 43 doch

266 4636 141 43 richteten
432 4638 46 33 die
503 4639 218 40 wiederholten
740 4641 150 44 Erdstösse
916 4642 258 45 glücklicherweise

266 4680 101 36 keinen
390 4682 142 36 weiteren
559 4684 142 44 schaden
726 4694 49 25 an.

1347 839 67 44 Zur
1450 840 234 45 Restaurirung
1725 840 53 37 des
1820 838 86 37 alten
1950 838 201 45 Preßbnrger

1241 882 120 38 Domes
1397 885 128 34 wurden
1559 895 64 24 von
1660 887 60 33 Sr.
1752 884 152 43 Majestät
1944 884 67 34 dem
2046 884 107 42 Kaiser

1242 930 119 33 10.000
1385 929 32 42 fl.
1445 935 60 29 aus
1531 929 66 35 dem
1622 929 275 51 Religionsfondet
1921 928 157 43 bewilligt.
2105 929 46 34 Es

1240 973 101 44 dürfte
1366 974 85 41 wohl
1475 975 48 34 ein
1545 974 165 35 bedeutend
1736 976 148 42 größerer
1900 973 120 43 Betrag
2045 973 107 43 nöthig

1239 1019 133 41 werden,
1400 1020 57 41 soll
1481 1019 59 34 das
1567 1019 134 42 Portale
1724 1019 59 44 frei
1807 1018 138 44 werden;
1972 1018 79 34 denn
2076 1018 77 42 dazu

1239 1065 85 32 wäre
1361 1063 46 34 die
1433 1064 172 42 Einlösung
1631 1064 84 34 eines
1742 1064 72 34 oder
1841 1063 109 43 zweier
1974 1063 121 44 Häuser
2119 1063 34 34 in

1240 1107 52 34 der
1316 1108 194 43 Judengasse
1537 1108 117 44 nöthig.

1347 1152 85 37 Eine
1449 1153 144 43 sqwarze
1611 1153 177 43 Prinzessin
1805 1153 54 44 hat
1875 1153 52 44 sich
1946 1152 47 35 ein
2007 1152 132 44 Tischler­

1239 1197 104 42 geselle
1369 1203 61 28 aus
1448 1201 195 33 Temesdar
1664 1208 55 32 zur
1737 1199 88 41 Frau
1850 1208 189 33 genommen.
2064 1198 88 43 Zehn

1239 1242 106 42 Jahre
1380 1252 69 24 war
1485 1253 31 24 er
1540 1253 62 23 von
1627 1242 52 35 der
1703 1242 126 44 Heimat
1864 1244 77 43 fort,
1985 1243 64 43 jetzt
2078 1242 74 34 aber

1238 1287 79 34 wird
1343 1297 32 24 er
1400 1287 239 42 zurückkommen
1664 1293 61 28 aus
1748 1288 107 43 Afrika
1880 1288 61 34 und
1965 1287 33 35 in
2023 1289 128 34 Temes-

1236 1341 59 24 var
1319 1332 56 34 mit
1399 1332 97 42 seiner
1520 1332 168 43 schwarzen
1706 1332 164 43 Ehehälfte
1896 1332 149 43 glückliche
2063 1333 88 42 Tage

1237 1376 151 35 verleben.
1426 1377 62 35 Die
1514 1378 109 33 Eltern
1648 1377 52 34 der
1717 1377 175 44 Prinzessin
1916 1377 75 41 sind,
2016 1377 57 34 wie
2098 1377 52 34 der

1238 1421 239 43 Tischlergeselle
1513 1421 137 43 schreibt,
1687 1421 172 43 gestorben,
1897 1421 61 34 und
1984 1421 46 34 die
2054 1422 82 43 Prin­

1238 1465 88 42 zessin
1363 1466 54 43 hat
1452 1467 30 42 so
1519 1466 62 34 viel
1604 1466 174 43 Goldstaub
1815 1466 119 43 geerbt,
1971 1465 60 44 daß
2062 1477 30 23 er
2117 1466 32 34 in

1238 1511 131 42 Europa
1394 1511 51 34 als
1470 1511 111 44 reicher
1607 1511 108 34 Mann
1741 1511 85 34 leben
1851 1511 86 33 kann.

1344 1564 73 37 Tas
1435 1564 103 50 schöne
1555 1565 182 43 Pusterthal
1755 1564 88 45 feiert
1870 1564 42 34 im
1929 1574 98 25 neuen
2044 1564 105 44 Jahre

1236 1608 47 35 ein
1301 1608 273 45 hundertjähriges
1593 1610 172 43 Jubelfest;
1790 1610 79 33 denn
1885 1610 43 33 im
1945 1610 106 43 Jahre
2064 1611 85 32 1774

1236 1653 72 43 ging
1327 1654 51 34 der
1403 1655 98 41 erste
1519 1655 241 43 Postwagen
1785 1654 140 43 zweimal
1941 1654 42 34 im
2013 1654 135 34 Monate

1235 1698 89 43 durch
1361 1699 59 34 das
1446 1699 181 44 Pusterthal
1662 1700 72 43 nach
1775 1700 138 34 Kärnten
1949 1699 62 34 und
2048 1698 101 44 zurück

1234 1742 77 35 über
1351 1743 55 35 den
1439 1744 144 35 Brenner
1623 1745 61 33 und
1724 1744 71 42 nach
1826 1744 136 44 Italien.
2014 1743 135 44 Welcher

1235 1788 147 43 Contrast
1407 1789 42 33 im
1474 1789 106 43 Jahre
1607 1791 96 40 1874,
1728 1799 49 24 wo
1803 1788 163 42 innerhalb
1984 1790 43 32 24
2045 1789 90 34 Stun­

1235 1833 55 33 den
1316 1833 46 34 die
1386 1834 77 43 Post
1489 1835 140 42 zweimal
1655 1834 180 44 Pusterthal
1866 1833 53 44 hin
1952 1834 63 34 und
2046 1833 101 43 zurück

1233 1877 56 35 mit
1314 1877 66 35 dem
1406 1879 182 43 Dampfroß
1614 1879 153 43 durcheilt.

1341 1932 68 36 Ter
1441 1933 202 43 PostVerkehr
1679 1933 36 36 in
1749 1931 96 38 Wien
1874 1933 63 36 und
1963 1931 183 46 Umgebung

1233 1975 83 43 weist
1340 1978 53 42 für
1418 1977 59 34 das
1511 1977 73 35 eben
1618 1979 200 42 abgelaufene
1850 1978 90 43 Jahr
1972 1978 46 34 die
2042 1977 106 43 riesige

1233 2022 100 43 Ziffer
1357 2032 62 24 von
1443 2024 197 40 45,557.551
1668 2023 130 44 Briefen
1835 2028 72 37 aus,
1947 2023 30 42 so
2008 2022 60 41 daß
2104 2022 43 33 im

1234 2066 210 43 Durchschnitt
1469 2068 55 43 auf
1548 2067 63 43 jede
1635 2068 122 45 Person
1790 2068 86 43 mehr
1907 2068 50 33 als
1983 2067 48 34 ein
2055 2067 93 44 Brief

1233 2111 188 44 wöchentlich
1452 2112 119 35 kommt.

1339 2165 364 46 Lffertausschreibuug.
1741 2167 68 42 Für
1834 2166 57 35 den
1915 2166 155 35 Oberbau
2094 2165 53 35 der

1232 2210 22 34 k.
1280 2210 22 34 k.
1329 2210 216 44 Hof-Museen
1568 2212 107 33 wurde
1700 2222 40 24 an
1762 2212 297 43 Baugesellschaften
2084 2211 61 33 und

1233 2255 132 42 einzelne
1401 2256 196 42 Baumeister
1633 2257 65 34 eine
1742 2256 185 44 beschränkte
1965 2257 166 42 Offertver­

1233 2300 160 45 handlung
1430 2300 240 44 ausschrieben.
1722 2302 68 34 Der
1814 2301 130 35 Termin
1980 2301 70 43 geht
2085 2310 60 24 nur

1233 2344 51 33 bis
1311 2345 42 32 14
1376 2345 138 42 Jänner.

1341 2398 59 30 Der
1411 2398 335 38 Verwaltungsrath
1755 2399 46 30 der
1816 2398 327 38 „ErstenWaggon-

1235 2441 220 36 leihanstalt"
1470 2443 48 35 hat
1538 2444 30 29 in
1588 2444 86 33 seiner
1689 2444 88 33 letzten
1793 2444 116 36 Sitzung
1931 2444 41 29 die
1986 2444 158 35 Einlösung

1234 2487 47 29 des
1302 2487 267 35 Jänner-Coupons
1595 2487 52 30 mit
1670 2489 33 26 10
1722 2488 28 35 fl.
1771 2488 57 29 und
1850 2489 42 28 die
1912 2488 166 36 Liberirung
2099 2488 47 29 der

1233 2531 100 30 Actien
1362 2532 30 29 in
1423 2533 45 28 der
1489 2532 54 30 Art
1564 2532 167 35 beschlossen,
1762 2532 54 34 daß
1846 2533 64 34 sünf
1939 2532 52 30 mit
2020 2532 23 35 je
2062 2533 36 27 80
2117 2533 28 34 fl.

1233 2576 166 36 einbezahlte
1420 2577 248 35 Jnterimsscheine
1698 2577 29 30 in
1751 2578 18 26 4
1794 2577 99 30 Actien
1914 2586 15 18 »
1950 2578 52 27 1VV
2026 2577 27 34 fl.
2083 2586 63 21 con-

1233 2622 98 30 vertirt
1350 2622 118 29 werden.

1342 2665 82 38 Vom
1449 2665 306 47 Kriegsschauplätze
1791 2667 34 36 in
1856 2666 130 45 Afrika,
2021 2678 50 23 wo
2097 2667 35 34 be­

1234 2712 144 42 kanntlich
1416 2712 47 34 die
1488 2713 180 42 Engländer
1710 2723 94 33 gegen
1828 2712 46 34 die
1906 2712 171 43 Aschanti's
2102 2712 43 34 im

1235 2757 93 42 Felde
1353 2756 109 44 stehen,
1487 2757 79 34 wird
1592 2757 153 43 berichtet:
1786 2757 68 35 Der
1886 2757 141 43 englische
2051 2757 81 42 Kapi­

1234 2805 55 31 tän
1313 2802 123 34 Glover
1475 2801 60 42 ließ
1575 2802 182 44 sämmtliche
1797 2802 204 44 einheimische
2025 2802 119 42 Könige

1233 2846 165 43 innerhalb
1424 2846 84 35 eines
1534 2846 188 42 bestimmten
1740 2846 170 43 Umkreises
1936 2846 72 43 nach
2034 2846 110 43 seinem

1234 2891 251 43 Hauptquartier
1511 2901 36 33 zu
1572 2892 99 33 Accra
1694 2892 177 43 bescheiden,
1897 2902 52 23 um
1972 2891 92 44 ihnen
2089 2891 56 34 den

1233 2936 93 42 Bries
1350 2936 52 33 der
1427 2936 135 43 Königin
1585 2937 157 42 Victoria,
1767 2937 53 34 der
1845 2937 39 42 sie
1921 2946 53 33 zur
2008 2936 123 43 Waffen­

1235 2979 205 46 brüderschaft
1466 2981 197 42 aufforderte,
1677 2982 187 42 vorzulesen.
1890 2981 70 34 Und
1984 2980 39 42 sie
2042 2981 103 33 kamen

1236 3025 69 41 alle,
1330 3025 45 34 die
1401 3035 32 24 er
1457 3026 70 43 rief.
1576 3026 158 43 Während
1772 3026 98 34 dreier
1902 3026 130 42 Wochen
2057 3025 87 34 ward

1236 3069 47 34 die
1308 3069 184 43 Heerstraße
1516 3071 77 43 nicht
1618 3072 61 33 leer
1704 3081 62 24 von
1802 3071 167 43 schwarzen
1995 3070 137 42 Majestä­

1235 3119 65 37 ten;
1327 3114 190 43 Majestäten
1555 3116 33 33 in
1628 3116 222 43 adamitischem
1891 3116 143 39 Costnme
2074 3114 71 35 oder

1236 3158 248 44 Halbnacktheit;
1510 3160 191 42 Majestäten
1724 3160 33 35 in
1787 3159 220 44 einheimischer
2034 3159 112 43 Tracht

1236 3203 61 33 und
1324 3203 189 43 Majestäten
1551 3205 32 34 in
1608 3205 96 34 einem
1730 3205 136 43 Gemisch
1907 3215 63 24 von
2002 3204 130 42 europäi­

1236 3247 91 43 schem
1352 3249 61 34 und
1439 3250 263 43 Negergewande.
1727 3250 179 41 Besonders
1943 3249 71 43 stolz
2038 3259 107 23 waren

1236 3292 39 41 sie
1300 3294 54 42 auf
1379 3293 60 34 alte
1466 3295 123 42 Schuhe
1614 3294 62 34 und
1701 3294 95 44 Hüte,
1821 3294 61 34 und
1908 3294 83 34 einer
2015 3293 52 34 der
2081 3293 51 43 Po­

1236 3341 134 30 tentaten
1395 3339 126 43 erschien
1545 3340 103 42 sogar,
1673 3349 53 24 um
1751 3339 46 34 die
1812 3339 117 34 andern
1954 3348 37 33 zu
2014 3337 117 35 verdun­

1237 3381 72 41 keln,
1333 3382 32 33 in
1390 3383 95 34 einem
1510 3384 183 43 Damenhut
1732 3384 56 34 mit
1826 3383 169 35 wallender
2036 3382 107 43 Feder.

1236 3427 96 33 Unter
1357 3427 65 34 dem
1438 3428 125 43 Schalle
1587 3439 62 23 von
1663 3429 202 43 Gonggongs
1890 3428 62 33 und
1964 3428 181 38 Tamtams,

1238 3470 46 34 die
1309 3471 55 34 mit
1387 3473 206 44 menschlichen
1610 3473 167 43 Schädeln,
1799 3472 197 42 Kinnbacken,
2014 3472 132 43 Zähnen

1237 3515 62 34 und
1340 3515 175 46 abscheulich
1567 3518 168 42 stinkenden
1787 3516 359 44 Menschenfleischresten

1237 3559 130 43 verziert
1390 3571 118 32 waren,
1533 3572 94 33 zogen
1652 3563 39 39 sie
1719 3562 52 35 in?
1808 3561 253 44 Hauptquartier
2086 3560 58 41 ein,

1238 3605 186 43 vernahmen
1449 3606 45 34 die
1519 3606 158 44 Botschaft
1701 3607 53 34 der
1778 3607 136 42 Königin
1938 3606 62 34 und
2036 3605 96 43 schwu­

1238 3659 55 24 ren
1330 3650 216 44 enthusiastisch
1582 3651 377 43 Bundesgenossenschaft.
2009 3651 61 42 Ja,
2107 3649 39 41 sie

1240 3692 139 44 gelobten
1403 3696 99 42 sogar,
1542 3696 53 43 sich
1621 3696 214 43 hinzustrecken
1875 3695 61 34 und
1978 3695 46 34 die
2048 3695 99 41 Köpfe

1241 3738 176 42 abschlagen
1441 3750 36 32 zu
1502 3740 105 43 lassen,
1632 3751 91 23 wenn
1747 3740 52 34 der
1824 3740 137 42 Kapitän
1998 3750 40 23 an
2062 3739 84 42 ihrer

1241 3783 174 42 Tapferkeit
1440 3794 37 33 zu
1502 3785 138 44 zweifeln
1664 3785 126 43 Ursache
1815 3785 91 42 hätte.
1945 3785 59 33 Am
2029 3784 105 43 folgen­

1241 3828 56 33 den
1328 3827 87 43 Tage
1453 3829 128 34 wurden
1620 3830 40 39 sie
1698 3830 56 33 mit
1794 3829 134 43 Waffen,
1969 3828 177 40 Munition,

1240 3872 208 35 Branntwein
1487 3873 62 35 und
1590 3873 279 44 Mundvorräthen
1907 3874 139 42 versorgt
2085 3872 61 34 uud

1241 3917 83 34 dann
1347 3916 71 43 nach
1443 3917 84 44 ihrer
1540 3918 127 44 Heimat
1691 3918 113 34 wieder
1828 3918 156 43 entlassen,
2008 3928 52 23 um
2078 3917 69 34 dort

1241 3962 56 33 den
1322 3960 118 44 Aufruf
1465 3972 67 32 zum
1557 3964 131 41 Kampfe
1713 3962 208 43 abzuwarten.

1348 4012 65 37 Tie
1437 4014 104 37 Kälte
1565 4016 39 36 in
1626 4015 272 45 Siebenbürgen
1923 4015 35 43 ist
1983 4015 91 44 Heuer
2099 4014 35 34 be­

1241 4059 77 34 reits
1356 4058 127 44 ziemlich
1520 4061 76 41 stark
1632 4061 199 42 aufgetreten.
1879 4061 61 33 Am
1974 4062 30 32 2.
2036 4060 26 34 d.
2094 4059 52 34 M.

1242 4104 82 43 hatte
1349 4102 123 42 dieselbe
1496 4104 32 34 in
1545 4104 275 44 Hermannstadt
1845 4105 45 34 die
1908 4104 100 43 Höhe,
2035 4104 97 42 eigent­

1243 4147 52 43 lich
1321 4146 47 34 die
1392 4147 87 43 Tiefe
1507 4159 62 24 von
1597 4151 43 31 26
1665 4149 92 35 Grad
1788 4154 90 29 unter
1907 4149 79 33 Null
2015 4148 131 43 erreicht.

1245 4193 61 34 Ein
1331 4190 195 43 Wachposten
1549 4204 58 23 vor
1636 4194 97 33 einem
1758 4194 140 42 dortigen
1922 4192 226 44 Holzmagazin

1242 4238 35 41 ist
1302 4236 31 33 in
1359 4235 52 33 der
1435 4237 98 43 Nacht
1558 4238 54 33 des
1638 4238 201 42 bezeichneten
1864 4238 141 34 Datums
2030 4237 118 41 nahezu

1245 4281 154 42 erfroren,
1424 4290 72 24 man
1520 4282 74 42 fand
1619 4282 57 34 den
1701 4282 108 34 Mann
1834 4281 46 34 bei
1905 4281 53 34 der
1988 4281 159 41 Ablösung

1242 4325 85 43 schon
1351 4324 126 41 erstarrt
1501 4336 50 23 am
1575 4326 111 36 Boden
1710 4327 107 42 liegen.
1866 4326 80 42 Auch
1976 4325 45 34 die
2047 4325 101 42 Wölfe

1243 4369 122 34 werden
1388 4378 63 24 von
1480 4369 52 35 der
1567 4372 139 41 strengen
1730 4371 89 34 Kälte
1848 4370 33 33 in
1905 4370 47 34 die
1976 4369 91 42 Nähe
2092 4369 54 33 der

1244 4412 101 36 Stadt
1377 4413 178 45 gescheucht;
1596 4425 51 23 am
1680 4414 243 42 Neujahrabend
1956 4414 88 42 hörte
2075 4422 73 23 man

1243 4458 60 34 das
1341 4456 122 42 Geheul
1498 4458 52 34 der
1587 4459 124 42 Bestien
1749 4468 78 33 ganz
1863 4458 123 42 deutlich
2023 4457 33 32 in
2092 4456 56 33 den

1244 4501 120 42 äußern
1389 4501 225 44 Stadttheilen.

1351 4552 266 46 Feldmarschall
1635 4567 16 22 -
1669 4554 212 38 Lieutenant
1926 4553 108 38 Edler
2078 4556 70 31 von

1244 4598 206 42 Braavhof,
1487 4601 101 42 zuletzt
1612 4600 32 34 in
1669 4600 147 43 Pension,
1849 4599 34 41 ist
1909 4608 49 23 am
1982 4599 30 32 5.
2039 4596 27 34 d.
2094 4596 52 34 M.

1242 4644 33 33 in
1300 4642 98 51 Graz
1423 4644 184 41 verstorben.
1650 4645 74 33 Das
1749 4640 298 46 Leichenbegängniß
2072 4640 74 45 fand

1242 4688 33 33 in
1299 4686 164 45 feierlicher
1486 4688 97 43 Weise
1608 4689 79 43 statt.

2328 835 79 45 Für
2438 836 54 36 die
2517 834 162 47 Lemberg
2694 848 15 21 -
2724 834 248 53 Czernowitzer
3001 837 121 45 Bahn.

2223 880 61 35 Ein
2326 880 125 42 Freund
2487 880 53 35 des
2577 880 178 44 Neuigkeits
2788 881 223 41 „Welt-Blatt"
3062 885 62 41 gibt

2223 925 53 34 der
2299 925 385 44 Lemberg-Czernowitzer
2705 925 106 43 Bahn,
2836 926 89 34 deren
2951 927 173 43 Eröffnung

2223 969 182 44 bekanntlich
2431 970 55 34 mit
2522 970 95 33 einem
2652 969 265 44 Brückeneinsturz
2943 972 169 41 zusammen­

2221 1014 53 40 fiel
2311 1015 61 33 und
2413 1014 91 34 deren
2548 1014 300 34 General-Director
2888 1015 153 33 dermalen
3081 1016 41 33 im

2220 1058 254 42 Landesaerichte
2505 1058 78 43 seine
2610 1059 187 41 „Bureaux"
2837 1069 67 32 zum
2929 1060 195 42 Nachdenken

2221 1103 190 43 eingerichtet
2435 1103 63 43 hat,
2523 1103 56 34 den
2596 1103 97 43 Rath,
2718 1103 42 33 im
2777 1103 117 43 Palais
2921 1104 54 33 des
3002 1104 107 43 zukünf­

2221 1147 83 43 tigen
2334 1148 320 35 General-Directors
2684 1147 140 45 folgende
2856 1148 189 43 Inschriften
3071 1159 39 22 an­

2220 1191 130 44 bringen
2376 1202 36 32 zu
2436 1192 108 43 lassen:
2569 1192 92 35 Beim
2678 1193 249 41 Hmlptportale-.
2955 1191 92 43 „Tas
3072 1192 39 34 Le­

2221 1235 57 35 ben
2302 1237 35 40 ist
2362 1237 52 34 der
2439 1236 102 35 Güter
2566 1236 143 43 Höchstes
2734 1236 107 42 nicht."
2867 1236 92 35 Beim
2977 1237 146 42 Aufgang

2221 1291 54 32 zur
2293 1281 167 43 Wohnung
2486 1281 54 34 des
2558 1281 341 42 Generalgewaltigen:
2928 1281 121 41 „Warst
3074 1287 50 28 net

2221 1326 78 43 anffi
2324 1326 134 42 g'stiegn,
2494 1326 93 42 warst
2622 1331 50 28 net
2710 1325 59 34 oba
2805 1326 139 42 g'falln."
2994 1326 50 33 An
3073 1325 52 34 der

2219 1370 177 49 feuerfesten
2422 1370 113 43 Cassa:
2585 1369 125 41 „Kleine
2740 1370 99 34 Diebe
2876 1369 131 42 erwischt
3042 1379 83 31 man,

2221 1415 46 34 oie
2292 1414 118 45 großen
2434 1415 87 41 heute
2546 1414 112 34 detto."
2684 1414 92 35 Beim
2793 1414 216 43 rückwärtigen
3027 1416 83 39 (Aus­

2219 1462 129 41 gangs-)
2373 1459 123 43 Thore:
2539 1458 94 40 ..Ueb'
2658 1458 108 34 immer
2791 1459 86 34 Treu
2901 1459 61 33 und
2988 1459 120 41 Redlich­

2219 1504 53 34 keit
2297 1504 50 34 bis
2373 1514 40 24 an
2437 1504 69 34 dein
2530 1504 105 42 kühles
2661 1502 103 43 Grab,
2794 1508 33 29 es
2852 1504 74 42 holt'
2953 1503 60 43 dich
3039 1504 83 33 eines

2219 1549 107 42 Tages
2352 1549 78 42 sonst
2455 1549 53 33 der
2533 1547 198 43 Breitenfeld
2756 1547 70 43 noch
2853 1547 69 35 ab."

2328 1601 84 37 Eine
2438 1601 95 45 große
2558 1600 206 45 Verbindung
2799 1601 79 34 wird
2915 1602 208 42 gegenwärtig

2218 1646 76 34 über
2319 1656 77 33 ganz
2423 1646 179 43 Frankreich
2629 1646 181 42 organisirt,
2835 1646 89 33 deren
2953 1646 101 43 Zweck
3078 1646 46 33 die

2218 1690 238 44 Heilighaltung
2486 1691 51 34 der
2565 1692 109 33 Sonn-
2706 1690 61 34 und
2797 1691 161 41 Feiertage
2982 1691 44 38 ist.
3074 1692 50 32 An

2219 1735 51 34 der
2297 1736 105 43 Spitze
2441 1735 54 34 des
2528 1734 246 44 Unternehmens
2799 1735 72 42 steht
2911 1735 47 33 ein
2983 1734 82 44 Herr
3090 1735 33 33 de

2219 1780 112 43 Cissey,
2365 1780 130 35 Bruder
2529 1779 56 34 des
2625 1779 189 43 ehemaligen
2852 1779 270 43 Kriegsministers

2217 1825 62 33 und
2319 1824 142 44 heutigen
2493 1823 373 36 Ober-Commandanten
2907 1824 53 33 dcs
3000 1824 109 33 Armee­

2218 1875 93 36 corps
2351 1880 61 23 von
2453 1869 119 34 Tours.
2622 1869 61 34 Die
2723 1868 203 43 Verbindung
2963 1868 98 43 zählte
3092 1868 31 33 in

2218 1912 98 45 Lyon
2341 1916 121 32 30.000
2496 1913 195 43 Mitglieder,
2720 1913 33 34 in
2792 1913 52 33 der
2884 1913 72 39 Ain,
2995 1913 32 33 in
3058 1913 64 33 Sa-

2215 1969 101 33 voyen
2343 1959 62 33 und
2434 1958 42 34 im
2505 1959 92 42 Jura
2631 1958 53 43 hat
2719 1958 39 38 sie
2798 1959 70 40 auch
2909 1958 85 40 schou
3035 1957 85 33 einen

2216 2003 118 43 großen
2358 2003 144 43 Anhang.
2545 2002 60 35 Die
2631 2002 184 43 Mitglieder
2840 2002 52 33 der
2917 2001 204 43 Gesellschift,

2216 2048 47 34 die
2287 2049 57 43 fast
2369 2049 59 32 alle
2453 2048 56 34 den
2533 2047 245 43 wohlhabenden
2807 2047 61 33 und
2898 2046 114 43 reichen
3036 2046 72 40 Klas­

2216 2093 49 42 sen
2290 2093 186 43 angehören,
2499 2092 195 43 verpflichten
2719 2091 64 42 sich,
2814 2101 60 24 nur
2899 2091 69 42 noch
2995 2090 46 34 bei
3066 2091 43 39 sol­

2217 2137 67 43 chen
2307 2137 114 34 Leuten
2446 2147 37 33 zu
2507 2137 118 43 kaufen,
2652 2137 46 33 die
2737 2136 52 42 sich
2825 2136 56 33 den
2916 2135 206 43 Vorschriften

2216 2182 53 34 der
2294 2182 195 43 Gesellschaft
2513 2182 216 43 unterwerfen,
2769 2180 62 34 und
2861 2190 39 23 an
2926 2190 109 24 sonn-
3060 2179 61 33 und

2217 2227 183 43 Feiertagen
2440 2227 56 34 den
2536 2226 167 44 kirchlichen
2742 2224 206 44 Vorschriften
2989 2224 131 42 Genüge

2216 2272 110 42 leisten.

2321 2324 124 36 59.099
2470 2324 36 41 fl.
2536 2324 53 43 hat
2623 2323 53 34 der
2710 2322 175 44 regierende
2927 2323 92 41 Fürst
3058 2332 61 23 von

2215 2368 342 44 Schaumburg-Lippe,
2594 2367 206 44 Gutsbesitzer
2825 2378 62 23 von
2911 2367 209 37 Berovitica

2213 2413 33 34 in
2270 2415 131 42 Ungarn
2437 2424 35 31 zu
2511 2411 380 44 Kanalisirungsarbeiten
2924 2411 197 44 hergegeben,

2214 2468 52 23 um
2291 2458 56 34 den
2372 2457 184 43 zahlreichen
2592 2457 246 43 Nothleidenden
2877 2457 33 33 in
2949 2456 82 43 jener
3057 2457 48 33 Ge­

2215 2502 77 43 gend
2318 2503 86 33 einen
2427 2502 161 42 Verdienst
2617 2511 37 33 zu
2677 2502 191 42 verschaffen.

2323 2555 171 43 Neunzehn
2531 2552 192 39 Gemalinen
2758 2554 54 43 hat
2848 2554 52 33 der
2938 2555 184 41 sogenannte

2217 2600 153 44 „Profet"
2398 2600 53 34 der
2468 2599 329 43 nordamerikanischen
2816 2598 193 34 Mormoneu
3027 2599 79 42 Brig

2214 2646 73 42 ham
2311 2645 124 42 Doung,
2460 2645 53 33 der
2537 2644 53 43 sich
2616 2644 71 43 auch
2713 2644 86 33 einen
2826 2643 183 43 „Heiligen"
3036 2643 70 42 schel­

2215 2695 50 29 ten
2289 2689 75 43 läßt,
2392 2689 100 35 seine
2519 2691 48 32 19.
2595 2689 88 41 Frau
2708 2698 68 24 war
2803 2690 39 31 18
2869 2689 106 42 Jahre
3001 2688 53 39 alt,
3069 2690 50 30 als

2214 2734 40 41 sie
2279 2735 95 42 zuerst
2398 2734 155 43 heiratete.
2603 2734 61 33 Sie
2689 2734 78 33 lebte
2796 2733 55 33 mit
2874 2733 98 42 ihrem
3001 2733 118 33 Gatteu

2215 2779 64 33 drei
2303 2779 107 43 Jahre
2434 2779 62 33 und
2521 2777 96 44 gebar
2641 2778 75 42 zwei
2740 2777 123 35 Kinder.
2912 2777 74 33 Von
3014 2777 107 38 diesem

2216 2824 118 34 Gatten
2358 2823 107 34 wurde
2489 2823 40 42 sie
2552 2823 55 34 mit
2631 2822 86 44 Hilfe
2741 2822 155 42 Brigham
2920 2822 131 42 Aoungs
3075 2831 31 32 ge­

2215 2867 127 44 richtlich
2369 2868 174 43 geschieden.
2581 2867 61 34 Sie
2666 2866 123 43 wohnte
2813 2867 122 42 hieraus
2959 2866 55 33 mit
3038 2866 84 37 ihrer

2216 2913 126 34 Mutter
2366 2912 33 34 in
2425 2912 109 43 South
2555 2911 207 35 Cattonwoud
2787 2911 61 33 und
2875 2912 54 43 auf
2948 2911 81 33 einer
3042 2911 64 33 Ver­

2214 2958 173 42 sammlung
2413 2956 136 43 daselbst,
2585 2956 123 43 welcher
2731 2955 157 43 Brigham
2912 2954 112 43 5)oung
3049 2958 70 38 prä-

2215 3002 112 42 sidirte,
2353 3001 119 44 geschah
2499 3007 45 36 es,
2584 3000 59 41 daß
2668 3000 147 43 während
2841 3000 51 33 der
2917 3009 115 33 ganzen
3057 2999 49 33 An­

2214 3046 84 44 dacht
2323 3057 31 23 er
2379 3046 60 42 sein
2465 3047 86 42 Auge
2577 3046 54 45 aus
2655 3045 38 42 sie
2719 3044 137 44 gerichtet
2879 3044 91 43 hatte.
2995 3044 60 33 Als
3074 3043 45 33 die

2214 3091 240 42 Versammlung
2480 3091 192 42 aufgehoben
2696 3100 78 30 war,
2791 3089 111 42 machte
2927 3088 50 34 der
2999 3088 121 42 Heilige

2213 3136 50 42 ihr
2288 3136 57 33 den
2369 3135 178 43 Vorschlag,
2587 3135 38 40 sie
2658 3134 71 43 nach
2754 3134 103 43 Hause
2893 3143 36 32 zu
2961 3133 156 42 begleiten.

2215 3181 85 34 Dort
2318 3179 126 42 äußerte
2458 3190 32 23 er
2504 3180 55 33 den
2577 3179 131 43 übrigen
2725 3178 170 43 gegenüber
2909 3178 55 33 den
2982 3177 136 41 Wunsch,

2215 3225 38 40 sie
2278 3234 36 33 zu
2339 3224 148 47 heiraten,
2506 3224 61 34 und
2593 3234 51 23 um
2668 3224 66 40 ihre
2760 3224 107 33 Eltern
2891 3222 61 33 und
2971 3222 148 41 Geschwi-

2215 3270 56 41 ster
2295 3269 77 43 nicht
2397 3279 36 32 zu
2456 3269 152 41 ruiniren,
2632 3268 127 43 willigte
2784 3268 39 40 sie
2848 3267 57 34 ein.
2943 3267 60 34 Die
3030 3267 74 32 Cere­

2214 3314 102 33 monie
2352 3314 74 42 fand
2465 3314 33 33 in
2538 3314 77 32 aller
2655 3313 98 33 Stille
2791 3312 32 33 in
2854 3311 95 34 einem
2979 3311 140 42 gewissen

2215 3358 103 44 Hause
2343 3359 79 41 statt,
2462 3357 76 34 über
2564 3358 58 33 das
2648 3358 89 41 Frau
2776 3357 113 41 Uoung
2919 3356 52 33 der
2996 3355 109 39 Außen­

2214 3404 73 33 welt
2311 3402 132 43 gänzlich
2469 3402 188 34 unbekannte
2683 3401 232 43 Enthüllungen
2940 3401 104 40 macht,
3059 3400 59 32 und

2216 3453 33 29 es
2275 3447 106 34 wurde
2405 3447 50 42 ihr
2480 3447 203 42 eingeschärft,
2709 3446 45 33 die
2778 3445 140 43 Hochzeit
2943 3444 115 43 geheim
3084 3454 35 31 zu

2215 3492 113 43 halten.
2348 3491 83 43 Nach
2450 3491 202 43 dreijähriger
2667 3491 63 41 Ehe
2755 3489 105 34 wurde
2885 3489 38 40 sie
2947 3499 61 23 von
3027 3488 80 42 Brig­

2216 3540 73 36 ham
2314 3541 149 38 getrennt,
2499 3536 62 34 und
2592 3536 45 33 die
2663 3535 118 42 ihrigen
2807 3534 144 42 erhielten
2977 3533 45 32 die
3047 3534 72 36 erste

2216 3580 159 47 Nachricht
2400 3579 133 35 darüber
2558 3585 61 29 aus
2644 3579 56 34 den
2722 3579 182 42 Zeitungen.
2945 3577 83 42 Ihre
3058 3577 47 33 Ge­

2216 3625 113 43 schichte
2354 3625 34 41 ist
2419 3625 65 33 eine
2512 3635 62 24 von
2608 3623 302 43 Vernachlässigung,
2947 3621 159 41 Mißhand­

2216 3671 85 42 lung,
2321 3669 135 43 Mangel
2479 3669 62 34 und
2566 3669 150 42 gemeiner
2732 3668 61 33 und
2815 3666 148 39 ruchloser
2977 3665 129 41 Behand­

2216 3715 74 42 lung
2326 3724 61 23 von
2429 3714 90 33 Seite
2543 3713 85 41 ihres
2658 3713 127 34 Gatten.
2836 3710 106 41 Außer
2973 3709 149 44 schlechter

2217 3758 277 43 Nahrungsmittel
2518 3758 106 43 erhielt
2641 3757 38 42 sie
2696 3766 59 24 nur
2772 3755 121 35 Kleider
2918 3755 52 42 für
2987 3754 52 42 sich
3058 3754 60 32 und

2215 3803 66 42 ihre
2306 3803 114 34 Kinder
2444 3803 43 33 im
2511 3802 124 43 Werthe
2659 3812 61 22 von
2737 3803 43 31 30
2805 3800 136 34 Dollars
2959 3809 45 31 pr.
3021 3799 96 41 Jahr.

2218 3848 81 34 Dem
2323 3847 107 43 Briefe
2455 3847 177 43 entnehmen
2656 3846 60 33 wir
2754 3844 82 43 noch,
2875 3843 59 40 daß
2964 3843 154 41 Brigham

2216 3892 113 42 Doung
2357 3893 39 31 19
2424 3892 126 40 Frauen
2574 3891 60 33 und
2659 3892 43 31 45
2727 3889 113 34 Kinder
2864 3888 63 41 hat.
2963 3887 72 32 Von
3061 3886 44 32 die­

2216 3937 49 41 sen
2292 3938 40 30 19
2359 3936 125 41 Frauen
2508 3935 64 41 sind
2592 3936 40 32 15
2649 3935 63 42 ihm
2736 3934 51 42 für
2813 3932 73 41 diese
2910 3930 60 33 und
2996 3930 44 32 die
3067 3940 38 22 an­

2217 3981 68 33 dere
2302 3979 91 41 Welt,
2417 3980 67 33 vier
2508 3989 60 24 nur
2593 3980 51 43 für
2669 3978 73 40 diese
2760 3976 80 35 Welt
2865 3979 171 37 angetraut.
3057 3974 61 33 Die

2219 4025 101 42 letzten
2356 4024 64 34 vier
2461 4025 125 40 Frauen
2626 4023 144 43 gehörten
2805 4018 60 33 und
2906 4017 121 33 werden
3055 4018 63 37 ihm

2216 4069 123 42 jenseits
2364 4068 133 43 gehören
2521 4068 66 33 dem
2612 4066 141 43 Heiligen
2770 4062 120 44 Joseph
2911 4062 118 42 Smith.
3053 4063 67 33 Ter

2217 4113 113 44 Profet
2354 4113 73 42 steht
2461 4111 187 43 regelmäßig
2687 4118 52 23 um
2766 4110 40 30 10
2830 4107 66 40 Uhr
2936 4106 55 33 mit
3021 4106 95 40 seiner

2218 4157 166 42 Favoritin
2404 4156 122 34 Amelia
2545 4155 123 40 Folsom
2694 4152 63 42 aus,
2775 4151 67 42 läßt
2858 4150 52 43 sich
2935 4161 60 23 von
3009 4151 110 38 seinem

2216 4201 139 35 Barbier
2378 4200 91 39 dann,
2509 4200 30 39 so
2564 4202 53 36 gut
2657 4197 49 33 als
2747 4196 65 33 dies
2845 4195 126 43 möglich
2997 4195 47 41 ist,
3071 4205 34 32 zu­

2217 4247 105 41 stutzen
2346 4244 61 33 und
2432 4238 157 47 frühstückt
2614 4241 82 34 dann
2719 4240 56 34 mit
2806 4240 60 40 ihr,
2882 4240 148 39 während
3056 4240 64 32 eine

2217 4290 51 33 der
2294 4289 114 32 älteren
2439 4288 125 39 Frauen
2600 4286 46 33 die
2681 4285 182 42 Bedienung
2893 4284 127 41 besorgt.
3068 4284 50 41 Zu

2218 4333 121 40 Mittag
2364 4330 111 43 speisen
2500 4330 52 33 der
2577 4330 131 43 Heilige,
2743 4330 77 42 seine
2859 4328 174 42 Favoritin,
3073 4328 46 32 die

2217 4375 156 42 Dichterin
2399 4375 88 42 Eliza
2514 4375 105 34 Snow
2649 4376 60 32 und
2741 4374 45 33 die
2811 4372 229 44 Haushälterin
3065 4372 53 32 des

2216 4418 213 36 Bienenkorbs
2456 4420 170 41 zusammen
2665 4418 62 34 und
2763 4427 82 33 zwar
2870 4427 60 22 von
2956 4417 79 31 allen
3059 4425 60 23 nur

2216 4463 199 43 erdenklichen
2450 4464 210 42 Delicatessen.
2709 4461 193 42 Gleichzeitig
2941 4460 111 39 speisen
3084 4460 31 32 in

2216 4507 167 43 demselben
2403 4509 102 33 Saale
2530 4508 73 33 aber
2621 4508 45 33 die
2685 4503 326 45 allergewöhnlichsten
3029 4504 71 41 Nah

2216 4553 199 42 rungsmittel
2440 4554 59 32 alle
2523 4552 131 42 übrigen
2677 4550 122 34 Weiber
2824 4550 53 32 des
2903 4547 114 43 großen
3043 4547 58 42 Hei

2217 4597 81 42 ligen
2321 4597 56 34 mit
2401 4597 89 34 deren
2516 4596 163 42 Familien.
2707 4594 60 34 Tie
2794 4591 177 43 Favorittin
2997 4592 120 32 Amelia

2218 4642 115 41 Folson
2357 4641 143 34 verdankt
2523 4641 65 42 ihre
2613 4639 134 43 günstige
2771 4638 148 40 Stellung
2945 4636 95 42 ihrem
3067 4635 36 32 bö­

2217 4686 50 43 sen
2291 4686 263 43 Temperamente,
2584 4684 59 34 das
2668 4684 52 33 der
2743 4681 120 45 Heilige
2892 4681 67 44 sehr
2983 4680 133 45 fürchtet.
