3432 4984
225 418 110 165 4.
388 424 391 205 Sogen
836 434 190 158 des
1104 429 815 191 MuiMit«
1996 445 978 217 „UM-KIM."

1171 657 158 48 Wie«,
1354 663 219 51 Tonnerstag
1598 670 63 37 den
1686 672 37 37 8.
1749 673 146 47 Jänner
1919 675 107 40 1873.

156 1079 225 77 Kaspar,
418 1084 245 76 Melchior
682 1088 97 57 und
798 1087 270 77 Pallhalar

572 1175 78 32 oder:

190 1224 158 61 Einer
384 1241 96 44 von
517 1229 91 58 den
644 1229 182 71 Dreien
863 1234 170 58 war's.

240 1313 260 40 Original-Bericht
519 1317 48 30 dcs
588 1318 160 38 Ncuigkeils
769 1321 216 38 „Welt-Blatt/'

259 1367 62 37 Die
339 1368 91 35 kleine
447 1370 185 45 Katharina,
651 1373 45 35 die
714 1374 129 45 Tochter
859 1387 71 24 vom
951 1378 109 42 „Son-

149 1411 171 45 neuwirth,
345 1423 69 25 war
438 1416 42 40 so,
505 1416 58 34 wie
588 1427 72 25 man
687 1429 35 32 zu
759 1421 90 42 sagen
881 1422 105 45 pflegt,
1012 1424 48 34 ein

149 1456 78 43 recht
255 1457 178 45 „verflixtes
476 1460 126 36 Mädl."
644 1463 102 45 Jeder
783 1465 276 47 Schelmenstreich,

154 1501 52 34 der
248 1502 42 34 im
332 1503 103 45 Hause
472 1505 131 46 geschah,
639 1509 82 42 hatte
757 1510 49 42 ihr
839 1511 76 43 seine
942 1513 102 43 Entste­

147 1546 85 43 hung
259 1556 37 34 zu
320 1548 171 35 verdanken
515 1552 63 33 und
602 1552 66 41 ihre
685 1553 137 43 Mutter,
848 1556 50 34 als
915 1557 40 40 sie
971 1560 74 32 näm­

145 1590 53 42 lich
224 1591 70 43 noch
321 1591 86 43 lebte,
433 1599 99 39 fragte
559 1597 70 39 anch
656 1606 57 33 gar
738 1599 47 33 nie
811 1601 70 42 nach
907 1602 66 34 dem
999 1604 44 34 Ur­

144 1635 94 42 heber
262 1635 108 45 irgend
396 1638 82 34 einer
504 1639 227 47 Spitzbüberei,
756 1644 38 40 sie
819 1647 96 42 nahm
940 1646 115 45 einfach

147 1679 45 34 die
219 1681 123 43 Fuchtel
367 1683 61 33 und
454 1683 59 43 ließ
539 1685 39 40 sie
615 1685 179 45 einigemale
830 1689 222 46 nacheinander

143 1725 76 43 recht
244 1725 210 46 nachdrücklich
481 1729 54 44 ans
553 1730 45 34 die
623 1730 91 36 kleine
732 1733 178 44 Katharina
937 1735 103 36 nieder­

142 1769 122 45 fahren.
302 1771 145 36 Seitdem
483 1773 64 42 sind
583 1775 114 44 freilich
722 1776 85 44 schon
843 1779 78 35 viele
947 1781 105 44 Jahre

145 1823 194 36 vergangen;
369 1816 45 34 die
440 1818 91 34 kleine
561 1820 175 45 Katharina
762 1823 33 40 ist
821 1823 63 36 eine
910 1825 141 46 stattliche

141 1859 92 42 Frau
248 1859 63 35 und
336 1860 127 45 tüchtige
480 1862 139 44 Wirthin
645 1865 215 46 geworden,sie
884 1869 56 43 hat
956 1870 96 44 selber

141 1904 84 42 schon
243 1903 63 36 eine
326 1905 111 43 „kleine
447 1907 195 45 Katharina"
663 1913 50 31 als
727 1911 125 43 Tochter
867 1912 182 45 bekommen,

140 1948 47 33 die
223 1949 84 43 ihrer
342 1949 126 37 Mutter
503 1952 33 34 in
561 1954 100 35 Allem
698 1955 61 36 nnd
785 1957 114 45 Jedem
936 1959 111 45 gleicht.

139 1994 75 35 Das
239 1993 208 44 Wirthshaus
485 1996 85 44 aber,
598 1999 126 42 welches
751 2003 91 42 Frau
873 2003 177 46 Katharina

138 2037 71 52 nach
247 2039 65 35 dem
340 2039 136 36 Ableben
513 2043 83 44 ihrer
623 2044 108 36 Eltern
769 2046 104 35 weiter
911 2048 137 45 betreibt,

138 2083 83 45 heißt
244 2083 82 44 nicht
351 2086 87 44 mehr
463 2097 54 33 zur
544 2088 170 44 „Sonne",
739 2092 145 43 sondern:

313 2137 72 45 „Zu
410 2140 57 36 den
492 2139 138 47 heiligen
655 2142 21 36 3
700 2142 184 49 Königen."

244 2190 61 38 Die
342 2193 136 51 Ursache,
515 2206 123 24 warum
664 2197 57 34 das
748 2199 30 41 so
804 2200 172 43 gekommen
1001 2203 44 43 ist,

138 2235 116 35 wollen
277 2237 60 33 wir
363 2239 125 34 alsbald
514 2240 117 44 erzählt
654 2243 110 41 haben.
789 2244 62 35 Als
876 2245 46 34 die
948 2246 98 45 jetzige

137 2281 89 42 Frau
251 2280 137 42 Wirthin
414 2282 70 45 noch
511 2285 47 33 ein
584 2286 96 35 Mädl
704 2298 61 24 von
797 2288 138 45 achtzehn
960 2293 71 42 Jah­

139 2335 54 24 ren
218 2335 78 34 war,
313 2326 178 44 bildsauber
508 2330 62 33 und
588 2331 119 43 geschikt
738 2333 58 33 wie
821 2334 79 34 keine
917 2336 128 44 Zweite,

137 2369 39 34 da
199 2370 83 44 Hatte
318 2372 39 41 sie
382 2372 84 43 sich's
503 2384 252 36 vorgenommen,
791 2387 36 34 zu
864 2379 180 46 heiraten,

135 2414 62 35 und
225 2416 139 43 „wenn's
390 2418 88 43 Graz
505 2419 85 43 gilt."
611 2420 154 44 Verehrer
791 2424 80 42 hätte
897 2424 38 41 sie
953 2424 90 36 deren

133 2459 81 35 dreie
237 2460 122 45 gehabt,
384 2462 73 34 aber
481 2463 40 41 sie
544 2464 112 45 mochte
681 2466 70 43 doch
769 2476 60 25 nur
845 2467 111 36 Einem
972 2470 57 33 dar­

135 2510 60 28 aus
221 2510 53 38 gut
299 2506 71 42 sein,
396 2506 61 34 und
477 2508 58 34 das
562 2518 68 24 war
656 2509 57 42 just
731 2511 160 44 derjenige,
916 2513 124 45 welcher

133 2548 54 34 der
234 2550 90 42 Frau
376 2550 126 37 Mutter
554 2552 77 44 nicht
683 2565 36 32 zu
764 2555 136 46 Gesichte
942 2558 97 44 stand,

132 2592 71 36 weil
244 2603 32 25 er
315 2605 85 34 zwar
435 2597 77 43 nicht
549 2598 48 34 ein
633 2608 78 34 ganz
738 2610 101 25 armer
877 2601 161 47 Schlucker

131 2648 79 31 war,
235 2638 76 35 aber
336 2639 68 35 dock
429 2641 100 43 wenig
559 2641 160 45 „Maxen"
747 2645 92 44 hatte.
881 2647 84 44 Doch
992 2649 46 35 die

130 2682 94 44 Kathi
246 2682 113 46 mochte
383 2685 101 35 keinen
509 2678 138 52 Ändern,
672 2689 52 33 als
755 2700 61 24 nur
840 2691 58 35 den
922 2693 114 45 Pepi.

133 2729 89 34 Alles
246 2728 143 45 Zureden
415 2730 52 35 der
492 2730 125 36 Mntter
642 2732 66 45 hals
737 2735 107 44 nichts,
871 2735 45 36 die
942 2737 95 42 Kathi

131 2771 112 45 behielt
277 2773 57 35 den
358 2774 83 45 Kopf
476 2776 55 44 auf
554 2778 63 33 und
642 2778 31 44 so
698 2777 92 46 gab's
826 2780 104 46 manch
966 2782 71 45 böse

129 2817 96 45 Tage.

359 2862 104 46 Willst
488 2865 72 37 oder
585 2867 91 44 willst
702 2867 104 45 nicht?

234 2918 56 35 Da
328 2917 67 35 kam
432 2918 216 44 Weihnachten
688 2922 63 35 und
786 2923 144 44 Neujahr
968 2926 66 35 iu's

126 2960 86 36 Land
237 2961 60 35 und
324 2963 58 34 das
410 2963 67 42 Fest
503 2965 51 33 der
572 2964 131 45 heiligen
729 2967 64 34 drei
810 2968 117 44 Könige
946 2970 85 44 stand

126 3016 58 23 vor
207 3006 53 34 der
285 3007 117 44 Thüre.
429 3008 62 34 Die
515 3009 65 35 drei
604 3010 155 45 Verehrer
790 3012 53 35 der
867 3013 94 43 Kathi
984 3015 36 34 be­

126 3050 137 45 schlossen
302 3050 182 45 insgeheim,
526 3054 57 34 wie
625 3054 65 36 dies
730 3056 48 42 hie
820 3058 61 34 uud
918 3059 39 34 da
983 3070 49 24 am

125 3094 102 35 Lande
264 3096 70 44 noch
363 3097 86 35 Sitte
485 3098 45 42 ist,
556 3099 51 34 als
635 3098 130 46 „heilige
790 3100 138 45 Könige"
965 3114 54 23 ver­

124 3139 103 36 kleidet
260 3150 64 24 von
347 3141 95 44 Haus
467 3152 38 34 zu
528 3143 96 44 Haus
650 3155 37 32 zu
722 3145 105 43 ziehen
863 3146 62 35 und
957 3147 74 36 bald

123 3194 68 24 war
216 3185 51 34 der
290 3186 125 43 Borsatz
442 3197 53 32 zur
520 3189 84 43 That
629 3189 116 45 gereist.
764 3190 180 45 Katharina
969 3193 61 35 und

123 3228 66 44 ihre
239 3229 125 37 Mutter
404 3231 124 45 standen
566 3232 32 35 in
637 3235 53 34 der
731 3234 203 46 Schenkstube
974 3248 55 33 zur

126 3274 163 43 „Sonne,"
332 3275 50 34 als
424 3276 46 34 die
509 3277 117 44 Könige
668 3279 151 36 eintraten
866 3281 61 35 und
965 3283 65 34 dem

122 3317 160 45 schmucken
299 3319 153 45 Mädchen
469 3321 117 36 allerlei
604 3323 177 45 Naschwerk
806 3325 142 36 anboten.
967 3328 63 36 Die

124 3363 126 34 Mutter
266 3364 218 44 Katharina's,
506 3366 34 34 in
563 3367 144 45 auffällig
724 3375 88 38 guter
828 3370 118 43 Laune,
966 3377 64 30 trat

129 3417 39 24 an
192 3408 46 34 die
263 3408 117 44 Könige
405 3410 105 45 heran,
548 3411 107 45 ergriff
684 3413 224 46 Katharinen's
933 3416 95 46 Hand

122 3452 62 34 und
207 3453 61 44 rief
302 3453 137 45 lachend:
477 3455 76 42 „Da
587 3457 98 34 nimm
707 3458 49 34 dir
793 3459 87 36 einen
904 3461 125 43 Mann,

120 3497 125 43 wenn'st
269 3498 84 44 schon
389 3498 138 46 heiraten
551 3500 98 44 mußt,
685 3502 58 34 das
769 3504 62 42 sind
857 3505 68 44 doch
953 3507 71 43 noch

121 3540 159 45 Könige!
320 3543 88 41 Nuu,
448 3544 91 40 willst
575 3546 73 34 oder
671 3547 91 43 willst
785 3548 119 45 nicht?"
946 3550 80 45 Und,

120 3585 80 43 weiß
225 3587 91 42 Gott,
351 3592 70 30 was
446 3588 32 34 in
502 3589 223 45 Katharinen's
750 3592 84 45 Herz
873 3595 154 46 vorging-,

124 3630 38 40 sie
189 3632 108 43 stürzte
327 3632 54 42 auf
421 3633 112 35 einmal
568 3633 66 36 dem
660 3636 186 45 Melchior
883 3649 51 24 um
971 3640 56 35 den

122 3673 85 45 Hals
245 3674 62 35 und
331 3676 80 43 rief:
438 3679 108 41 „Nun,
575 3680 83 34 dann
681 3681 98 34 nimm
802 3682 41 44 ich
868 3684 60 33 mir
969 3685 58 35 den

121 3718 170 45 Mohrl!"
329 3721 126 44 worauf
491 3722 45 35 die
562 3723 139 36 Mutter:
741 3727 59 43 „I,
836 3727 51 35 der
921 3728 104 46 g'hört

118 3763 84 45 schon
225 3763 111 37 dein!"

245 3808 50 39 So
319 3810 54 43 hat
399 3809 48 38 die
472 3809 100 47 Kathi
597 3814 57 36 den
678 3814 84 45 Pepi
787 3814 115 48 kriegt!

227 3863 60 43 Ja,
313 3863 30 42 so
369 3864 53 43 hat
447 3865 38 40 sie
510 3866 52 42 ihn
588 3867 101 43 kriegt.
731 3870 60 32 Als
825 3871 127 45 nämlich
978 3872 45 35 die

122 3905 125 35 Mutter
283 3907 47 34 die
365 3909 102 43 letzten
502 3911 108 34 Worte
651 3912 241 47 ausgesprochen
929 3917 94 43 hatte,

119 3950 82 42 warf
226 3951 51 34 der
296 3952 152 44 Melchior
474 3953 46 36 die
545 3955 121 36 Kleider
690 3967 62 24 von
777 3958 52 44 sich
854 3959 61 35 und
934 3971 89 26 wenn

121 4004 30 23 er
177 3994 71 44 auch
272 3996 61 33 das
358 3997 118 41 Gesicht
499 3999 56 34 mit
571 4000 138 42 Kienrnß
734 4002 180 45 geschwärzt
929 4007 92 43 hatte,

119 4044 33 27 es
178 4048 68 25 war
285 4040 69 43 doch
395 4042 51 34 der
478 4042 109 45 Pepi.
628 4044 181 47 Allerdings
834 4049 103 35 wollte
974 4051 48 34 die

118 4082 124 35 Mutter
279 4085 58 33 das
371 4086 108 42 Ganze
515 4097 60 24 nur
611 4089 49 34 als
700 4090 113 44 Scherz
852 4092 170 47 hingestellt

115 4127 115 42 wissen,
254 4127 74 35 aber
352 4135 35 28 es
411 4131 68 42 half
517 4132 50 39 ihr
592 4132 64 45 jetzt
678 4134 98 43 nichts
814 4138 97 42 mehr.
950 4140 70 34 Und

120 4171 109 43 endlich
254 4172 73 43 hielt
352 4174 38 40 sie
415 4174 67 44 doch
508 4177 100 34 Wort.
636 4178 67 34 Der
721 4180 81 43 Pepi
826 4182 107 35 wurde
952 4194 68 32 zum

119 4215 255 47 Schwiegersohn
426 4219 187 44 „erhoben",
648 4222 47 34 die
731 4225 61 32 alte
816 4226 90 42 Frau
940 4227 81 45 setzte

116 4259 51 43 sich
194 4270 53 32 zur
273 4262 89 42 Nuhe
386 4263 61 34 uud
473 4264 45 34 die
537 4265 105 36 beiden
666 4267 112 44 jungen
796 4269 91 36 Leute
911 4271 94 36 betrie­

115 4303 58 34 ben
197 4305 58 33 das
273 4305 252 47 Wirthsgeschäst
548 4310 55 34 mit
630 4311 90 35 allem
739 4313 86 44 Eifer
850 4320 89 29 unter
966 4318 52 33 der

116 4357 96 25 neuen
237 4348 126 45 Firma:
407 4351 70 42 „Zu
501 4353 57 33 den
598 4355 132 44 heiligen
754 4357 65 35 drei
842 4359 173 45 Königen."

116 4392 67 33 Und
209 4394 50 33 als
284 4395 100 41 später
409 4394 46 35 die
481 4395 88 43 Frau
594 4399 125 35 Mutter
743 4401 92 43 starb,
861 4408 157 32 trauerten

116 4435 85 35 beide
239 4438 101 43 lange,
377 4439 92 43 lange
493 4450 53 23 um
581 4442 48 34 die
669 4449 69 37 gute
763 4447 90 41 Frau
884 4450 63 34 und
970 4450 48 34 die

118 4480 92 40 Kathi
249 4482 103 35 dankte
394 4484 65 34 dem
500 4485 97 35 lieben
637 4486 90 43 Gott,
766 4490 60 41 daß
863 4501 32 25 er
934 4494 83 43 ihrer

116 4524 125 34 Mutter
264 4526 58 34 den
346 4528 164 35 Gedanken
545 4531 191 45 aufkommen
759 4534 71 43 ließ,
866 4536 39 42 sie
929 4539 87 42 möge

118 4568 84 35 einen
220 4570 117 43 König
374 4582 69 33 zum
469 4573 107 35 Mann
613 4575 179 38 bekommen.
842 4581 67 35 Der
934 4582 82 43 Pepi

117 4612 72 36 aber
213 4624 69 25 war
313 4615 48 45 ihr
389 4615 321 49 „Herzenskönig"
750 4624 173 45 geworden,
959 4628 54 34 mit

1141 1051 65 35 dem
1232 1053 37 40 sie
1295 1055 64 35 eine
1384 1056 77 44 recht
1498 1058 150 45 glückliche
1676 1063 63 44 Ehe
1764 1064 117 37 verlebt
1910 1066 61 35 und
1998 1068 52 35 der

1138 1096 168 46 fröhlichste
1335 1101 123 44 Festtag
1497 1103 44 34 im
1580 1115 117 33 ganzen
1731 1109 90 45 Jahr
1860 1110 97 37 bleibt
1996 1113 53 45 für

1138 1135 83 42 beide
1247 1144 51 34 der
1323 1165 41 5 —
1392 1146 287 48 Dreikönigtag.

1131 1255 105 77 Die
1285 1259 189 78 Aame,
1528 1263 86 65 der
1664 1265 219 85 Hfstzier
1938 1271 105 65 und

1405 1361 84 63 der
1522 1363 249 87 Kaifisch.

1234 1460 137 43 Kapitän
1390 1462 136 36 Wallace
1544 1464 87 42 theilt
1649 1472 61 29 uns
1729 1468 150 45 folgende,
1897 1480 60 25 von
1974 1471 65 44 ihm

1126 1502 165 46 verbürgte
1310 1506 165 45 Geschichte
1491 1508 68 35 mit:
1588 1511 81 40 „Ein
1695 1512 264 46 Transportschiff
1984 1517 55 33 mit

1125 1548 98 35 einem
1261 1549 93 45 Theil
1389 1552 85 34 eines
1510 1554 185 44 Regiments
1726 1568 41 23 an
1790 1557 102 41 Bord,
1931 1560 108 44 segelte

1125 1592 45 34 bei
1207 1594 114 43 sanfter
1356 1596 91 43 Brise
1489 1607 39 24 an
1566 1598 52 35 der
1654 1601 170 45 spanischen
1853 1604 90 41 Küste
1973 1605 62 43 hin.

1124 1638 96 35 Einer
1243 1639 53 35 der
1320 1640 151 45 Offiziere
1495 1643 100 44 lehnte
1628 1645 52 43 sich
1722 1646 75 34 über
1833 1647 47 35 die
1909 1649 127 44 Hinter-

1122 1682 135 45 regeling
1276 1685 61 34 und
1356 1686 166 44 unterhielt
1539 1688 52 43 sich
1610 1689 55 35 mit
1683 1690 81 35 einer
1782 1691 114 45 jungen
1920 1695 113 42 Dame,

1122 1728 104 43 welche
1252 1728 63 44 ihm
1341 1730 64 34 eine
1430 1738 82 36 zarte
1531 1733 130 43 Passion
1680 1735 166 45 eingeflößt
1864 1739 91 44 hatte.
1972 1740 62 35 Die

1121 1773 124 43 Schöne
1269 1785 68 23 war
1362 1775 112 44 gerade
1508 1777 44 33 im
1575 1778 136 44 Begriff,
1750 1781 100 44 ihrem
1886 1783 146 45 hübschen

1120 1816 144 45 Nachbar
1306 1819 48 35 ein
1392 1820 119 45 Papier
1541 1814 252 54 einzuhändigen,
1836 1827 49 34 als
1916 1828 38 42 sie
1981 1829 50 45 sich

1119 1862 246 47 überncigte,^in
1404 1866 60 34 das
1489 1865 95 37 Meer
1608 1870 120 43 stürzte,
1768 1870 62 35 und
1859 1882 61 25 von
1945 1872 87 42 ihren

1119 1907 142 35 Kleidern
1287 1915 156 39 getragen,
1473 1910 104 44 hinten
1603 1919 59 29 aus
1689 1914 86 35 trieb.
1805 1917 67 35 Der
1895 1918 136 44 Offizier

1118 1952 116 42 säumte
1258 1953 86 45 nicht,
1369 1955 50 43 ihr
1443 1956 257 45 nachzuspringen
1725 1961 61 33 und
1827 1962 73 43 hielt
1925 1963 38 40 sie
1989 1974 39 24 an

1118 1996 95 36 einem
1239 1998 77 34 Arm
1342 2000 75 34 über
1442 2001 130 43 Wasser.
1597 2004 127 43 Schnell
1747 2005 130 36 wurden
1900 2017 65 24 nun
1982 2008 47 36 die

1119 2042 98 43 Segel
1239 2042 65 35 back
1329 2044 107 45 gelegt,
1462 2046 57 34 das
1548 2047 100 44 Schiff
1678 2049 102 43 drehte
1805 2050 47 35 bei
1878 2053 61 33 und
1965 2054 49 33 An­

1115 2087 109 42 stalten
1247 2088 130 35 wurden
1401 2089 143 46 gemacht
1562 2091 59 35 das
1645 2094 87 35 Boot
1757 2096 200 44 auszusetzen,
1976 2099 50 34 als

1116 2141 69 33 znm
1212 2132 160 45 Schrecken
1398 2135 77 34 aller
1500 2146 40 23 an
1566 2137 88 36 Bord
1681 2139 48 34 ein
1754 2139 113 44 großer
1892 2141 132 46 Haifisch

1115 2182 91 29 unter
1229 2178 67 34 dem
1320 2178 69 36 Kiel
1412 2179 55 34 des
1488 2180 136 44 Schiffes
1639 2182 126 45 erschien
1790 2184 61 35 und
1877 2187 55 42 auf
1948 2188 78 42 seine

1114 2222 99 35 Beute
1239 2223 131 44 loSglitt.
1420 2225 61 34 Ein
1519 2226 109 42 Schrei
1669 2229 54 34 des
1760 2230 173 42 Entsetzens
1962 2243 62 25 von

1115 2266 55 34 den
1194 2266 169 45 bestürzten
1388 2269 194 45 Zuschauer»
1607 2272 111 45 machte
1744 2274 55 35 den
1817 2272 134 47 Offizier
1970 2278 54 44 auf

1113 2310 47 34 die
1183 2311 139 44 nahende
1361 2314 124 41 Gefahr
1521 2315 212 45 aufmerksam,
1772 2328 32 25 er
1833 2320 53 42 sah
1910 2320 111 45 endlich

1114 2355 58 34 das
1198 2357 180 44 Ungeheuer
1419 2358 31 34 in
1480 2358 94 44 seiner
1600 2361 101 43 Nähe,
1742 2373 32 23 er
1809 2363 111 43 machte
1957 2366 63 34 eine

1112 2399 159 45 desparate
1306 2402 229 44 Anstrengung,
1575 2405 96 43 schlug
1713 2406 61 35 und
1814 2409 140 44 platschte
1978 2411 43 34 im

1111 2444 130 43 Wasser,
1277 2455 51 24 um
1359 2447 55 34 den
1453 2447 65 44 Hai
1547 2458 36 33 zn
1618 2449 149 45 schrecken,
1806 2453 124 43 welcher
1955 2465 51 24 um­

1110 2489 97 43 kehrte
1247 2489 62 35 und
1355 2497 60 28 aus
1465 2493 64 33 dem
1583 2494 133 44 Gesichte
1768 2496 124 44 tauchte.
1953 2500 66 34 Der

1110 2533 118 35 Strom
1252 2534 54 40 hat
1330 2533 63 45 jetzt
1416 2535 58 34 den
1497 2536 136 44 Offizier
1657 2540 62 34 uud
1745 2540 46 34 die
1816 2542 105 36 Dame
1944 2543 76 43 dicht

1109 2583 60 28 ans
1197 2578 101 44 Schiff
1334 2578 163 46 getrieben,
1546 2582 38 34 da
1624 2583 126 44 erschien
1784 2585 52 35 der
1860 2585 64 45 Hai
1950 2599 68 32 zum

1108 2622 126 43 zweiten
1258 2623 79 35 Mal
1364 2624 63 35 und
1465 2625 150 45 während
1640 2638 32 23 er
1700 2628 54 44 sich
1783 2629 75 36 eben
1883 2633 56 42 anf
1961 2633 57 34 den

1108 2666 117 37 Rücken
1249 2669 115 44 werfen
1389 2670 114 42 wollte,
1543 2681 53 24 um
1622 2673 58 34 das
1706 2673 195 47 unglückliche
1926 2677 91 45 Paar

1106 2722 37 33 zu
1168 2711 161 46 ergreifen,
1354 2715 114 42 sprang
1494 2715 49 35 ein
1567 2717 169 36 Gemeiner
1759 2729 62 26 von
1847 2721 51 35 der
1925 2724 78 34 Com­

1103 2756 114 45 pagnie
1257 2757 54 36 des
1346 2758 167 45 Offiziers,
1553 2766 61 30 aus
1643 2763 57 34 den
1729 2764 215 47 Hangmatten
1967 2778 35 33 ge­

1104 2802 146 43 kommen,
1275 2803 149 53 furchtlos
1449 2804 56 34 mit
1529 2805 236 46 demBajonnet
1782 2810 31 34 in
1843 2811 52 35 der
1919 2812 95 44 Hand

1103 2845 76 36 über
1203 2848 91 36 Boro
1318 2848 63 34 uud
1405 2847 81 45 jagte
1511 2856 34 27 es
1569 2851 68 34 dem
1661 2852 65 45 Hai
1748 2854 35 34 iu
1806 2855 58 34 den
1885 2856 129 37 Rücken.

1103 2891 74 36 Das
1204 2891 95 45 Thier
1325 2891 190 46 verschwand
1545 2895 114 45 darauf
1696 2898 223 47 augenblicklich
1951 2903 61 34 und

1103 2936 51 42 ehe
1179 2941 34 29 es
1238 2936 72 43 noch
1335 2938 115 34 einmal
1473 2938 53 45 sich
1567 2951 36 32 zu
1629 2941 102 46 zeigen
1755 2950 111 40 wagte,
1906 2957 107 25 waren

1103 2980 45 35 die
1175 2980 78 36 Drei
1277 2985 155 42 gerettet."

1243 3093 155 76 Alles
1435 3100 93 81 für
1567 3100 93 65 den
1696 3102 175 79 Karo.

1208 3195 60 35 Ein
1292 3196 110 39 reicher
1419 3199 244 48 griesgrämiger
1682 3203 189 46 Engländer,
1885 3207 123 44 welcher

1098 3238 53 44 sich
1165 3240 102 44 zuletzt
1279 3241 33 33 in
1333 3243 120 35 Meran
1467 3245 140 44 aufhielt,
1633 3247 83 45 hatte
1731 3249 65 35 eine
1813 3251 183 47 Wirthschaf­

1098 3288 79 30 ten»
1190 3295 37 31 zu
1240 3284 52 44 sich
1307 3296 178 35 genommen
1500 3291 61 34 und
1585 3291 51 45 ihr
1660 3292 89 45 gleich
1765 3294 77 34 beim
1861 3296 146 36 Eintritts

1099 3329 112 44 gesagt,
1236 3330 38 42 sie
1299 3332 87 42 möge
1422 3333 62 43 ihm
1509 3340 67 30 treu
1613 3336 117 44 dienen,
1768 3338 73 35 aber
1871 3341 134 36 niemals

1096 3373 116 45 hoffen,
1235 3379 100 31 etwas
1352 3387 62 24 von
1436 3378 65 43 ihm
1525 3390 38 33 zu
1587 3381 103 42 erben,
1713 3384 103 34 weder
1833 3385 83 35 Geld
1932 3387 73 44 noch

1098 3416 245 48 Werthpapiere,
1367 3421 99 35 weder
1491 3424 95 44 Haus
1611 3427 71 43 noch
1706 3427 86 43 Feld,
1818 3429 100 36 keinen
1944 3433 46 33 ein­

1097 3462 85 46 zigen
1224 3463 336 49 Schmuckgegenstand,
1598 3470 64 35 kein
1688 3471 112 37 Silber
1840 3475 62 35 und
1926 3476 79 36 keine

1098 3507 124 43 Möbel,
1258 3508 95 44 nichts
1378 3520 60 25 von
1464 3513 110 42 Allem,
1611 3520 70 30 was
1718 3516 282 49 begehrenswerth.

1097 3552 90 43 Diese
1225 3552 218 46 Versicherung
1484 3559 197 44 wiederholte
1718 3572 30 23 er
1781 3563 55 35 mit
1873 3565 129 44 heiligen

1096 3597 175 46 schwüren
1295 3608 41 24 an
1360 3599 95 41 jedem
1479 3601 198 46 Jahrestage
1712 3606 86 44 ihres
1824 3608 178 45 Eintrittes,

1096 3642 61 34 und
1183 3643 39 41 sie
1248 3641 97 36 diente
1369 3644 63 42 ihm
1462 3646 55 35 mit
1541 3649 31 41 so
1598 3649 265 48 uneigennütziger
1889 3656 112 41 Treue,

1094 3686 62 42 daß
1189 3698 32 23 er
1245 3686 48 35 die
1317 3686 219 49 Versicherung
1576 3693 119 44 dreißig
1720 3696 79 35 Mal
1823 3708 37 32 zu
1892 3700 96 34 wider­

1094 3731 91 45 holen
1202 3732 91 44 hatte.
1311 3731 106 37 Bevor
1443 3745 31 23 er
1499 3747 65 24 nun
1583 3738 143 44 England
1745 3742 126 42 verließ,
1887 3744 112 43 machte

1094 3786 31 25 er
1161 3776 48 36 ein
1234 3776 176 42 Testament
1444 3779 55 35 mit
1523 3781 74 43 zwei
1621 3783 268 47 Bestimmungen:
1918 3789 80 44 „Ich

1091 3820 155 44 vermache
1270 3821 100 41 Alles,
1406 3829 69 28 was
1500 3825 41 44 ich
1578 3826 110 45 besitze,
1723 3831 131 34 meinem
1885 3833 115 45 Hunde

1092 3866 115 37 Karo."
1249 3864 80 45 „Ich
1355 3866 152 45 vermache
1543 3870 118 36 meinen
1691 3873 94 45 Hund
1822 3877 84 34 Karo
1943 3880 56 34 mit

1091 3911 112 41 Allem,
1238 3914 71 30 was
1345 3920 32 23 er
1412 3911 108 45 besitzt,
1554 3915 115 35 meiner
1698 3918 297 47 Wirthschasterin."

1093 3955 60 34 Sie
1170 3955 34 42 ist
1240 3953 76 44 seine
1355 3956 164 44 natürliche
1545 3959 109 42 Erbin,
1694 3972 89 26 wenn
1811 3966 186 42 „Monsieur

1090 4000 106 37 Karo"
1222 4009 57 26 vor
1304 3998 110 46 seinem
1436 4001 138 37 Ableben
1598 4006 77 44 nicht
1699 4007 116 37 anders
1839 4012 133 44 verfügt.

1294 4128 295 82 Kotzender
1626 4137 180 85 ZZrief

1087 4221 75 44 fand
1185 4223 55 43 sich
1265 4223 54 42 auf
1343 4221 53 34 der
1420 4224 125 36 Wiener
1561 4228 79 44 Post
1663 4240 67 32 vor,
1756 4232 53 34 der
1834 4232 147 45 unbestell­

1087 4265 58 36 bar
1180 4278 78 31 war,
1295 4267 38 34 da
1359 4266 45 35 die
1440 4269 122 45 Adresse
1601 4273 70 34 blos
1709 4276 125 35 lautete:
1873 4280 50 32 An
1949 4280 45 34 die

1088 4309 111 37 Marie
1222 4312 32 34 in
1279 4311 53 36 der
1348 4310 223 47 Leopoldstadt.
1599 4318 66 35 Der
1683 4319 118 45 Inhalt
1826 4322 53 35 dcs
1902 4324 77 36 Brie­

1085 4355 49 45 fes
1159 4356 51 43 ist:

1302 4398 110 45 „Liebe
1437 4409 163 38 ungetreue
1627 4406 124 37 Marie!

1194 4454 47 33 Es
1266 4454 34 39 ist
1324 4453 71 40 doch
1426 4455 114 37 meiner
1566 4460 96 34 Seele
1694 4461 77 43 nicht
1794 4463 107 42 hübsch
1930 4475 61 24 von

1086 4496 72 43 Dir,
1184 4498 59 40 daß
1270 4499 54 34 Du
1358 4497 61 44 jetzt
1451 4501 152 44 ansängst,
1635 4505 96 34 meine
1756 4506 89 35 Liebe
1877 4509 30 40 so
1934 4509 57 34 kalt

1084 4541 61 33 und
1164 4540 179 47 gleichgiltig
1362 4552 35 31 zu
1416 4543 183 48 behandeln;
1618 4547 73 43 bloß
1707 4551 63 34 Dir
1795 4562 36 31 zu
1849 4551 140 44 gefallen,

1083 4584 77 44 habe
1185 4586 41 43 ich
1251 4588 84 41 schon
1364 4586 30 41 so
1419 4588 76 34 viele
1521 4592 128 42 Fracks,
1679 4595 124 42 Caputs
1833 4595 61 34 und
1919 4596 59 35 Gi­

1084 4629 92 36 lets
1214 4629 155 47 zerrissen,
1405 4632 30 43 so
1472 4633 102 47 manch
1612 4638 100 45 schöne
1750 4639 89 45 Paar
1865 4640 124 46 Schuhe

2119 1070 183 46 abgelaufen
2326 1072 61 35 und
2417 1075 55 43 auf
2496 1075 55 35 den
2577 1077 187 44 Tanzböden
2800 1081 59 34 das
2883 1081 134 44 Bischen

2117 1115 123 44 Fleisch,
2264 1123 71 29 was
2359 1118 41 44 ich
2424 1119 93 44 hatte,
2540 1131 72 25 vom
2637 1122 90 36 Leibe
2751 1124 176 45 abgehopst.
2945 1128 71 33 Und

2116 1161 43 33 all
2183 1161 66 33 dem
2274 1161 194 46 ohngeachtet
2491 1165 106 44 scheint
2629 1172 33 30 es
2687 1167 79 45 doch,
2800 1171 50 33 als
2875 1171 77 43 gelte
2975 1172 42 47 ich

2114 1204 30 41 so
2169 1204 61 35 viel
2262 1205 45 35 bei
2332 1208 73 42 Dir,
2437 1209 58 34 wie
2521 1210 47 35 ein
2601 1211 107 36 Kleid
2742 1214 90 44 ohne
2857 1214 161 38 Aermel.

2113 1249 111 44 Jeder,
2248 1251 52 34 der
2324 1257 62 29 uns
2411 1263 62 24 nur
2496 1254 115 35 einmal
2633 1256 125 45 gesehen
2782 1257 64 44 hat,
2871 1260 75 42 muß
2970 1271 36 32 ge­

2113 1294 108 42 stehen,
2247 1294 60 43 daß
2333 1297 59 33 wir
2417 1298 52 41 für
2493 1298 145 37 einander
2663 1301 270 46 zugeschnitten
2956 1305 63 42 sind

2111 1339 62 34 und
2209 1340 71 41 doch
2314 1340 55 35 bin
2397 1341 41 44 ich
2474 1342 54 44 seit
2562 1344 83 36 einer
2681 1355 166 36 geraumen
2881 1349 72 43 Zeit
2986 1350 34 34 in

2110 1384 117 35 Deiner
2254 1384 101 44 Gunst
2380 1386 76 43 nicht
2480 1396 52 25 um
2564 1389 64 34 eine
2654 1390 113 44 halbe
2801 1393 81 35 Elle
2914 1393 105 36 weiter

2110 1428 122 43 gerückt.
2259 1430 134 43 Glaubst
2410 1432 55 34 Du
2491 1433 88 42 denn,
2605 1433 59 43 dyß
2689 1434 40 45 ich
2755 1435 72 44 mich
2853 1437 77 44 ewig
2955 1449 62 25 von

2111 1473 64 34 Dir
2199 1484 51 23 am
2276 1474 107 44 Faden
2419 1477 60 41 soll
2509 1477 213 46 herumziehen
2756 1481 63 34 und
2847 1481 59 35 wie
2930 1482 89 37 einen

2110 1517 242 45 Flicklappen
2377 1521 55 43 soll
2457 1521 170 42 behandeln
2653 1524 117 44 lassen?
2806 1526 92 42 Nein,
2923 1526 93 44 weißt

2107 1562 66 40 Du,
2198 1568 72 29 was
2292 1564 42 44 ich
2358 1566 78 43 thun
2458 1566 84 35 will!
2579 1568 60 45 Ich
2663 1569 102 35 werde
2788 1572 106 42 unsere
2920 1581 96 36 ganze

2106 1605 203 46 Verbindung
2346 1611 240 45 auftrennen,
2625 1613 60 35 und
2722 1615 96 34 meine
2841 1615 104 43 Liebe,
2982 1618 31 41 so

2106 1651 126 43 traulich
2270 1654 63 34 und
2369 1654 121 45 zärtlich
2526 1656 38 42 sie
2589 1657 70 51 auch
2694 1668 79 34 war,
2812 1660 55 44 auf
2901 1661 115 35 einmal

2104 1696 202 43 zerreissen
2344 1700 60 33 und
2441 1699 96 36 meine
2573 1701 184 45 Juliration
2792 1704 127 44 hinter
2955 1705 59 35 die

2104 1740 70 42 Höl
2192 1741 31 34 le
2259 1743 148 43 werfen,
2444 1744 62 35 und
2543 1745 75 43 Dich
2655 1747 55 35 mit
2746 1748 65 35 dem
2846 1747 167 47 nämlichen

2103 1784 124 42 Maaß
2263 1788 149 43 messen,
2446 1789 109 35 womit
2589 1792 58 34 Du
2681 1791 74 44 mich
2790 1803 76 33 gern
2900 1794 113 42 meffen

2105 1829 145 42 möchtest.
2278 1833 67 34 Der
2370 1832 132 46 windige
2530 1835 149 43 Student,
2710 1837 51 34 der
2787 1838 52 43 sich
2865 1838 47 34 bei
2937 1839 75 35 Dir

2101 1874 224 45 eingelappt
2358 1878 65 41 hat,
2458 1878 68 42 läßt
2549 1879 77 44 Dich
2663 1880 101 44 gewiß
2797 1884 71 41 noch
2898 1883 115 36 einmal

2100 1919 42 33 im
2171 1919 112 44 stich,
2308 1942 41 4 —
2368 1922 80 35 denk'
2475 1933 40 25 an
2539 1923 88 44 mich!
2647 1926 55 34 Du
2727 1927 85 43 wirst
2835 1928 86 43 wohl
2935 1928 72 44 noch

2100 1964 113 43 wissen,
2239 1965 58 35 wie
2322 1966 60 34 viel
2418 1968 63 35 mal
2505 1968 40 43 ich
2572 1970 77 43 Dich
2685 1979 106 36 wegen
2827 1972 94 42 dieser
2945 1974 48 34 Be­

2097 2007 183 46 kanntschaft
2302 2011 34 34 in
2360 2012 46 34 die
2425 2013 155 43 Scheere
2603 2024 182 36 genommen
2804 2016 88 44 habe.
2906 2016 103 36 Abein

2097 2052 49 44 gib
2174 2054 81 45 Acht,
2283 2056 54 36 Du
2362 2057 85 42 wirst
2473 2057 75 44 Dich
2592 2058 98 45 gewiß
2717 2060 113 35 einmal
2867 2072 40 24 an
2932 2061 62 37 Dei­

2095 2108 60 24 nen
2178 2099 132 44 Zwirn
2336 2101 154 43 erinnern,
2525 2113 91 25 wenn
2651 2105 48 33 die
2730 2105 96 43 süßen
2850 2105 157 36 Männer-

2095 2142 67 43 cheu
2199 2145 55 35 mit
2279 2145 55 35 den
2360 2146 115 34 bunten
2500 2147 159 37 Kokarden
2695 2149 61 35 und
2795 2151 54 34 den
2887 2150 117 45 großen

2097 2187 140 44 Stiefeln
2261 2190 156 46 entflohen
2441 2191 75 43 sind,
2545 2192 62 35 und
2633 2193 110 36 Marie
2767 2195 30 43 so
2830 2194 172 47 verächtlich

2093 2231 109 46 dasitzt,
2227 2234 57 35 wie
2310 2235 64 35 eine
2408 2236 239 46 zerbrochene
2673 2237 207 46 Nähnadel.
2914 2241 87 44 Doch

2093 2282 32 29 es
2162 2278 106 44 scheint
2304 2279 84 37 Dein
2412 2281 81 44 Herz
2530 2282 34 42 ist
2601 2284 79 39 starr
2704 2282 57 36 wie
2795 2284 125 44 Steifl
2928 2284 60 36 ein­

2089 2322 117 35 wand.
2231 2323 122 37 Bedenk
2389 2324 74 35 aber
2487 2325 48 42 ja,
2560 2326 61 41 daß
2657 2337 74 25 man
2762 2327 50 36 ein
2835 2328 166 45 Lärvchen,

2091 2366 57 34 das
2186 2367 113 35 einmal
2335 2368 203 46 abgeschossen
2575 2371 53 41 ist,
2664 2372 76 44 nicht
2775 2373 127 35 wenden
2938 2375 61 34 und

2089 2411 143 43 Runzeln
2257 2413 77 44 nicht
2360 2413 216 45 ausbügeln
2600 2416 87 35 kann.
2724 2418 82 44 Jetzt
2835 2418 66 43 ist's
2925 2420 73 42 noch

2087 2454 81 43 Zeit,
2194 2456 55 35 den
2266 2457 182 44 zerrissenen
2473 2458 144 36 Knoten
2640 2462 124 42 unserer
2780 2461 89 36 Liebe
2885 2463 113 36 wieder

2089 2498 251 47 einzufädeln.
2370 2502 85 35 Sind
2481 2504 73 34 aber
2579 2505 45 34 die
2650 2506 123 43 Näthe
2797 2507 115 35 meiner
2936 2509 49 34 Ge­

2088 2543 72 34 duld
2185 2545 116 34 einmal
2324 2547 171 45 geplatzt,
2518 2548 85 34 dann
2626 2550 130 43 schwöre
2783 2551 42 43 ich
2849 2551 65 36 Dir
2937 2553 49 43 hei­

2088 2587 52 44 lig,
2167 2588 60 43 daß
2254 2590 39 43 ich
2321 2590 38 41 sie
2389 2590 218 47 nimmermehr
2643 2594 112 36 wieder
2790 2597 207 45 zusammen

2086 2632 126 46 flicken
2236 2634 111 36 werde.

2192 2687 60 46 Ich
2277 2687 153 39 verbleibe
2455 2690 83 38 Dein
2570 2692 33 36 in
2638 2693 240 47 wohlgeneigter
2901 2695 91 37 Liebe

2695 2747 76 46 Dich
2797 2749 152 37 liebender

2819 2802 113 47 Zwirn
2955 2814 36 28 ze.

2080 2934 124 78 Aas
2252 2936 121 81 gute
2421 2937 314 89 Gedächtniß
2781 2944 207 82 unseres

2414 3029 240 84 Kaisers.

2188 3136 108 43 Dieser
2313 3137 87 45 Tage
2425 3138 126 46 erschien
2570 3142 58 35 Se.
2648 3142 85 43 Maj.
2749 3143 52 36 der
2817 3144 106 43 Kaiser
2941 3145 42 35 im

2079 3179 251 47 Comitatshause
2354 3193 62 25 von
2441 3184 81 44 Pest,
2548 3196 51 23 um
2625 3187 45 34 die
2696 3187 69 36 dort
2789 3200 61 23 von
2876 3191 105 42 Franz

2076 3223 139 44 Kubinyi
2237 3226 214 45 veranstaltete
2475 3230 203 45 Ausstellung
2718 3243 37 32 zu
2791 3233 186 45 besichtigen.

2079 3268 57 35 Se.
2164 3269 151 44 Majestät
2350 3272 166 45 besichtigte
2555 3275 84 43 jeden
2681 3276 194 46 Gegenstand
2915 3278 67 44 sehr

2076 3322 116 36 genau;
2215 3314 166 43 besonders
2410 3318 93 50 schien
2531 3320 55 43 ihn
2613 3320 47 35 die
2683 3321 300 47 Waffensammlung

2075 3367 37 34 zu
2135 3358 189 46 interessiren
2348 3361 61 35 und
2435 3369 147 30 oarunter
2607 3365 52 35 der
2677 3365 186 47 Ehrensäbel
2880 3367 100 46 Prinz

2075 3402 140 45 Eugen's
2254 3415 61 24 von
2352 3407 178 45 Savoyen,
2575 3409 127 45 welchen
2743 3422 33 25 er
2814 3412 70 44 nach
2926 3413 52 34 der

2074 3446 143 45 Schlacht
2252 3449 48 34 bei
2322 3451 103 43 Zenta
2459 3462 62 25 von
2545 3453 109 44 seinem
2676 3454 231 47 Offizierkorps
2932 3468 33 23 er­

2073 3492 103 45 halten
2217 3493 90 43 hatte.
2350 3495 69 35 Mit
2451 3496 125 45 großem
2601 3498 155 46 Interesse
2796 3501 89 43 besah
2926 3502 52 34 der

2073 3536 106 44 Kaiser
2203 3537 54 45 sich
2282 3539 72 43 auch
2379 3540 47 35 die
2448 3542 44 34 im
2517 3543 241 43 Comitatssaale
2780 3544 197 46 befindlichen

2072 3581 165 45 Porträts,
2273 3573 105 54 welche
2403 3588 136 42 mehrere
2575 3587 173 45 ungarische
2772 3589 117 45 Könige
2914 3595 60 30 aus

2070 3626 68 34 dem
2154 3625 105 46 Hause
2275 3628 187 45 Habsburg,
2496 3631 136 45 mehrere
2659 3633 200 46 Erzherzoge,
2870 3635 106 35 Ober-

2069 3670 129 45 gespäue
2235 3672 53 34 des
2329 3674 106 44 Pester
2459 3675 184 43 Komitates,
2668 3678 179 44 Szechenyi,
2873 3678 100 37 Teleki

2069 3715 61 34 und
2171 3717 114 43 Nyary
2326 3718 168 45 darstellen.
2544 3720 152 46 Nachdem
2734 3724 58 34 Se.
2820 3722 151 45 Majestät

2068 3760 89 34 Alles
2183 3760 149 45 besichtigt
2355 3763 93 44 hatte,
2479 3764 102 44 sprach
2605 3776 33 25 er
2663 3777 69 33 zum
2762 3767 211 46 Vieegespann

2069 3803 155 44 Szilassn:
2267 3807 80 43 „Im
2372 3808 105 45 Jahre
2505 3811 82 33 1847
2624 3811 77 43 habe
2737 3812 40 45 ich
2801 3813 34 33 in
2859 3813 107 41 diesem

2069 3848 104 36 saale
2197 3858 56 26 oen
2277 3851 134 44 Palatin
2447 3853 179 45 installirt!"
2667 3855 71 44 „Ja
2773 3857 95 44 wohl,
2892 3857 65 34 Ma­

2066 3892 118 45 jestät",
2224 3894 157 36 erwiderte
2421 3897 52 35 der
2496 3898 220 46 Vicegespann,
2752 3901 40 42 ich
2825 3911 67 25 war
2917 3902 38 33 da­

2065 3937 84 34 mals
2174 3937 115 36 bereits
2304 3939 309 48 Oberstuhlrichter."
2636 3945 79 43 „Ich
2740 3945 136 36 erinnere
2893 3944 72 42 mich

2065 3981 128 45 dessen,"
2212 3983 102 45 sprach
2331 3985 53 33 der
2403 3986 121 44 ^Kaiser.
2560 3988 82 42 „Sie
2666 3988 64 43 sind
2754 3988 123 36 damals
2895 3990 70 33 dort

2065 4026 147 45 gesessen"
2239 4029 61 33 und
2325 4030 77 34 wies
2427 4031 55 34 mit
2506 4032 65 34 dem
2597 4032 114 44 Finger
2736 4032 70 43 nach
2840 4033 51 34 der
2916 4032 34 34 be­

2064 4070 169 44 treffenden
2269 4074 112 34 Stelle.
2422 4076 67 35 Der
2513 4076 105 41 Kaiser
2656 4076 62 34 und
2746 4075 102 45 König
2872 4077 90 43 besgk

2066 4115 82 34 dann
2182 4115 71 45 noch
2279 4118 48 34 die
2350 4118 121 45 schönen
2498 4119 174 44 Schwerter
2696 4120 168 45 Kubinyi's
2901 4129 62 27 uns

2063 4158 110 45 schrieb
2208 4160 99 43 seinen
2330 4163 123 34 Namen
2477 4174 32 22 m
2534 4164 58 33 das
2617 4162 151 45 Gastbuch
2805 4166 56 43 auf
2891 4166 60 35 das­

2062 4203 78 44 selbe
2162 4205 103 42 Blatt,
2300 4206 56 42 auf
2389 4206 125 43 welches
2547 4206 175 45 Erzherzog
2746 4209 95 45 Josef
2864 4210 100 44 jüngst

2063 4247 56 36 den
2145 4248 131 45 seinigen
2302 4248 181 47 geschrieben
2509 4251 89 42 hatte.
2640 4253 73 34 Von
2738 4254 65 44 hier
2828 4260 61 30 aus
2915 4255 35 35 be­

2061 4291 60 45 gab
2147 4291 54 43 sich
2226 4294 59 33 Se.
2312 4293 149 42 Majestät
2489 4294 52 34 ius
2559 4296 189 44 Aquarium,
2772 4299 91 44 besah
2888 4300 73 43 auch

2062 4336 65 43 hier
2151 4336 89 35 Alles
2265 4337 54 33 mit
2343 4335 154 46 Interesse
2534 4339 60 36 und
2620 4342 73 43 sand
2731 4343 164 44 besonders
2921 4356 40 23 an

2060 4379 59 35 deu
2147 4378 245 47 amerikanischen
2399 4392 5 33 j
2413 4382 172 46 Kaninchen
2598 4386 157 44 Gefallen,
2778 4388 106 45 welche
2908 4390 40 34 da­

2060 4422 88 45 durch
2185 4424 141 41 berühmt
2361 4425 74 43 sind,
2472 4427 58 43 daß
2569 4430 38 40 sie
2633 4433 40 32 12
2698 4432 107 44 Pfund
2842 4433 117 44 wiegen

2060 4466 62 35 und
2157 4457 125 55 jährlich
2318 4472 42 31 72
2391 4472 111 43 Junge
2538 4475 124 43 werfen.
2713 4477 58 34 Se.
2810 4476 150 44 Majestät

2060 4509 112 37 drückte
2196 4512 105 44 Herrn
2325 4514 137 45 Kubinisi
2486 4518 46 33 die
2562 4518 191 44 allerhöchste
2777 4521 168 45 Zufrieden­

2059 4555 61 44 heit
2145 4560 60 30 aus
2230 4557 61 34 und
2316 4559 115 42 verließ
2457 4566 89 31 unter
2570 4563 55 35 den
2650 4564 191 44 begeisterten
2860 4566 101 41 Eljen-

2057 4599 92 43 rufen
2172 4600 53 34 der
2260 4603 190 44 unterdessen
2485 4606 146 46 zahlreich
2667 4608 207 46 angelangten
2897 4610 48 38 Be­

2058 4643 98 46 sucher
2181 4645 57 37 das
2258 4647 252 48 Comitatshaus.
