3432 4984
227 507 883 118 ürKnäungs».

288 739 339 72 Erfindungen
664 754 148 45 ncncr
847 739 202 70 Musik-

483 819 345 71 Instrumente.

652 911 40 33 ii.

272 970 249 47 Erfindungen
544 973 56 37 bei
625 971 440 47 Geigen-Instrumenten.

320 1034 76 35 Seit
431 1034 67 35 dem
522 1034 148 44 Bestehen
696 1034 51 34 der
772 1033 158 42 Violinen,
969 1033 27 35 d.
1022 1033 20 35 i.
1068 1034 53 42 seit

210 1078 87 44 mehr
323 1079 51 34 als
399 1081 66 33 400
481 1081 137 43 Jahren,
643 1078 53 44 hat
721 1079 51 33 der
789 1079 75 35 Bau
889 1078 152 43 derselben
1065 1078 54 45 sich

210 1123 78 45 nicht
323 1125 175 41 verändert,
534 1135 60 23 nur
630 1124 45 34 die
711 1122 151 44 etwaigen
894 1122 226 44 Aenderungen

211 1168 72 34 oder
308 1168 264 43 Verbesserungen
596 1166 205 45 beschränkten
826 1167 52 43 sich
904 1167 108 43 bisher
1035 1168 70 44 höch­

210 1212 81 42 stens
317 1214 55 42 auf
397 1211 278 44 außerwesentliche
692 1212 237 42 Bestandtheile.
964 1212 61 35 Die
1043 1213 62 35 Vio­

212 1256 60 36 line
291 1257 34 42 ist
339 1258 47 33 ein
400 1256 263 44 aristocratisches,
681 1257 227 41 conservatives
919 1256 200 44 Instrument

211 1302 62 34 und
307 1312 59 24 nur
399 1302 55 43 auf
485 1302 52 34 der
570 1300 130 45 Pariser
731 1302 275 43 Weltausstellung
1034 1303 83 35 1867

210 1345 55 44 hat
300 1345 244 35 Vuillonme
580 1352 61 28 uns
679 1346 56 34 mit
770 1346 95 43 seiner
901 1346 218 37 Sourdine

207 1390 166 43 pedale,
390 1390 81 35 einer
490 1402 50 23 am
558 1391 101 43 Stege
675 1390 221 44 angebrachten
911 1390 208 46 Vorrichtung

209 1434 155 45 beschenkt,
388 1435 106 44 welche
518 1435 147 43 während
691 1436 53 34 des
770 1436 232 43 Geigenspieles
1029 1446 76 34 ange­

210 1480 118 36 wendet
351 1480 98 41 wird,
482 1481 77 45 ohne
584 1481 58 34 das
669 1480 97 44 Spiel
790 1481 139 43 hiedurch
955 1491 36 33 zu
1016 1486 89 31 unter­

210 1523 122 47 brechen
357 1525 62 34 und
437 1525 45 34 die
506 1525 204 46 gewöhnliche
736 1525 218 35 Sourdine
980 1525 125 46 entbehr­

209 1568 53 47 lich
286 1570 106 43 macht.

315 1623 62 35 Sie
392 1624 109 41 verfiel
518 1623 73 35 aber
609 1633 104 35 wegen
736 1635 37 32 zu
794 1624 113 43 großer
924 1624 180 45 Beeinträch­

207 1667 109 45 tigung
353 1668 54 35 des
433 1669 107 35 Tonis
576 1669 57 44 fast
668 1669 112 34 wieder
816 1669 31 34 in
879 1669 238 43 Vergessenheit.

205 1712 171 45 Begrüßen
411 1714 59 34 wir
506 1724 52 23 um
594 1715 30 41 so
660 1714 155 43 freudiger
851 1714 64 35 eine
941 1715 176 45 Erfindung

209 1757 54 36 des
289 1757 106 44 Herrn
420 1759 36 34 C.
483 1759 38 42 F.
548 1758 197 44 Schmidt,
781 1759 84 34 eines
894 1759 132 43 hiesigen
1050 1759 54 44 jun­

206 1811 57 34 gen
288 1803 62 34 und
375 1803 182 43 strebsamen
581 1803 270 45 Geigenmachers,
877 1804 51 34 der
954 1804 64 35 eine
1042 1814 76 27 neue

204 1847 221 47 praktische
455 1847 346 46 Violinschraube
839 1849 198 42 construirte,
1069 1849 47 36 die

206 1891 56 36 den
292 1893 102 42 Zweck
428 1893 55 43 hat
518 1893 59 34 das
609 1893 201 44 Instrument
845 1894 61 34 viel
943 1893 172 45 bequemer,

207 1936 116 45 rascher
356 1937 61 34 und
451 1937 122 44 sicherer
605 1938 138 42 stimmen
775 1949 37 32 zu
836 1939 124 34 können.
996 1939 121 44 Indem

207 1980 53 37 der
284 1981 121 35 Wirbel
433 1983 87 40 (oder
545 1981 241 46 die^Schraube)
812 1983 31 34 in
868 1984 96 34 einem
989 1984 114 47 gezähn­

208 2030 50 31 ten
283 2027 72 34 Rad
381 2027 97 43 läuft,
510 2028 127 43 welches
662 2028 48 34 nie
735 2029 157 43 freiwillig
917 2029 200 44 zurückgehen

207 2070 88 44 kann,
320 2072 62 34 und
412 2072 61 42 daß
505 2072 38 43 sie
569 2072 79 35 beim
673 2073 161 35 Stimmen
860 2074 52 34 der
937 2074 98 44 Geige
1061 2074 55 36 den

208 2115 193 45 Spielenden
433 2117 101 35 weder
567 2117 88 44 durch
687 2118 49 44 ihr
768 2128 38 33 zu
837 2119 120 43 leichtes
983 2119 71 44 noch
1080 2130 37 33 zu

205 2160 145 45 schweres
375 2162 172 43 Umdrehen
579 2161 148 44 hindern,
760 2163 71 43 noch
865 2164 47 34 bei
938 2174 36 33 zu
999 2163 114 45 großer

205 2205 300 47 Kraftanstrengung
542 2207 59 34 das
626 2208 204 46 Wirbelhaus
856 2209 147 44 sprengen
1029 2209 85 36 kann.

312 2269 221 44 Violinspieler
556 2270 105 44 wissen
685 2281 60 24 nur
770 2281 37 33 zu
831 2277 55 37 gut
910 2278 61 28 aus
996 2272 120 44 eigener

207 2313 204 46 Erfahrung,
453 2314 60 42 daß
550 2315 46 35 die
632 2315 208 45 Temperatur
876 2317 87 34 einen
999 2316 118 44 großen

206 2358 131 44 Einfluß
363 2360 55 43 auf
442 2359 47 35 die
513 2360 83 34 reine
618 2359 188 46 Stimmung
831 2361 52 34 der
908 2361 120 35 Saiten
1053 2361 64 44 hat,

205 2403 32 43 so
262 2414 96 32 zwar,
383 2404 60 41 daß
469 2404 47 36 bei
533 2406 170 34 wärmerer
729 2406 71 33 oder
825 2406 146 34 trockener
989 2406 114 36 Atmos­

208 2448 98 44 phäre
331 2449 46 34 die
403 2448 145 44 Reibung
573 2449 153 45 geringer,
763 2450 94 41 daher
882 2450 45 34 die
953 2450 164 43 Schraube

206 2501 70 34 zum
301 2493 181 44 Nachgeben
517 2493 171 44 geneigter,
721 2494 47 34 bei
800 2494 129 43 feuchter
962 2496 72 33 oder
1058 2496 47 34 käl­

205 2540 79 32 terer
307 2538 207 42 Temperatur
539 2537 135 45 dagegen
699 2538 45 35 die
762 2538 145 44 Reibung
932 2539 114 44 größer
1070 2540 45 44 ist,

205 2582 62 35 und
303 2582 132 44 deßhalb
472 2583 46 34 die
543 2582 164 45 Schraube
742 2584 43 42 oft
810 2584 30 42 so
865 2585 53 42 fest
943 2584 75 44 sitzt,
1055 2584 60 44 daß

205 2625 64 37 eine
293 2627 200 44 Umdrehung
528 2628 88 33 kaum
652 2628 126 44 möglich
813 2629 79 34 wird
927 2630 61 34 und
1014 2630 102 45 zuletzt

204 2669 49 38 bei
298 2681 40 33 zu
383 2672 114 43 großer
543 2672 289 45 Kraftanwenduug
884 2674 60 34 das
983 2674 134 36 Wirbel-

204 2715 83 45 Haus
321 2716 72 35 oder
424 2717 45 34 die
495 2716 163 45 Schraube
683 2717 103 44 bricht.
828 2719 104 42 Durch
957 2719 76 43 diese
1058 2720 44 35 Er­

205 2759 130 47 findung
369 2761 72 34 aber
473 2762 64 42 sind
570 2762 47 34 die
642 2762 110 45 obigen
777 2763 177 44 Nachtheile
978 2763 138 45 behoben

206 2805 62 36 und
294 2805 164 44 besonders
491 2806 47 35 bei
563 2807 52 34 der
640 2808 204 44 Anwendung
870 2808 53 34 der
947 2808 155 44 sogenann­

204 2853 51 32 ten
283 2850 561 46 „Mykrometer-Schraube"
872 2853 95 42 lassen
992 2854 52 41 sich
1070 2853 46 36 die

207 2894 67 36 dem
308 2896 92 43 Ohre
447 2897 88 33 kaum
580 2897 245 44 vernehmbaren
871 2898 124 42 feinsten
1032 2899 71 35 Ton­

205 2948 140 28 nuancen
369 2941 55 43 auf
448 2942 58 33 das
532 2941 202 44 sorgfältigste
758 2942 166 43 reguliren.

257 3012 6 5 '
311 3004 62 35 Bei
397 3004 57 34 den
486 3002 225 48 gewöhnlichen
735 3003 186 43 Schrauben
954 3006 76 42 stellt
1063 3005 52 46 sich

208 3049 70 43 auch
304 3049 52 34 der
380 3048 123 35 weitere
527 3048 182 42 Uebelstand
735 3048 59 42 ein,
819 3048 60 41 daß
905 3049 47 34 die
977 3049 126 44 Schrau­

207 3092 157 46 benlöcher
388 3093 193 42 (namentlich
605 3092 49 35 bei
679 3094 157 42 längerem
853 3093 193 45 Gebrauche)
1064 3094 53 45 sich

208 3147 57 33 gar
301 3148 37 33 zu
375 3140 45 42 oft
456 3138 180 42 erweitern,
677 3138 30 42 so
745 3134 60 46 daß
842 3138 109 34 immer
987 3138 130 43 größere

208 3182 186 46 Schrauben
430 3193 180 33 genommen
645 3183 123 35 werden
804 3183 134 42 müssen,
973 3189 71 28 was
1070 3184 47 35 bei

207 3226 53 37 der
284 3228 237 43 Schmidt'schen
546 3228 216 42 Construction
794 3228 77 43 nicht
896 3228 51 34 der
973 3229 73 41 Fall
1070 3228 44 44 ist.

209 3272 104 36 Dabei
348 3273 35 42 ist
419 3283 36 33 zu
480 3272 172 42 bemerken,
688 3272 61 42 daß
778 3273 60 34 das
863 3272 170 43 Aufziehen
1065 3273 51 35 der

208 3316 135 44 Saiten,
376 3318 91 42 sowie
492 3317 46 35 die
565 3317 121 43 Gestalt
709 3318 52 33 der
787 3317 164 44 Schraube
975 3318 85 42 selbst
1085 3318 32 34 in

207 3361 95 45 nichts
327 3362 34 34 in
384 3363 158 33 normaler
568 3362 99 42 Form
692 3362 153 43 abweicht.
871 3363 87 33 Man
983 3362 134 36 wendete

208 3406 66 43 ein,
310 3407 60 41 daß
403 3407 59 34 das
488 3407 137 41 Metall,
661 3407 126 42 welches
813 3406 52 45 sich
890 3407 80 34 beim
996 3407 107 36 Mikro­

207 3456 93 31 meter
336 3451 143 43 befindet,
516 3451 56 34 den
597 3451 73 35 Ton
702 3451 128 43 schädigt
859 3452 62 34 und
945 3452 46 35 die
1017 3452 99 45 Geige

208 3505 36 34 zu
267 3496 108 44 schwer
403 3496 117 42 mache,
552 3495 93 35 allein
668 3496 76 42 diese
767 3496 211 44 Behauptung
1003 3497 35 42 ist
1062 3507 42 25 un­

206 3541 124 44 richtig,
367 3540 72 35 weil
474 3541 135 34 Metalle
645 3540 177 45 überhaupt
856 3551 42 24 an
934 3542 53 34 der
1024 3542 79 43 Fort­

206 3586 169 44 pflanzung
412 3586 53 34 der
494 3585 221 44 Schallwellen
750 3585 96 43 nichts
882 3586 141 43 hindern,
1058 3587 58 36 wie

208 3640 73 25 man
313 3631 66 34 dies
412 3630 48 35 bei
485 3630 165 35 Clavieren
675 3640 36 33 zu
735 3629 82 44 jeder
839 3630 71 43 Zeit
934 3629 182 46 beobachten

207 3675 94 42 kann,
344 3675 40 35 da
427 3674 148 44 dieselben
619 3679 70 40 trotz
732 3675 58 34 den
824 3675 98 34 vielen
959 3675 157 44 Eisenver-

207 3719 204 46 fpreitzungen
435 3720 216 43 wohlklingen,
675 3719 62 34 und
755 3718 144 35 überdies
918 3720 45 34 die
981 3721 121 35 metalle­

207 3773 58 26 nen
306 3763 421 44 Mikrometer-Schrauben
762 3765 88 32 kaum
959 3764 79 44 Loth
1076 3776 40 25 an

211 3808 138 52 Gewicht
371 3808 157 43 betragen.
555 3808 112 36 Somit
684 3808 132 44 glauben
837 3809 60 34 wir
921 3809 55 34 mit
990 3810 51 34 der
1057 3819 60 26 neu

208 3858 188 38 patenttrten
420 3852 353 43 Wirbel-Construction
799 3853 66 33 dem
890 3853 106 43 Herrn
1021 3856 35 33 C.
1077 3856 36 42 F.

209 3897 143 45 Schmidt
375 3898 56 34 mit
453 3898 92 43 Recht
570 3897 47 35 ein
641 3897 156 44 günstiges
816 3898 142 41 Resultat
982 3898 32 34 in
1031 3899 70 35 Aus­

208 3941 68 45 sicht
299 3943 102 41 stellen
426 3952 37 33 zn
486 3942 126 42 können,
626 3942 184 44 umsomehr,
835 3943 49 32 als
911 3942 74 43 diese
1011 3943 92 43 Erfin­

207 3986 84 45 dung
315 3987 53 43 sich
393 3987 32 34 in
450 3987 51 33 der
527 3987 119 43 Praxis
671 3988 202 33 vollkommen
897 3986 149 44 bewährt.

313 4048 174 44 Uebrigens
522 4049 106 33 wurde
664 4049 84 43 Herr
773 4048 142 44 Schmidt
951 4050 51 42 fiir
1038 4048 75 45 diese

208 4093 77 44 seine
302 4095 54 44 auf
372 4094 53 34 der
441 4093 202 43 vorjährigen
659 4094 275 42 Weltausstellung
960 4093 156 44 exponirte

209 4137 402 46 Schraubenverbesserung
643 4138 54 35 mit
722 4138 52 34 der
798 4138 196 42 ehrenvollen
1018 4138 84 35 Aner­

208 4183 138 44 kennung
381 4193 62 23 von
480 4183 52 35 der
570 4182 247 44 österreichischen
853 4183 91 43 Jury
980 4181 134 45 belohnt.

207 4227 63 37 Die
294 4227 213 44 Schmidt'sche
525 4225 163 45 Schraube
713 4227 77 33 kann
813 4226 66 42 ihre
908 4226 204 46 Anwendung

207 4270 49 37 bei
280 4273 81 32 allen
385 4270 397 44 Streich-Instrumenten
814 4271 103 43 finden
948 4271 62 34 und
1035 4270 78 37 wird

206 4315 157 37 dermalen
378 4325 60 25 nur
462 4316 48 34 bei
525 4315 158 44 Violinen,
706 4316 115 35 Violen
838 4316 61 34 und
917 4316 119 34 Cello's
1062 4325 39 26 an­

209 4360 164 44 gewendet.

314 4421 112 36 Somit
454 4423 85 33 wäre
563 4422 46 33 die
634 4421 164 46 Geschichte
824 4422 54 35 des
902 4421 211 37 Violinbaues

207 4476 53 26 um
295 4467 63 34 eine
389 4467 193 42 interessante
618 4467 61 34 nnd
716 4468 127 43 zugleich
879 4466 232 44 gemeinnützige

208 4511 175 46 Erfindung
419 4511 170 46 bereichert,
625 4510 61 37 und
711 4512 197 44 Jedermann
944 4512 76 35 kann
1056 4511 53 46 sich

1191 346 111 43 hievon
1338 345 46 35 die
1415 344 239 45 Ueberzeugung
1692 345 199 43 verschaffen,
1931 346 52 33 der
2023 346 75 41 diese

1191 400 74 25 neue
1291 389 163 44 Schraube
1485 389 32 35 in
1549 389 52 34 der
1625 390 185 42 Niederlage
1847 389 54 34 des
1928 390 166 40 Erfinders

1190 435 33 33 in
1247 434 100 41 Wien,
1371 435 25 32 I.
1421 433 119 43 Bezirk,
1565 434 200 45 Klostcrgasse
1790 435 59 34 Nr.
1869 436 20 33 3
1913 433 32 36 in
1970 435 111 43 Augen­

1191 478 92 44 schein
1307 478 128 44 nehmen
1460 478 74 35 will.

1191 631 142 61 „Xon
1349 631 121 67 plus
1489 631 147 53 Ultra
1653 629 447 64 Caffeemaschinen".

1297 712 151 34 Anton
1472 711 156 44 Bogen
1642 713 150 43 hofer,
1824 711 89 35 Bau-
1939 711 61 33 und
2033 711 68 34 Ga-

1190 755 311 44 lanterie-Spängler
1517 757 100 41 (VI!I.
1632 758 74 41 Bez.
1722 755 228 44 Florianigasse
1966 756 61 33 Nr.
2044 757 56 40 42)

1189 800 34 42 ist
1249 801 93 41 dieser
1367 801 86 43 Tage
1493 810 51 25 um
1581 801 58 34 das
1664 800 210 46 Privilegium
1909 800 95 42 seiner
2029 809 58 25 neu­

1191 845 188 44 erfundenen

1285 902 98 38 ,,Xoi»
1408 901 86 40 plus
1519 901 98 32 ultr»
1647 897 333 46 Caffeemaschinen"

1190 952 232 44 eingeschritten.
1448 952 164 44 Dieselben
1639 954 134 42 zeichnen
1798 953 53 42 sich
1875 962 62 24 von
1962 952 56 34 den
2035 951 50 35 bis­

1189 997 124 46 herigen
1346 996 203 45 vortheilhaft
1566 998 88 43 durch
1668 998 67 43 ihre
1750 998 160 42 praktische
1929 996 156 34 Verwend­

1189 1042 114 34 barkeit
1327 1047 70 29 aus.
1436 1043 63 33 Sie
1524 1042 94 42 lassen
1643 1043 51 42 sich
1720 1042 95 42 besser
1844 1042 33 34 in
1902 1042 81 34 allen
2008 1041 78 42 Thei­

1188 1087 49 33 len
1260 1087 149 43 reinigen,
1427 1087 50 34 als
1503 1087 46 34 die
1574 1087 51 33 bis
1650 1097 64 23 nun
1731 1086 211 43 bestandenen,
1960 1091 34 28 es
2019 1085 79 34 wird

1189 1130 47 35 bei
1264 1131 92 42 ihnen
1392 1131 82 42 jedes
1503 1132 50 41 „V
1568 1142 13 23 e
1595 1142 15 23 r
1624 1131 17 34 d
1655 1131 10 33 i
1680 1131 27 43 ch
1722 1136 11 29 t
1746 1141 19 23 u
1780 1142 19 23 n
1817 1141 17 33 g
1849 1137 17 28 s
1882 1147 9 12 -
1910 1130 42 35 M
1966 1131 10 33 i
1989 1135 12 29 t
2013 1135 12 29 t
2040 1141 13 23 e
2067 1130 29 34 l"

1188 1176 131 41 (Lappe)
1345 1176 145 42 beseitigt,
1530 1181 70 29 was
1638 1186 52 22 um
1729 1176 30 40 so
1788 1175 240 35 willkommener
2053 1175 45 41 ist,

1188 1221 51 33 als
1260 1220 142 42 "dasselbe
1427 1221 133 43 ohnehin
1583 1220 83 42 meist
1695 1220 66 34 dem
1787 1219 176 36 Verderben
1988 1225 98 45 ausge­

1187 1265 74 43 setzt,
1297 1265 61 34 und
1396 1264 147 44 überdieß
1580 1265 109 33 unrein
1726 1265 61 33 und
1812 1264 216 44 unappetitlich
2053 1265 44 41 ist.

1189 1310 46 33 Es
1261 1309 66 42 läßt
1351 1310 52 43 sich
1428 1310 33 34 in
1478 1309 82 36 einer
1578 1310 113 42 solchen
1714 1309 158 43 Maschine
1889 1311 85 42 mehr
1993 1309 105 43 Caffce

1187 1353 112 44 kochen,
1336 1355 50 33 als
1411 1354 32 34 in
1468 1354 82 35 einer
1576 1354 142 34 anderen.
1748 1355 74 33 Von
1839 1353 125 44 gleicher
1988 1353 110 42 Größe

1187 1399 62 34 und
1273 1399 168 42 Volumen,
1466 1399 35 42 ist
1525 1399 39 41 sie
1595 1400 43 33 im
1663 1399 99 42 Preis
1786 1398 123 43 billiger
1933 1399 62 33 und
2020 1398 78 34 kann

1188 1443 70 44 auch
1285 1454 67 33 zum
1386 1443 186 44 Chocolade-
1598 1443 112 44 Milch-
1735 1443 61 33 und
1823 1442 202 45 Eier-Kochen
2061 1453 36 24 :c.

1187 1487 116 46 benützt
1327 1489 133 34 werden.
1510 1488 69 35 Mit
1605 1489 97 33 einem
1731 1489 119 38 Worte,
1886 1486 75 44 diese
1993 1488 91 40 Erfin­

1187 1532 81 45 dung
1295 1533 66 41 läßt
1397 1544 39 23 an
1460 1533 191 44 praktischem
1677 1534 116 42 Nutzen
1821 1531 97 43 nichts
1950 1541 36 33 zu
2010 1533 74 32 wün­

1187 1577 79 43 schen
1291 1578 92 43 übrig
1408 1578 62 34 und
1487 1578 58 35 wir
1571 1579 115 33 können
1711 1577 66 34 dem
1795 1575 157 45 Erfinder,
1974 1576 52 34 der
2051 1577 34 33 be­

1186 1623 77 33 reits
1289 1623 55 34 mit
1373 1622 158 43 mehreren
1549 1622 292 43 Preis-Medaillen
1872 1620 226 44 ausgezeichnet

1185 1668 117 41 wurde,
1327 1668 46 34 die
1391 1667 98 42 besten
1507 1667 128 44 Erfolge
1660 1667 31 33 in
1706 1665 141 42 Aussicht
1872 1665 111 42 stellen.
2007 1666 91 42 Diese

1187 1712 181 44 Maschinen
1392 1711 123 36 werden
1540 1713 56 40 erst
1622 1710 154 44 künftigen
1807 1709 121 35 Monat
1954 1710 143 42 Februar

1186 1757 27 34 d.
1240 1759 38 42 I.
1320 1758 33 33 in
1392 1755 124 45 Handel
1555 1757 100 42 gesetzt
1695 1756 61 33 und
1792 1755 123 34 werden
1955 1755 31 33 in
2017 1756 81 33 allen

1186 1802 132 42 Größen
1343 1802 63 34 und
1436 1801 247 43 Ausstattungen
1712 1801 32 33 in
1771 1799 149 43 Messing,
1950 1800 91 41 sowie
2066 1800 32 33 in

1184 1847 137 43 Alpacca
1358 1847 57 34 mit
1453 1845 230 38 Glas-Deckeln
1718 1846 121 42 elegant
1876 1845 131 35 montirt
2048 1855 50 24 am

1185 1893 100 43 Lager
1310 1892 52 44 sich
1388 1890 151 44 befinden.

1445 2038 396 101 WundschlM

1621 2152 46 29 der

1292 2296 59 30 Mit
1366 2297 82 34 dieser
1463 2296 107 31 Rubrik
1590 2295 124 34 eröffnen
1730 2295 52 30 wir
1804 2295 79 35 jenen
1898 2294 196 35 interessanten

1185 2350 80 36 Theil
1286 2351 47 29 der
1362 2349 192 38 gewerblichen
1575 2350 233 35 Besprechungen,
1838 2347 108 36 welcher
1967 2352 56 25 uns
2044 2347 51 30 mit

1186 2405 51 29 den
1262 2404 87 35 besten
1376 2404 115 36 Firmen
1521 2403 30 30 in
1581 2403 85 36 jedem
1688 2403 85 36 Fache
1803 2403 45 29 der
1876 2401 148 36 Industrie
2053 2402 30 29 be­

1185 2458 84 30 kannt
1289 2458 108 34 machen
1418 2458 58 34 soll,
1497 2457 41 30 die
1559 2457 44 35 sich
1625 2457 78 34 durch
1734 2464 69 28 ganz
1830 2455 143 34 besondere
1994 2455 88 37 Eigen­

1184 2511 181 35 thümlichkeit
1385 2510 30 31 in
1436 2511 45 29 der
1502 2511 165 37 Erzeugung
1693 2510 75 35 ihres
1789 2510 102 36 Faches
1919 2509 175 36 auszeichnet,

1184 2566 57 29 und
1269 2565 50 29 den
1339 2565 111 30 Namen
1472 2563 174 35 Specialität
1666 2564 53 29 mit
1742 2563 82 34 Recht
1844 2561 131 32 verdient.

1290 2627 36 35 I.
1356 2627 138 30 Meindl's
1523 2627 190 34 Uhrenfabrik,
1743 2627 59 28 VII,
1833 2625 102 37 Bezirk.
1965 2626 130 34 Neubau,

1184 2674 159 36 Burggasse
1361 2674 27 33 3,
1407 2673 45 30 Eck
1467 2672 47 30 der
1528 2672 116 31 Breiten
1658 2672 94 34 Gasse.
1770 2672 100 35 Tiefes
1884 2671 212 35 Etablissement

1185 2719 118 34 befindet
1323 2719 45 33 sich
1389 2718 30 29 in
1439 2716 87 32 einem
1547 2717 94 36 eigens
1666 2726 31 26 zu
1718 2717 97 34 diesem
1841 2715 101 37 Zwecke
1962 2716 133 30 erbauten

1185 2764 138 35 „eisernen
1352 2762 256 37 Waaren-Hause."
1648 2763 41 30 Es
1714 2762 31 34 ist
1767 2762 52 29 das
1841 2760 99 35 „erste"
1962 2761 29 29 in
2012 2761 83 34 dieser

1184 2810 55 29 Art
1259 2809 115 36 gebaute
1394 2808 100 32 eiserne
1513 2807 91 36 Haus,
1619 2807 110 35 welches
1750 2815 55 20 von
1825 2807 89 35 Herrn
1934 2805 33 37 I.
1982 2806 113 30 Meindl

1184 2855 58 34 sehr
1262 2852 172 37 zweckmäßig
1461 2861 32 27 zu
1513 2852 86 30 einem
1622 2851 213 37 Fabrikslager,
1863 2850 81 35 sowie
1965 2852 46 29 als
2032 2851 52 30 Ate­

1185 2900 51 29 lier
1263 2899 38 29 im
1330 2898 85 34 ersten
1444 2896 78 32 Stock
1553 2898 46 33 für
1633 2897 200 34 Reparaturen
1865 2894 169 39 eingerichtet
2055 2896 39 34 ist.

1184 2945 76 29 Man
1280 2944 86 32 findet
1386 2943 57 35 hier
1464 2942 41 30 die
1525 2942 102 35 reichste
1657 2942 144 34 Auswahl
1836 2951 55 20 von
1921 2941 102 36 Uhren,
2044 2941 51 30 wie

1185 2991 33 32 sie
1238 2989 78 29 kaum
1338 2988 44 29 ein
1402 2987 107 36 zweites
1530 2987 214 33 Etablissement
1769 2986 100 30 Wiens
1895 2995 30 27 zu
1947 2987 89 29 bieten
2057 2986 37 30 im

1186 3034 112 30 Stande
1319 3034 38 33 ist.
1374 3033 65 30 Von
1460 3032 50 31 den
1531 3033 161 35 einfachsten
1706 3033 207 34 Taschenuhren
1934 3032 45 29 bis
1998 3040 31 27 zu
2044 3032 50 29 den

1185 3079 162 33 kostbarsten
1376 3077 218 36 Chronometers
1624 3078 57 28 und
1711 3078 113 29 Damen
1839 3076 184 31 Remontoirs
2044 3077 51 30 mit

1184 3124 172 33 Brillanten,
1376 3123 98 31 Email
1493 3123 58 30 und
1571 3122 153 35 russischem
1744 3122 105 34 Email,
1871 3122 59 33 sind
1951 3123 52 28 alle
2024 3123 60 30 Gat­

1186 3173 104 31 tungen
1310 3169 93 34 Uhren
1423 3168 71 34 jeder
1510 3167 86 30 Sorte
1616 3167 57 29 und
1695 3167 76 35 jeden
1789 3166 130 35 Systems
1940 3167 154 37 vorrälhig.

1185 3213 156 33 Besonders
1374 3214 90 33 schöne
1492 3212 127 36 Pendel-,
1650 3212 173 35 französische
1853 3212 57 29 und
1946 3212 149 36 Schweizer

1184 3258 128 35 Taschen-
1327 3258 56 29 und
1399 3257 194 36 Reise-Uhren,
1611 3257 203 32 Salon-Uhren
1834 3256 29 29 in
1879 3256 104 32 antiker
1998 3257 95 36 Form,

1185 3303 112 36 größere
1318 3302 187 36 Lokal-Uhren
1526 3303 46 33 sür
1593 3303 98 33 Cafes,
1718 3301 247 37 Restaurationen,
1986 3303 107 35 Hotels,

1185 3347 202 34 Eisenbahnen,
1417 3347 81 34 sowie
1527 3348 52 29 alle
1609 3347 166 36 Gattungen
1800 3346 215 36 Thurm-Uhren
2035 3348 57 34 sind

1185 3402 47 20 am
1253 3392 87 36 Lager
1360 3392 91 30 bereit.
1472 3391 72 37 Jede
1564 3392 168 36 Bestellung,
1753 3392 80 33 sowie
1854 3392 56 34 jede
1931 3392 162 34 Reparatur

1185 3437 70 30 wird
1277 3437 50 33 aus
1347 3437 52 29 das
1419 3438 162 35 prompteste
1607 3437 169 36 ausgeführt
1804 3437 57 29 und
1884 3437 45 34 für
1951 3437 41 30 die
2014 3438 68 30 Soli­

1186 3483 71 29 dität
1278 3482 45 29 der
1343 3481 98 31 Arbeit
1461 3482 140 31 Garantie
1621 3481 125 37 geleistet.
1780 3481 70 31 Eine
1871 3482 88 35 zweite
1981 3482 100 31 Nieder­

1186 3528 62 36 lage
1267 3526 84 33 dieser
1370 3526 101 36 Firma
1495 3526 120 35 befindet
1639 3527 46 33 sich
1714 3526 38 29 im
1774 3527 72 27 VIII.
1867 3526 104 35 Bezirk,
2001 3526 81 36 Josef­

1185 3573 78 35 stadt,
1293 3570 288 36 Lerchenfelderstraße
1611 3572 59 33 110,
1703 3571 41 29 die
1773 3571 45 35 sich
1849 3570 136 33 ebenfalls
2012 3572 78 35 durch

1186 3616 143 32 Solidität
1349 3615 30 30 in
1399 3616 44 30 der
1457 3615 108 36 Arbeit,
1586 3616 81 35 sowie
1688 3616 78 34 durch
1782 3616 142 36 Billigkeit
1944 3616 38 29 im
1997 3617 94 34 Preise

1185 3661 175 36 auszeichnet.
1392 3661 69 35 Herr
1481 3659 32 38 I.
1534 3661 114 30 Meindl
1670 3662 77 34 führt
1767 3661 64 34 auch
1853 3661 52 29 alle
1925 3661 166 38 Gattungen

1185 3708 86 31 Gold-
1287 3706 57 29 und
1360 3704 207 33 Silber-Ketten
1582 3706 29 29 in
1626 3706 119 34 reichster
1765 3705 143 36 Auswahl
1928 3715 46 21 am
1995 3706 94 36 Lager.

1290 3759 53 30 Tie
1362 3758 384 37 Bronze-Waaren-Fabrik
1766 3760 46 29 des
1833 3760 89 34 Herrn
1945 3760 144 36 Sigmund

1185 3806 103 34 Wand,
1321 3805 46 27 IX.
1400 3805 101 35 Bezirk,
1535 3804 260 37 Währingerstraße
1826 3805 44 34 43,
1902 3805 111 36 zeichnet
2045 3806 44 34 sich

1184 3852 78 33 durch
1284 3850 56 34 ihre
1361 3849 142 35 besondere
1525 3849 173 35 Specialität
1719 3853 63 25 aus.
1815 3849 51 30 Sie
1887 3849 129 34 fabricirt
2036 3860 54 20 nur

1183 3894 311 37 Bronze-Gegenstände
1515 3895 30 29 in
1565 3895 186 35 Verbindung
1773 3894 51 29 mit
1845 3894 76 30 Glas
1955 3896 56 28 und
2033 3905 46 20 ver­

1183 3944 55 35 legt
1258 3940 44 35 sich
1323 3937 201 38 größteutheils
1545 3939 89 34 hierin
1667 3939 50 33 aus
1742 3938 94 36 Luxus
1851 3952 8 9 -
1873 3938 217 39 Bcleuchtungs-

1183 3985 187 39 gegenstände.
1391 3983 44 35 In
1456 3983 98 31 keinem
1570 3983 212 33 Etablissement
1809 3982 180 39 Oesterreichs
2018 3985 70 29 wird

1183 4032 58 31 eine
1261 4029 108 35 reichere
1399 4027 141 37 Auswahl
1572 4038 56 20 von
1660 4027 332 37 Glas-Bronze-Lustern,
2023 4029 54 30 Am­

1183 4077 72 34 peln,
1267 4072 161 33 Girandols
1440 4074 56 28 und
1508 4073 231 34 Wandleuchtern
1751 4074 145 35 gefunden.
1918 4073 54 31 Tie
1988 4073 101 36 Fabrik

1184 4121 97 34 besteht
1300 4118 47 35 seit
1368 4117 59 29 dem
1439 4116 92 37 Jahre
1553 4119 69 26 1838
1642 4118 56 29 und
1721 4117 93 34 befaßt
1829 4118 44 34 sich
1886 4118 202 36 größteutheils

1183 4165 52 29 mit
1255 4165 58 28 dem
1326 4162 112 35 Export,
1458 4162 33 32 sie
1512 4162 47 36 hat
1579 4162 100 29 bereits
1701 4162 47 34 seit
1760 4162 111 35 Jahren
1893 4162 78 30 einen
1986 4163 101 35 solchen

1183 4209 184 35 Aufschwung
1389 4213 171 29 genommen,
1582 4207 53 32 daß
1656 4207 57 33 ihre
1734 4206 175 36 Erzeugnisse
1934 4207 70 35 nicht
2024 4208 64 29 blos

1183 4255 30 29 in
1234 4254 71 29 allen
1326 4250 158 35 Provinzen
1504 4251 179 35 Oesterreichs
1715 4251 95 33 Absatz
1843 4250 102 36 finden,
1970 4252 117 33 sondern

1182 4298 63 30 weit
1265 4297 66 29 über
1351 4294 42 29 die
1413 4294 124 36 Grenzen
1567 4297 48 28 des
1636 4295 111 34 Reiches
1778 4295 56 29 in's
1855 4294 145 36 Ausland,
2022 4297 64 34 nach

1183 4340 167 39 Frankreich,
1383 4338 29 29 in
1445 4339 41 29 die
1517 4340 132 33 Moldau,
1680 4339 157 35 Wallachei,
1859 4340 64 34 nach
1944 4339 137 34 Rußland

1182 4387 58 29 und
1271 4385 43 29 die
1345 4382 98 30 Türkei
1475 4382 46 32 bis
1553 4385 65 33 nach
1638 4383 129 30 Amerika
1799 4383 139 33 versendet
1968 4384 118 29 werden.

1181 4432 68 35 Herr
1263 4427 144 37 Sigmund
1420 4425 93 34 Wand
1535 4429 114 29 arbeitet
1670 4428 202 36 größteutheils
1893 4428 63 34 nach
1972 4427 112 35 eigenen

1181 4474 167 33 Entwürfen
1377 4471 57 29 und
1463 4470 200 40 Zeichnungen,
1693 4473 57 28 und
1780 4472 110 34 zeichnet
1915 4471 46 34 sich
1981 4471 104 33 sowohl

1182 4520 78 34 durch
1281 4515 199 37 künstlerischen
1492 4516 152 38 Geschmack
1663 4517 30 32 in
1714 4517 51 31 den
1777 4515 140 35 Motiven,
1937 4514 51 31 wie
2003 4514 79 35 durch

2167 346 126 36 Feinheit
2313 347 30 29 in
2364 347 45 29 der
2424 347 188 38 Ausführung
2634 353 63 26 aus.
2718 348 46 31 An
2785 348 242 36 Dauerhaftigkeit
3041 348 30 30 in

2167 391 46 29 der
2234 390 215 37 „Vergoldung"
2483 392 90 34 dürfte
2605 402 26 20 er
2660 394 78 29 kaum
2759 393 173 35 übertroffen
2953 394 117 28 werden.

2168 435 55 30 Die
2245 434 141 31 Solidität
2406 436 57 28 und
2482 435 247 38 Preiswürdigkeit
2749 438 45 31 der
2815 437 117 31 Waare'
2950 438 111 33 rechtfer­

2169 480 51 36 tigt
2252 480 52 29 das
2334 480 54 30 alte
2417 480 176 34 Renommee,
2623 481 87 33 dessen
2729 483 45 34 sich
2800 484 52 28 das
2874 482 195 36 Fabrikshans

2169 525 110 33 erfreut.
2299 524 53 29 Um
2373 524 45 34 sich
2439 523 78 30 einen
2548 533 55 20 nur
2622 524 168 37 beiläufigen
2819 527 111 35 Begriff
2949 535 56 21 von
3026 526 46 29 der

2169 567 276 38 Leistungsfähigkeit
2475 568 58 29 und
2553 569 60 28 dem
2634 567 197 40 Aufschwünge
2863 571 84 35 dieser
2966 570 106 37 Fabrik

2169 621 32 27 zu
2221 613 116 34 machen,
2359 613 91 33 dürste
2470 612 47 30 der
2536 612 135 34 Umstand
2692 612 127 37 sprechen,
2849 615 54 32 daß
2923 615 38 29 im
2981 615 92 35 Jahre

2171 658 69 26 1870
2259 666 37 20 an
2311 656 303 38 Beleuchtungsstücken
2635 657 83 28 allein
2733 657 42 29 ein
2791 659 102 33 Umsatz
2907 668 53 20 von
2974 660 99 28 20,0X1

2170 702 119 36 gemacht
2307 702 102 34 wurde,
2442 702 57 28 und
2520 701 109 34 seitdem
2663 701 41 29 die
2724 700 73 36 Zahl
2821 702 44 33 sich
2899 703 71 33 jedes
2991 703 77 36 Jahr

2174 755 47 20 um
2243 746 41 30 die
2303 745 95 37 Hälfte
2418 746 114 36 steigert.

2276 799 33 35 F.
2329 797 168 32 Rauskolb's
2517 797 343 36 Ledergalantericwaarcu
2872 810 9 11 -
2892 798 106 35 Fabrik.
3018 800 55 30 Die

2170 844 173 36 Erzeugnisse
2364 844 86 34 dieses
2470 843 229 34 Etablissements
2720 842 118 36 zeichnen
2858 843 45 34 sich
2934 844 76 34 durch
3032 844 30 29 be­

2169 889 114 34 sonders
2304 887 108 38 fleißige
2432 889 56 28 und
2510 887 211 37 geschmackvolle
2742 886 99 32 Arbeit
2861 891 55 25 aus
2946 888 56 28 und
3023 888 39 29 bil­

2170 934 50 29 den
2241 933 38 30 im
2300 932 85 37 Fache
2406 934 45 28 der
2472 933 139 34 Cassetten
2644 932 58 29 eine
2727 931 143 35 besondere
2893 931 177 34 Specialität,

2170 978 85 36 Feine
2287 976 246 37 Schreibmappen,
2567 977 96 32 Cassa-
2694 976 58 29 und
2779 975 296 35 Wechfelporteseuille,

2170 1021 245 37 Cigarren-Etuis,
2436 1021 247 35 Portemonnaies,
2705 1019 90 36 Brief-
2820 1020 57 29 und
2898 1019 164 34 Visitkarten­

2170 1067 111 35 taschen,
2314 1065 122 38 elegante
2468 1066 139 33 Cassetten
2639 1066 46 33 für
2719 1063 157 37 Sacktücher
2905 1064 56 29 und
2982 1064 81 35 Hand­

2169 1112 98 35 schuhe,
2287 1110 130 37 luxuriös
2438 1110 193 36 ausgestattete
2642 1107 303 36 Damen-Necessaires,
2966 1108 95 30 Garni­

2169 1161 80 25 turen
2270 1156 46 33 sür
2336 1156 123 36 elegante
2492 1155 96 29 Salon
2602 1168 8 8 -
2626 1152 194 37 Schreibtische
2851 1153 30 29 in
2914 1153 86 35 Form
3021 1161 56 20 von

2169 1201 102 34 Uhren,
2293 1199 222 38 Schreibzeugen,
2535 1198 198 34 Kalendarien,
2768 1196 135 38 Spiegeln
2930 1198 57 28 und
3008 1196 54 30 Toi­

2169 1244 264 37 lettegegenständen
2454 1245 67 29 aller
2541 1243 54 30 Art
2615 1252 32 22 :c.
2668 1252 32 21 :c.
2721 1242 94 35 finde»
2836 1242 44 34 sich
2910 1242 29 29 iu
2959 1241 118 35 reichster

2170 1289 142 35 Auswahl
2332 1297 59 23 vor.

2275 1343 55 31 Tie
2351 1342 110 37 Fabrik,
2493 1342 92 34 welche
2617 1342 47 33 seit
2686 1341 69 27 1872
2786 1344 81 25 unter
2886 1339 47 30 der
2953 1338 115 36 Leitung

2169 1389 46 29 des
2236 1388 112 36 juugen,
2382 1387 164 34 strebsamen
2580 1386 31 35 F.
2633 1384 147 32 Rauskolb
2801 1385 74 34 steht,
2908 1384 102 34 erfreut
3030 1384 45 34 sich

2169 1433 99 30 bereits
2289 1432 75 30 eines
2385 1432 101 34 solchen
2506 1431 226 35 Ausschwunges,
2763 1429 54 33 daß
2837 1430 45 34 sich
2903 1429 46 28 der
2969 1429 106 34 Export

2168 1478 70 36 nicht
2259 1478 64 29 blos
2344 1478 49 35 aus
2415 1477 42 29 die
2477 1476 158 35 Provinzen
2657 1476 45 28 der
2723 1473 220 37 österreichischen
2957 1473 108 30 Monar­

2169 1523 58 35 chie,
2247 1522 116 34 sondern
2385 1522 63 35 auch
2470 1522 49 33 auf
2540 1520 143 36 England,
2705 1518 167 37 Frankreich,
2888 1517 185 35 Deutschland

2169 1568 56 29 und
2247 1566 112 37 Italien
2380 1566 122 35 erstreckt,
2522 1566 57 28 und
2601 1566 29 28 in
2651 1563 119 34 neuester
2790 1562 61 36 Zeit
2884 1563 63 33 auch
2977 1561 91 33 Bestel­

2170 1612 103 36 lungen
2306 1611 165 36 überseeisch,
2509 1609 165 35 namentlich
2708 1617 56 21 von
2796 1607 128 31 Amerika
2957 1606 118 37 gemacht

2168 1657 116 30 werden,

2275 1711 55 30 Tie
2350 1709 102 38 Fabrik
2471 1708 110 36 zeichnet
2602 1707 44 35 sich
2669 1706 79 35 durch
2769 1705 43 30 ein
2832 1704 65 34 reich
2919 1703 157 34 assortirtes

2168 1755 186 37 Musterlager
2375 1758 54 26 aus
2450 1754 56 28 und
2529 1752 119 33 befindet
2667 1751 47 34 sich
2735 1750 38 30 im
2794 1750 45 27 VI.
2861 1748 102 36 Bezirk,
2995 1747 81 30 Web-

2169 1801 73 37 gasse
2263 1801 42 28 41.

2168 1898 197 61 Usus
2390 1894 581 61 ^tad1isL6iQ6iits
3003 1892 72 57 in

2609 2076 25 32 I.

2275 2144 105 38 Unter
2427 2142 73 38 dem
2548 2141 65 37 viel
2665 2137 270 49 versprechenden
2983 2135 94 38 Titel

2172 2199 104 46 „Zur
2292 2195 244 51 Weltkugel"
2558 2196 155 44 eröffnete
2728 2192 52 37 die
2798 2192 130 46 Firma:
2953 2188 119 48 „Oost,

2165 2252 50 39 D.
2246 2251 227 38 Müller"
2507 2249 54 37 ein
2593 2247 256 47 Etablissement
2877 2256 55 25 am
2960 2243 101 49 Burg­

2166 2307 76 49 ring
2272 2306 63 36 Str.
2370 2304 34 45 3,
2440 2304 131 36 welches
2606 2302 54 46 sich
2690 2312 57 37 zur
2776 2298 156 49 Aufgabe
2961 2298 113 47 macht,

2166 2360 62 36 alle
2247 2354 354 54 Gattungen'feinster
2631 2353 169 47 Liqnenre,
2833 2350 236 48 Spiritnosen,

2167 2411 208 51 französische
2403 2410 70 37 und
2503 2408 223 46 orientalische
2760 2406 160 48 Syrnpe,
2955 2402 118 39 Weine

2166 2467 70 36 und
2283 2464 277 48 Mineralwässer
2607 2462 37 36 in
2676 2459 157 51 Flaschen
2879 2458 71 37 und
2998 2458 74 46 auch

2167 2519 174 51 glasweise
2385 2518 74 36 dem
2507 2514 169 48 verehrten
2719 2513 44 46 P.
2808 2512 46 37 T.
2892 2510 182 46 Publikum

2167 2574 89 47 nebst
2285 2572 63 36 den
2378 2569 269 50 verschiedensten
2674 2565 225 49 Delikatessen
2934 2566 35 35 in
2999 2563 59 37 klei­

2167 2639 64 26 nen
2262 2624 187 47 Portionen
2493 2635 39 37 zu
2558 2620 232 48 verabreichen.
2824 2620 51 37 Es
2904 2617 84 38 wird
3010 2617 64 37 das

2166 2681 132 46 Feinste
2326 2678 147 51 geboten,
2503 2680 74 34 was
2605 2675 64 37 alle
2686 2673 129 39 Länder
2848 2671 71 38 nnd
2953 2670 124 38 Völker

2166 2735 36 36 in
2231 2733 120 46 diesem
2371 2731 113 38 Genre
2504 2729 221 49 auszuweisen
2755 2727 46 37 im
2821 2725 140 39 Stande
2982 2724 84 47 sind,

2167 2792 35 34 es
2250 2787 104 37 bildet
2401 2786 53 37 ein
2502 2785 231 46 interessantes
2775 2779 193 52 Gegenstück
3009 2790 60 37 zur

2166 2838 214 53 vorjährigen
2418 2837 44 38 W
2479 2851 13 24 e
2509 2839 11 35 l
2536 2842 12 33 t
2564 2850 18 23 a
2598 2849 22 24 n
2636 2840 19 32 s
2672 2837 24 45 st
2713 2848 14 24 e
2742 2835 13 36 l
2770 2835 12 36 l
2798 2847 22 23 n
2836 2846 22 24 n
2875 2846 18 36 g
2910 2832 73 37 s-K
3000 2844 16 24 o
3034 2832 37 44 st-

2167 2895 138 49 hatle
2335 2893 69 38 und
2434 2893 39 46 ist
2489 2904 56 24 um
2561 2892 33 45 so
2624 2886 358 51 empsehlenswerther,
3014 2886 54 35 als

2166 2954 36 33 es
2244 2949 54 47 sich
2341 2946 94 44 durch
2465 2945 191 46 Geschmack,
2691 2941 147 50 Eleganz
2877 2940 68 37 und
2974 2938 86 37 Kom­

2167 3005 66 45 fort
2262 3001 212 50 auszeichnet.
2523 2997 70 39 Die
2627 2996 115 46 Preise
2776 2995 71 47 sind
2884 2994 31 46 so
2944 2992 125 49 mäßig,

2166 3057 66 44 daß
2261 3055 57 38 der
2352 3056 61 42 echt
2447 3053 114 47 feinste
2589 3049 237 50 Champagner
2855 3048 59 46 auf
2945 3044 47 39 30
3022 3045 44 36 kr.

2166 3110 71 37 und
2279 3109 53 37 die
2378 3108 138 47 feinsten
2558 3105 160 48 Liquenre
2745 3103 60 48 auf
2841 3100 47 39 19
2930 3100 44 37 kr.
3016 3108 57 36 per

2166 3165 92 36 Glas
2289 3174 39 37 zu
2359 3160 107 49 stehen
2495 3161 157 35 kommen.

2485 3274 274 68 Literatur.

2271 3375 54 31 Die
2339 3374 105 34 Politik
2465 3374 46 29 des
2526 3373 93 36 Tages
2640 3370 152 36 verdrängt
2813 3369 89 36 längst
2924 3368 75 34 schon
3014 3366 52 29 das

2164 3421 137 37 Interesse
2333 3420 47 34 für
2412 3420 53 28 das
2497 3417 178 37 geschriebene
2695 3415 82 30 Wort
2809 3415 30 28 in
2860 3414 45 28 der
2925 3411 140 30 Literatur

2163 3467 57 29 und
2241 3466 43 30 ein
2305 3470 49 31 gut
2374 3463 195 38 geschriebenes
2589 3462 74 34 Buch
2684 3460 95 37 gehört
2799 3459 53 35 jetzt
2872 3457 75 35 schon
2967 3456 98 28 immer

2162 3512 76 34 mehr
2268 3519 31 28 zu
2314 3510 51 31 den
2386 3507 196 36 Seltenheiten.
2598 3505 94 34 Selbst
2712 3505 30 29 in
2762 3504 45 31 der
2828 3500 188 39 Journalistik
3035 3499 31 30 iit

2162 3555 187 38 gegenwärtig
2383 3554 40 30 die
2455 3554 168 35 sogenannte
2653 3551 91 33 schöne
2763 3548 141 31 Literatur
2923 3545 78 33 durch
3023 3543 42 29 die

2161 3601 105 34 Politik
2298 3600 29 29 in
2359 3600 51 29 den
2442 3597 108 30 Winkel
2583 3596 45 29 der
2660 3593 228 36 Nichtbeachtung
2922 3590 143 36 gedrängt.

2161 3646 60 30 Der
2240 3643 129 38 heutigen
2391 3643 141 29 Literatur
2561 3640 67 36 fehlt
2657 3640 52 29 das
2730 3636 174 37 erfrischende
2925 3633 142 30 belebende

2161 3691 136 30 Element,
2331 3704 32 5 —
2395 3687 79 30 Alles
2496 3688 76 34 trägt
2605 3685 50 28 den
2677 3682 127 34 Stempel
2825 3682 47 28 des
2893 3678 173 35 Gemachten,

2161 3736 40 33 oft
2223 3736 46 28 des
2303 3734 50 33 auf
2374 3732 157 35 Bestellung
2554 3729 164 34 Gemachten
2751 3727 49 32 auf
2829 3727 45 28 der
2897 3724 107 32 Stirne,
3025 3722 41 29 die

2161 3779 78 35 hohle
2259 3777 114 36 Phrase,
2394 3777 46 29 der
2460 3774 195 34 Gemeinplatz,
2688 3772 41 29 die
2750 3769 235 36 schablonenhafte
3010 3767 41 30 Ge­

2160 3821 223 37 dankenlosigkeit
2403 3821 122 28 ermüdet
2547 3820 50 28 den
2619 3818 74 32 Leser
2726 3816 44 29 bis
2797 3824 46 26 zur
2863 3812 200 36 Unerträglich-

2160 3868 55 29 keit,
2236 3882 33 4 ^
2289 3866 64 30 Wir
2373 3866 108 28 werden
2502 3864 83 34 daher
2606 3862 113 34 bemüht
2739 3859 64 35 sein,
2836 3859 49 32 auf
2918 3858 70 28 allen
3009 3855 40 30 Ge­

2160 3912 91 29 bieten
2272 3911 46 28 der
2338 3909 111 37 schönen
2471 3908 140 29 Literatur
2632 3915 104 27 genaue
2757 3904 131 34 Umschau
2913 3910 30 26 zu
2964 3900 101 35 halten,

2159 3956 57 30 und
2238 3956 63 34 stets
2321 3963 55 21 nur
2396 3954 50 33 auf
2466 3954 53 28 das
2533 3952 127 33 „Beste"
2687 3950 93 31 unsere
2794 3948 75 32 Leser
2882 3945 180 33 aufmerksam

2161 4002 117 34 machen,
2300 4000 57 28 und
2380 4008 54 19 nur
2455 3999 56 33 jene
2526 3997 92 29 Werke
2639 3994 159 35 besprechen,
2812 3991 91 32 welche
2924 3990 44 33 nch
2984 3989 77 33 durch

2159 4045 176 37 allgemeines
2356 4042 146 38 Interesse,
2535 4042 27 33 so
2582 4040 50 29 wie
2664 4039 63 33 auch
2758 4036 77 34 durch
2865 4033 195 36 Gediegenheit

2163 4091 45 29 der
2223 4090 86 36 Form
2330 4088 183 36 auszeichnen.
2535 4085 63 29 Wir
2618 4084 116 33 bringen
2749 4081 85 32 außer
2849 4080 91 34 kurzen
2961 4077 91 30 Kriti

2158 4136 53 29 ken
2232 4134 66 29 über
2318 4132 111 35 Bücher,
2451 4132 63 32 auch
2544 4125 410 38 Original-Erzählungen,
2975 4123 68 33 span

2157 4180 86 29 nende
2276 4175 334 38 Original-Romane,
2644 4170 109 34 picante
2785 4168 182 33 Novellen,
3000 4167 56 28 und

2156 4224 108 29 werden
2296 4222 62 32 stets
2391 4218 110 33 bemüht
2533 4216 63 33 sein,
2628 4215 58 35 jene
2718 4213 247 37 Ursprünglichst
2998 4213 56 28 und

2157 4268 103 35 Frische
2279 4274 31 27 zu
2331 4264 153 34 bewahren,
2519 4260 40 29 die
2580 4261 58 27 dem
2660 4259 75 33 Leser
2764 4258 27 35 so
2812 4258 177 35 wohlthuend
3010 4266 48 20 an-

2156 4311 104 34 muthet
2279 4309 57 28 und
2357 4306 119 35 erquickt.
2488 4321 33 4 —
2535 4304 159 35 Schließlich
2716 4302 85 31 bitten
2821 4303 53 30 wir
2895 4303 40 29 die
2954 4303 103 34 Herren

2156 4355 128 34 Verleger
2313 4351 56 30 und
2390 4350 201 34 Buchhändler,
2622 4353 56 25 uns
2699 4348 144 37 gefälligst,
2872 4348 67 34 r.'cht
2959 4346 94 35 häufig

2154 4395 342 38 Rezensions-Exemplare
2515 4403 47 26 zur
2581 4394 188 34 Besprechung
2788 4401 31 26 zu
2840 4392 95 33 diesen!
2955 4390 101 35 Zwecke

2154 4441 184 37 einzusenden,
2935 4436 21 26 K
2987 4451 31 2 ^
