5290 7327
61 279 13 37 I
86 286 193 40 pecUnâtißu
293 299 20 22 a
328 298 50 26 été
393 295 154 31 effectuée
556 298 91 28 d'une
661 286 149 45 façô'fiho-

60 325 136 31 norable
211 334 79 28 noyr
302 330 107 32 toutes
423 331 48 31 les
485 332 122 35 parties
618 328 207 32 intéressées.

98 370 47 30 De
159 366 130 34 Concert
299 374 80 26 avec
393 369 30 31 le
439 367 164 38 président
624 367 38 30 de
678 367 32 30 la
725 366 80 34 Répu-

60 405 109 37 blique
197 405 172 37 française,
394 405 59 39 j'ai
483 403 156 31 consacré
671 409 63 24 une
764 402 45 28 soi-

60 439 124 38 ghëusé
200 433 161 38 attention
385 436 67 35 aiii
467 433 132 38 âfàlrës
613 438 38 31 de
664 433 159 45 l'Egypte»

60 477 43 28 où
117 478 47 27 les
178 478 249 35 arrangements
456 476 163 31 existants
634 475 100 30 m'ont
763 472 41 30 im-

59 513 77 40 posé
151 514 56 28 des
226 513 198 37 obligations
448 510 168 37 spéciales.
631 508 141 32 J'userai
785 509 40 30 de

58 555 74 22 mon
162 544 157 34 influence
347 556 81 28 pour
457 546 184 37 maintenir,
673 547 80 30 dans
780 552 45 22 un

53 591 80 31 •pens
148 583 168 33 favorable
328 580 21 35 à
364 581 64 37 prie
442 583 110 34 bonne,
562 579 262 39 administration

56 619 44 38 (ta
113 620 84 35 Pays
211 621 32 30 et
259 615 19 34 â
292 615 46 34 mi
354 625 78 32 sage
442 615 266 39 développement
717 617 38 30 de
771 615 52 30 sëâ

57 653 215 38 institutions,
288 657 46 30 les
350 656 103 31 droits
469 656 71 35 déjà
553 654 128 35 établis,
691 652 65 30 soit
765 659 59 28 par

57 691 48 30 les
119 693 133 28 firmans
268 693 41 28 du
327 692 125 35 Sultan,
469 691 63 30 soit
549 697 61 30 par
639 687 184 32 différentes

57 729 214 30 conventions
288 728 276 31 internationales.

93 764 61 30 J'ai
170 764 30 28 le
213 764 115 37 plaisir
341 764 38 28 de
394 770 83 22 vous
491 763 156 28 informer
656 768 61 30 que
732 761 30 28 le
778 759 31 30 ré-

57 798 224 32 tablissement
295 801 39 28 de
348 798 32 31 la
393 798 79 38 paix
501 798 129 31 au-delà
644 798 39 27 de
696 797 33 30 la
739 796 69 30 fron-

54 830 85 39 tière
152 837 81 30 nord
248 836 93 33 ouest
356 836 39 28 de
403 835 115 34 l'lnde,
530 834 86 35 joint
644 840 43 22 au
718 831 105 31 main»

56 865 71 39 iifeh
139 868 39 33 dë
194 865 33 37 la
255 866 202 41 tranquillité
471 869 20 30 à
506 869 189 34 l'intérieur,
711 868 21 28 à
761 868 47 27 a'a-

56 906 181 31 bondantes
252 908 138 28 récoltes
406 907 32 28 et
452 906 20 30 à
488 913 63 22 une
574 902 249 39 augmentation

58 944 56 28 des
129 948 149 32 revenus,
295 951 20 21 a
330 943 60 30 mis
413 944 81 27 dans
523 941 52 30 cet
602 941 120 34 empire
749 946 74 21 mon

57 980 256 33 gouvernement
341 985 39 22 en
410 978 69 30 état
506 978 39 28 de
573 976 174 35 reprendre
775 974 48 30 les

56 1017 144 27 travaux
215 1013 136 32 d'utilité
365 1013 151 37 publique
540 1013 56 35 qui
609 1012 133 27 avaient
771 1010 51 30 été

56 1050 181 35 suspendus
250 1052 33 27 et
296 1050 40 28 de
352 1052 172 26 consacrer
553 1054 58 24 son
628 1045 159 32 attention
804 1045 21 30 à

56 1085 58 30 des
128 1091 145 25 mesures
286 1085 136 30 tendant
437 1085 20 28 à
471 1085 171 28 améliorer
659 1088 118 24 encore
793 1083 32 28 la

53 1121 159 30 situation
229 1123 54 28 des
301 1121 217 35 populations.

93 1157 46 30 La
163 1157 195 30 convention
386 1156 135 31 conclue
533 1162 80 22 avec
640 1155 30 27 le
697 1153 100 30 Trans-

54 1194 77 27 vaal
146 1200 20 21 a
182 1192 50 31 étê
259 1188 125 38 ratifiée
412 1199 59 30 par
498 1189 201 32 l'assemblée
713 1189 89 35 repré-

57 1222 165 44 jjëhtâtivë
236 1228 33 30 et
280 1228 34 37 je
328 1228 63 30 n'ai
407 1234 126 22 aucune
549 1226 111 30 raison
676 1231 83 31 pour
771 1232 33 22 re-

57 1271 132 30 noncer,
197 1272 39 21 ne
253 1265 98 28 fût-ce
367 1265 91 35 qu'en
471 1263 189 35 partie,aux
676 1261 130 32 espéran-

57 1306 56 22 ces
126 1306 61 30 que
200 1300 57 37 j'ai
270 1300 116 30 basées
402 1306 57 22 sur
468 1299 45 28 les
523 1300 149 27 heureux
684 1293 92 33 effets
788 1297 37 30 de

57 1337 86 28 cette
158 1336 208 30 convention.

93 1372 38 28 Je
141 1371 70 28 dois
226 1371 181 35 cependant
420 1370 167 30 constater
598 1369 20 30 à
634 1368 111 37 regret
763 1374 60 30 que

59 1407 26 30 si
103 1408 47 30 les
165 1407 163 31 hostilités
345 1407 87 30 n'ont
446 1413 59 30 pas
534 1406 52 30 été
615 1403 210 30 renouvelées

59 1450 43 22 au
126 1450 81 28 pays
236 1443 56 30 des
321 1443 172 31 Basoutos,
510 1443 33 27 la
556 1440 158 30 situation
745 1439 81 31 n'est

57 1486 59 30 pa,s
132 1485 115 24 encore
263 1479 115 30 définie
393 1479 73 30 bien
483 1476 198 31 clairement.

58 1535 181 37 MëèMèurs
263 1543 39 28 de
331 1541 33 30 la
383 1535 159 35 Ghambre
557 1539 56 30 des
628 1544 197 31 communes,

93 1592 63 27 Les
184 1592 119 28 crédits
334 1598 80 28 pour
443 1590 30 30 le
500 1587 128 31 service
641 1587 39 30 de
706 1586 106 30 l'adrni-

57 1626 178 31 mstratiou
259 1628 39 28 de
325 1626 126 30 l'année
480 1624 174 34 courante,
681 1622 77 31 sont
784 1629 40 22 en

57 1662 107 30 bonne
178 1663 72 28 voie
266 1661 235 31 d'élaboration
530 1659 33 31 et
587 1665 40 24 ne
654 1658 174 31 tarderont

57 1704 60 30 pas
132 1698 20 28 à
167 1704 83 24 vous
260 1697 70 31 êtrè
344 1697 133 30 soumis.

148 1759 133 31 Milords
298 1750 33 40 ëi
346 1759 184 35 messieurs,

94 1812 70 30 Mes
194 1809 224 38 négociations
446 1815 80 24 avec
556 1808 32 30 la
618 1808 133 33 France,
778 1813 31 22 re-

59 1846 190 30 lativement
265 1853 41 21 au
321 1852 152 24 nouveau
483 1844 98 31 traité
595 1844 39 30 de
651 1848 178 24 commerce

60 1889 39 22 ne
116 1881 74 31 sont
204 1890 59 28 pas
278 1887 117 24 encore
422 1880 185 30 terminées.
622 1879 38 28 Je
676 1880 47 27 les
752 1885 56 21 con-

58 1917 155 35 tinuerai,
239 1925 43 21 vu
298 1925 63 27 que
374 1918 33 34 je
432 1923 83 22 vous
540 1916 31 30 ai
601 1913 226 35 communiqué

59 1961 73 22 mon
150 1954 86 28 désir
249 1952 157 31 d'arriver
436 1952 19 28 à
482 1952 33 28 la
539 1950 189 31 conclusion
752 1950 74 28 d'un

60 1989 99 30 traité
175 1989 169 28 favorable
372 1989 20 28 à
413 1989 58 28 des
500 1987 157 31 relations
673 1985 156 30 étendues

59 2026 90 30 entre
165 2024 47 28 les
229 2024 85 30 deux
328 2029 93 31 pays,
439 2023 19 27 à
481 2020 135 32 l'amitié
631 2021 115 30 intime
761 2021 52 28 des-

60 2060 90 31 quels
162 2060 156 35 j'attaclïe
334 2067 63 22 une
412 2059 27 30 si
451 2059 98 30 haute
559 2056 128 31 valeur.

96 2095 120 35 Depuis
227 2095 136 37 quelque
377 2096 116 34 temps,
509 2095 28 28 le
555 2099 180 24 commerce
751 2091 63 31 inté-

59 2132 89 30 rieur
163 2133 33 27 et
209 2131 165 30 extérieur
389 2132 39 28 de
443 2130 216 37 l'Angleterre
670 2135 20 21 a
699 2128 59 28 fait
772 2128 57 28 des

57 2167 149 37 progrès,
219 2169 31 27 et
261 2167 32 28 la
308 2167 142 28 douceur
461 2166 38 27 de
510 2166 32 28 la
553 2164 110 30 saison
673 2163 124 31 d'hiver
810 2170 20 22 a

60 2203 51 30 été
130 2202 67 31 très
209 2202 129 38 propice
348 2209 67 22 aux
426 2203 143 28 travaux
585 2199 242 37 d'agriculture.

58 2239 63 28 J'ai
131 2239 32 27 la
178 2239 163 27 confiance
358 2245 60 27 que
433 2238 57 27 des
517 2236 219 37 perspectives
757 2235 72 34 plus

59 2274 184 31 favorables
260 2272 198 31 s'ouvriront
472 2271 84 30 ainsi
585 2278 84 28 pour
680 2271 50 28 les
751 2270 61 28 clas-

60 2317 53 21 ses
142 2309 182 35 dépendant
340 2310 72 34 plus
432 2307 210 31 directement
658 2307 38 30 de
717 2306 97 37 l'agri-

60 2346 137 30 culture.

97 2382 61 27 Les
185 2387 138 22 revenus
358 2379 135 37 publics,
510 2379 53 37 qui
593 2378 74 30 sont
689 2383 138 30 presque

59 2415 150 38 toujours
239 2417 59 30 liés
314 2415 20 28 à
348 2415 32 30 la
394 2415 158 32 situation
578 2415 38 27 de
644 2413 183 30 l'industrie

60 2451 33 30 êt
107 2454 43 27 du
180 2459 190 28 commerce,
391 2452 89 28 n'ont
496 2457 58 31 pas
569 2456 117 24 encore
702 2448 69 35 pris
785 2456 44 22 un

60 2487 266 35 développement
353 2486 231 37 proportionné
614 2485 20 28 à
671 2484 159 30 l'activité

60 2524 191 28 croissante.

99 2561 46 28 La
175 2558 158 31 situation
363 2558 38 30 de
426 2558 162 34 l'lrlande,
613 2555 169 37 comparée
810 2556 20 30 à

60 2596 80 28 celle
156 2602 61 27 que
230 2595 33 35 je
276 2601 83 22 vous
387 2596 154 33 exposais
568 2598 41 22 au
634 2598 175 22 commence-

60 2630 90 30 ment
165 2630 39 28 de
219 2629 126 31 l'année
367 2629 158 34 dernière,
543 2628 126 30 montre
686 2635 61 21 une
765 2635 50 21 cer-

58 2667 90 28 taine
165 2666 236 35 amélioration,
415 2666 32 28 et
456 2663 124 35 permet
595 2663 161 34 d'espérer
770 2669 60 28 que

60 2702 33 28 la
106 2701 235 37 persévérance
359 2706 60 30 que
439 2702 84 26 vôus
543 2701 79 27 âveè
638 2695 193 38 développée

57 2735 130 38 jusqu'à
200 2737 131 35 présent
359 2744 73 22 sera
446 2735 188 30 finalement
647 2734 163 34 récompen-

60 2773 54 28 sée
129 2779 60 28 par
209 2774 46 27 les
269 2773 149 27 heureux
444 2772 154 28 résultats
624 2770 56 37 qui
709 2770 74 28 sont
798 2770 28 28 si

60 2809 164 28 vivement
254 2806 132 31 désirés.
419 2806 46 31 La
485 2806 122 35 justice
627 2812 20 21 a
663 2805 51 30 été
729 2806 80 27 admi-

58 2844 122 30 nistrée
196 2851 79 21 avec
289 2850 64 21 une
367 2843 157 28 efficacité
554 2843 71 34 plus
641 2841 133 37 grande,
791 2842 32 28 et

59 2880 30 30 le
105 2878 139 37 système
256 2878 294 30 d'administration
574 2876 60 30 mis
651 2884 39 20 en
710 2881 113 25 couvre

60 2922 81 28 pour
171 2916 170 34 empêcher
370 2915 46 28 les
445 2914 145 30 fermiers
624 2913 40 28 de
697 2911 133 35 remplir

59 2952 87 28 leurs
177 2950 196 37 obligations
403 2950 31 27 et
449 2949 38 28 de
504 2949 130 34 profiter
651 2948 56 28 des
722 2947 87 35 dispo-

60 2987 117 28 sitions
191 2987 40 28 de
247 2988 30 27 la
296 2986 45 28 loi
356 2985 96 30 votée
480 2983 81 31 dans
589 2983 31 28 le
637 2983 137 28 courant
789 2982 40 31 de

60 3021 33 30 la
120 3021 149 30 dernière
296 3021 136 34 session,
450 3021 74 27 tend
555 3020 20 28 à
604 3018 162 31 diminuer
795 3020 39 28 de

60 3059 72 34 plus
148 3064 38 22 en
204 3058 81 35 plus.
410 3067 9 13 «
702 3058 4 35 .
728 3058 5 35 .
758 3065 12 5 ~

103 3090 45 32 La
163 3092 210 34 Providence,
390 3092 64 34 qui,
471 3092 79 28 dans
568 3098 37 21 sa
621 3090 106 34 bonté,
745 3097 19 22 a
780 3097 34 22 ac-

64 3130 96 28 corde
176 3128 20 30 à
216 3130 83 28 cette
315 3128 104 37 partie
435 3128 43 28 du
502 3126 241 35 Royaume-Uni
774 3132 61 21 une

60 3164 122 28 récolte
211 3164 194 34 abondante,
423 3170 20 21 a
467 3162 143 30 favorisé
626 3169 67 22 mes
711 3161 120 30 efforts.

63 3201 48 28 F.n
139 3198 118 30 dehors
287 3200 39 28 de
354 3198 195 30 l'exécution
578 3198 177 34 énergique
778 3198 56 27 des

60 3235 234 35 prescriptions
322 3235 39 28 de
387 3236 31 27 la
444 3234 43 30 loi
513 3240 181 28 commune,
712 3233 33 35 je
771 3233 63 30 n'ai

60 3278 59 30 pas
144 3269 113 33 hésité,
276 3276 78 21 sous
372 3270 31 28 la
416 3269 148 37 pression
587 3267 93 30 d'une
710 3267 126 35 pénible

61 3306 174 35 nécessité,
252 3305 106 31 d'user
383 3306 182 35 largement
593 3304 56 30 des
680 3304 152 35 pouvoirs

60 3341 242 35 exceptionnels
317 3341 54 34 qui
394 3341 100 28 m'ont
522 3341 51 27 été
595 3340 130 34 confiés,
743 3346 39 28 po
797 3346 38 21 ur

64 3378 33 28 la
125 3377 183 37 protection
333 3377 39 28 de
397 3377 33 30 la
445 3376 51 30 vie
517 3377 31 30 et
563 3376 38 31 dé
617 3374 31 30 la
663 3374 171 37 propriété,

61 3419 60 30 par
138 3413 85 28 deux
240 3413 63 27 fois
319 3412 111 30 votées
459 3411 142 37 pendant
627 3412 31 27 la
686 3409 149 32 dernière

63 3448 138 31 session.

99 3483 37 31 Je
151 3483 224 28 recommande
392 3490 79 21 avec
489 3482 165 31 confiance
681 3490 52 21 ces
764 3490 53 27 pro-

60 3519 66 38 jets
142 3520 39 28 de
197 3520 40 27 loi
249 3520 20 28 à
280 3520 93 28 votre
385 3519 193 32 sollicitude,
592 3519 32 28 et
634 3517 35 38 je
685 3517 150 31 souhaite

64 3556 39 27 de
118 3555 73 30 tout
207 3562 73 21 mon
296 3560 90 22 cœur
402 3561 63 28 que
478 3556 92 27 votre
587 3561 133 28 sagesse
732 3555 32 27 et
778 3561 35 21 vo-

64 3592 52 28 tre
139 3591 131 40 énergie
300 3589 158 35 suffisent,
475 3589 99 37 grâce
589 3589 19 28 à
627 3591 33 28 la
689 3589 128 32 bénédic-

66 3626 70 30 tion
163 3622 118 39 divine,
307 3632 66 22 aux
400 3627 131 28 besoins
561 3625 107 30 variés
699 3626 32 28 et
759 3630 77 26 sans

67 3667 91 25 cesse
174 3661 178 30 croissants
364 3661 38 28 de
417 3661 93 28 notre
524 3661 94 30 vaste
634 3661 131 35 empire.

261 3791 174 37 Chouiitre
450 3796 59 28 sles
526 3794 113 31 Lords

107 3867 48 32 La
170 3867 84 32 salle
269 3867 33 32 et
318 3866 51 31 les
393 3863 159 34 tribunes
574 3861 78 32 sont
670 3859 165 34 combles.

110 3906 90 33 Lord
214 3905 138 43 Fingall
365 3912 157 33 propose,
534 3904 33 31 et
582 3900 76 32 lord
665 3899 174 33 Wenlock

69 3946 125 41 appuie
208 3953 48 25 un
270 3945 113 43 projet
417 3944 174 32 d'adresse
619 3950 44 22 en
691 3940 148 39 réponse

66 3991 45 27 âu
126 3986 158 33 discours
301 3978 46 39 dû
361 3981 113 35 trôné.

109 4025 90 34 Lord
233 4024 178 41 Salisbury
442 4023 136 33 déclare
607 4030 66 33 que
704 4018 32 34 le
771 4018 50 33 dis-

67 4075 105 24 cours
188 4067 46 33 du
248 4067 99 32 trône
364 4065 52 32 est
431 4067 136 30 obscur.

110 4107 231 41 L'opposition
371 4108 54 30 n'a
461 4113 60 31 pas
557 4102 196 32 l'intention
795 4098 40 33 de

66 4147 194 33 combattre
272 4147 33 31 le
319 4146 115 41 projet
449 4143 184 32 d'adresse.

109 4187 73 32 Elle
206 4193 20 26 a
248 4186 117 41 appris
379 4193 86 25 avec
496 4193 65 22 une
587 4179 133 48 grande
737 4180 81 32 satis-

67 4219 128 40 faction
217 4226 33 32 la
261 4226 163 32 nouvelle
438 4224 46 32 du
508 4230 157 32 mariage
697 4220 46 32 du
774 4220 64 32 duc

66 4266 188 41 d'Àlbany.

107 4307 113 37 Quant
247 4315 67 24 aux
345 4304 138 34 affaires
523 4302 246 45 égyptiennes,
808 4300 33 32 le

65 4345 181 40 président
260 4348 46 31 du
328 4343 130 35 conseil
483 4343 60 33 des
570 4342 191 37 ministres,
797 4350 44 22 en

65 4388 144 37 France,
227 4395 20 24 a
260 4385 161 43 exprimé
435 4384 33 32 le
482 4382 94 34 désir
600 4382 202 40 d'ajourner
817 4381 20 32 à

65 4427 184 41 quinzaine
270 4427 34 32 la
327 4423 196 35 discussion
543 4422 43 33 de
613 4421 207 40 l'interpella-

67 4468 72 32 tion
157 4467 148 40 déposée
321 4466 21 32 à
358 4474 39 25 ce
424 4463 104 45 sujet.
559 4462 178 32 L'orateur
767 4461 73 32 doit

67 4505 89 34 donc
172 4506 183 33 s'abstenir
371 4506 43 32 de
429 4504 167 41 critiques
621 4501 155 41 pouvant
793 4500 32 32 af-

67 4545 109 34 fecter
204 4546 50 32 les
293 4544 241 41 négociations
574 4541 176 33 actuelles.
795 4540 47 32 Le

69 4586 159 33 contrôle
240 4585 104 33 établi
359 4594 21 22 a
407 4584 54 33 été
489 4580 143 35 d'abord
654 4580 187 43 purement

69 4626 181 32 financier.
266 4625 91 33 Lord
385 4623 181 40 Salisbury
581 4622 116 32 désire
720 4619 119 32 savoir

69 4665 196 41 cependant
289 4663 174 44 pourquoi
493 4663 33 32 le
559 4661 282 41 gouvernement

67 4715 22 22 a
104 4706 126 33 étendu
247 4715 54 22 ses
318 4702 285 44 responsabilités
617 4713 8 27 ;
640 4708 137 25 aucune
790 4700 34 32 in-

70 4746 198 33 tervention
285 4754 44 24 en
356 4744 139 41 Egypte
522 4741 90 34 n'est
647 4741 81 33 sûre
758 4748 81 24 sans

69 4786 254 33 l'assentiment
337 4785 43 33 de
393 4787 34 30 la
439 4783 116 33 Porte.

110 4827 46 31 Le
183 4825 171 33 maintien
384 4825 60 32 des
476 4822 167 33 relations
671 4819 170 34 cordiales

67 4872 87 26 avec
165 4865 51 33 les
233 4865 152 41 grandes
393 4863 215 43 puissances,
624 4861 34 32 et
673 4860 33 32 la
722 4859 100 41 coopé-

67 4906 115 32 ration
197 4905 47 32 du
260 4904 131 39 Sultan,
407 4904 61 33 ont
491 4904 56 32 été
561 4903 61 31 des
638 4898 198 35 conditions

69 4946 43 31 de
139 4945 34 32 la
194 4943 162 34 conduite
384 4944 47 32 du
456 4941 281 43 gouvernement
768 4941 57 39 pré-

67 4985 124 33 cédent
204 4985 86 33 dans
306 4993 63 24 son
392 4982 247 33 intervention.
666 4978 90 34 Mais
785 4978 52 33 les

69 5026 243 33 observations
354 5022 265 34 malheureuses
647 5020 103 33 faites
777 5028 64 33 par

69 5067 48 32 M.
133 5065 198 37 G-ladstone,
351 5063 24 32 il
404 5073 25 32 y
457 5070 21 22 a
491 5061 93 33 deux
600 5068 74 31 ans,
703 5059 60 33 ont
793 5067 44 25 ou

67 5114 90 31 pour
172 5105 81 33 effet
267 5105 44 32 de
338 5105 142 40 séparer
507 5100 236 40 l'Angleterre
772 5099 60 32 des

69 5145 204 41 puissances
287 5140 214 35 allemandes
515 5143 34 31 et
573 5139 187 33 d'affaiblir
775 5147 64 24 son

69 5185 176 33 influence
260 5185 20 32 à
294 5181 300 43 Constantinople.

110 5225 65 32 Ces
204 5224 242 32 observations
476 5224 61 31 ont
574 5218 189 43 augmenté
794 5218 52 33 les

69 5264 188 33 difficultés
270 5272 69 33 que
354 5261 193 44 présentait
574 5261 33 32 la
618 5258 154 33 solution
798 5259 46 32 du

71 5304 181 43 problème
286 5302 182 43 égyptien.
494 5302 97 32 Nous
613 5301 136 32 devons
771 5298 74 33 être

71 5344 98 43 prêts
181 5344 21 32 à
215 5341 163 35 marcher
392 5343 20 31 à
426 5341 77 33 côté
519 5341 43 33 de
572 5341 34 32 la
617 5341 145 35 France,
769 5339 77 32 tant

72 5393 69 33 que
168 5385 52 32 les
234 5383 98 34 voies
359 5381 188 44 politiques
561 5380 61 33 des
635 5380 93 32 deux
757 5387 89 32 pays

73 5425 122 33 seront
208 5425 52 32 les
274 5422 146 34 mêmes.

112 5464 92 34 Maia
231 5471 90 27 nous
341 5463 135 33 devons
503 5461 162 33 réserver
691 5458 100 33 notre
808 5458 26 33 li-

71 5505 98 33 berté
185 5504 43 33 de
241 5511 90 26 nous
346 5511 45 25 en
404 5504 155 39 séparer,
569 5510 43 22 au
627 5499 161 32 moment
798 5506 46 24 ou

71 5544 155 33 l'intérêt
237 5544 43 32 de
287 5543 236 40 l'Angleterre
539 5550 44 22 en
592 5539 122 33 Orient
729 5538 99 32 néces-

72 5583 137 34 siterait
221 5583 43 33 de
280 5584 98 31 notre
393 5582 79 43 part
493 5589 67 25 une
580 5580 146 32 attitude
743 5578 102 31 autre

74 5634 69 33 que
159 5624 86 32 celle
260 5622 136 34 désirée
409 5630 64 33 par
488 5621 34 32 la
536 5622 146 32 France.

113 5665 34 34 Si
164 5663 235 43 l'Angleterre
415 5661 116 34 admet
554 5667 69 38 que
652 5660 54 31 les
730 5659 118 31 autres

71 5705 204 41 puissances
285 5702 118 33 ontles
412 5700 133 34 mêmes
555 5700 146 32 intérêts
710 5696 137 43 qu'elle,

71 5745 26 33 il
110 5744 106 34 serait
231 5745 20 31 à
265 5743 161 34 craindre
437 5750 69 33 que
513 5739 165 41 l'Egypte
693 5746 45 25 ne
750 5745 80 25 cons-

72 5784 104 33 tituât
191 5792 48 25 un
250 5784 136 40 danger
394 5791 63 33 par
469 5780 34 32 la
519 5778 269 34 neutralisation
803 5778 46 32 du

71 5824 98 33 canal
185 5824 43 32 de
243 5824 96 38 Suez,
356 5831 44 25 en
415 5822 152 33 fermant
592 5817 92 33 ainsi
707 5817 21 33 à
754 5817 76 33 l'An-

73 5865 154 40 gleterre
236 5863 34 32 la
285 5863 99 32 route
397 5863 34 32 la
443 5861 81 41 plus
547 5859 119 32 courte
690 5864 84 25 vers
797 5857 52 32 les

72 5904 116 37 Indes,
202 5903 116 33 tandis
332 5911 69 35 que
413 5902 35 32 la
463 5900 128 34 Russie
613 5900 54 31 est
681 5906 71 24 aux
774 5904 57 32 por-

72 5946 54 32 tes
141 5943 133 34 mêmes
294 5942 44 33 de
353 5941 119 34 Hérat.

217 6032 175 30 Chambre
409 6030 61 28 des
487 6027 214 30 Communes

115 6093 30 33 À
167 6091 33 33 la
223 6090 135 43 reprise
385 6089 44 34 de
443 6087 35 33 la
493 6086 137 37 séance,
646 6085 35 32 la
710 6081 89 34 salle
821 6084 33 32 et

71 6131 54 37 les
150 6131 161 33 tribunes
339 6130 80 33 sont
455 6126 169 33 combles.
645 6124 50 32 Le
731 6130 124 34 prince

73 6175 44 32 de
145 6171 116 34 Galles
289 6169 54 37 est
371 6168 90 34 assis
482 6168 86 32 dans
583 6165 34 32 la
632 6163 146 32 tribune
794 6163 60 32 des

71 6214 117 33 Pâirs»

112 6254 48 33 M.
176 6249 215 43 Bradlaugh,
399 6244 246 44 Rapprochant
653 6242 96 34 delà
762 6242 92 33 table

72 6302 90 31 pour
176 6293 117 40 prêter
307 6292 168 34 serment,
493 6287 51 32 sir
559 6285 274 34 StaffordlNorth-

72 6335 77 31 cote
165 6332 198 35 intervient,
380 6331 35 32 et
444 6333 152 35 propose
620 6332 74 26 une
720 6322 115 32 résolu-

72 6374 73 32 tion
162 6372 107 41 ayant
279 6378 90 35 pour
377 6369 96 40 objet
482 6367 44 31 de
539 6373 47 25 ne
600 6372 64 32 pas
679 6363 178 33 admettre

76 6416 46 32 M.
141 6411 202 40 Bradlaugh
358 6410 19 32 à
391 6409 118 41 prêter
526 6404 171 33 serment.

115 6456 47 32 Le
176 6454 72 32 très
262 6449 193 35 honorable
467 6446 53 33 sir
534 6445 57 32 W.
606 6445 21 31 \
639 6443 195 33 ernon-Har-

76 6495 110 37 court,
203 6489 187 37 secrétaire
405 6488 115 33 d'Etat
550 6494 44 24 au
608 6482 190 34 ministère
814 6482 43 32 de

74 6533 206 37 l'intérieur,
299 6537 139 33 oppose,
456 6535 45 25 au
529 6533 84 26 nom
639 6523 50 32 du
706 6530 130 32 gouver-

74 6574 155 38 nement,
257 6572 34 33 la
319 6568 162 45 question
496 6563 181 43 préalable
694 6562 71 32 ala
780 6570 60 32 pro-

76 6613 152 39 position
243 6609 202 35 Northcote.
482 6607 51 32 Le
556 6601 298 45 gouvernement,

77 6653 100 37 dit-il,
195 6652 90 33 croit
298 6648 84 43 qu'il
397 6647 74 33 faut
483 6645 176 33 admettre
685 6641 51 34 M.
754 6641 84 32 Brad-

78 6692 111 38 laugh
206 6693 19 31 à
239 6691 34 33 la
286 6689 195 41 prestation
495 6687 52 31 du
561 6684 170 33 serment.

118 6737 47 30 M.
201 6729 204 40 Bradlaugh
442 6724 131 34 défend
606 6722 182 34 lui-même
821 6730 39 24 sa

77 6782 105 26 cause
195 6775 34 31 et
244 6770 137 33 déclare
397 6776 79 34 que,
494 6767 58 32 s'il
566 6763 97 41 prête
689 6763 168 37 serment,

77 6815 26 33 il
119 6821 37 26 se
172 6809 191 45 regardera
392 6815 136 26 comme
560 6802 46 34 lié
632 6811 64 33 par
724 6802 45 37 la,
798 6809 61 25 sur

77 6863 66 25 son
158 6853 163 33 honneur
338 6850 34 31 et
385 6857 39 24 sa
438 6846 220 34 conscience.

345 6930 136 28 Londres,
500 6928 14 24 7
527 6924 112 31 février,
656 6925 15 25 8
686 6925 26 25 h.
729 6921 69 26 soir.

123 6980 48 31 La
185 6976 161 43 question
360 6971 181 44 préalable
556 6971 54 37 est
638 6967 131 41 rejetée
797 6973 64 38 par

81 7022 60 33 286
158 7017 83 35 voix
257 7016 122 34 contre
396 7015 72 33 228.

921 287 47 33 La
998 286 133 33 motion
1149 285 41 32 de
1208 286 50 32 sir
1278 279 151 39 Stafford
1456 283 195 34 Northcote

881 328 53 31 est
950 320 145 47 adoptée
1109 334 81 25 sans
1206 325 146 33 scrutin.

921 369 46 32 M.
985 365 204 41 Bradlaugh.
1205 364 124 35 insiste
1338 374 94 37 _pour
1448 365 118 41 prêter
1580 374 53 24 ser-

881 407 96 33 ment
993 407 34 32 et
1039 404 117 35 refuse
1170 405 45 34 de
1228 415 39 25 se
1283 406 137 33 retirer.

889 468 6 4 ■
921 448 53 33 Sir
998 445 151 35 Stafford
1161 446 193 32 Northcote
1381 445 172 33 demande
1583 455 69 33 que

881 485 47 37 M.
945 487 204 41 Bradlaugh
1163 494 39 24 se
1217 485 120 34 retire.

921 530 46 31 M.
986 527 187 35 Gladstone
1188 527 126 41 appuie
1325 528 89 32 cette
1429 527 144 33 motion,
1589 526 61 44 qui

879 569 56 32 est
954 568 145 40 adoptée
1114 575 81 25 sans
1211 567 148 33 scrutin.

921 609 45 32 M.
983 607 203 40 Bradlaugh
1199 615 39 25 se
1252 606 117 40 retire,
1387 607 116 33 disant
1511 607 84 41 qu'il
1606 615 45 26 ne

880 651 83 31 veut
976 657 65 32 pas
1056 648 120 32 entrer
1198 651 44 28 en
1267 644 87 37 lutte
1378 656 85 24 avec
1478 648 33 32 la
1526 648 98 35 Cham-

881 690 72 38 bre,
970 689 89 34 mais
1071 687 85 41 qu'il
1173 696 35 24 se
1224 685 109 35 retire
1350 681 195 39 seulement
1560 696 91 33 pour

880 730 32 31 le
928 730 168 31 moment.

885 852 252 53 LETTRE
1162 853 77 50 DE
1265 852 381 51 BRUXELLES

1281 1000 157 31 Bruxelles,
1450 1000 14 25 6
1479 999 107 27 février.

915 1050 47 28 La
978 1049 148 37 question
1142 1048 39 28 de
1195 1046 34 30 la
1247 1046 139 30 réforme
1408 1045 177 30 électorale
1599 1045 51 28 est

881 1090 141 25 revenue
1037 1091 56 22 sur
1108 1085 28 27 le
1153 1084 84 33 tapis
1254 1083 19 28 à
1286 1083 33 28 la
1336 1082 159 30 Chambre
1517 1082 57 28 des
1594 1081 37 30 dé-

880 1122 112 34 putés;
1009 1121 60 28 elle
1089 1127 20 24 a
1123 1119 51 30 été
1191 1120 30 27 le
1234 1117 85 37 sujet
1335 1117 93 30 d'une
1456 1116 188 30 discussion

880 1157 21 27 à
928 1156 137 35 laquelle
1095 1156 57 30 ont
1181 1155 66 34 pris
1274 1155 74 34 part
1377 1154 47 28 les
1453 1153 89 30 chefs
1563 1152 38 30 de
1618 1153 32 30 la

881 1188 113 37 droite,
1016 1189 78 35 MM.
1117 1191 112 31 Malou
1241 1191 32 28 et
1286 1189 129 30 Jacobs.

915 1228 85 30 C'est.
1015 1228 44 28 M.
1072 1228 155 30 Jeanson,
1239 1225 30 30 le
1283 1224 118 38 député
1416 1224 230 37 progressiste,

881 1265 53 35 qui
960 1271 20 22 a
1007 1263 67 37 pris
1104 1261 182 32 l'initiative
1302 1259 84 31 dans
1402 1267 37 22 ce
1460 1258 94 31 débat
1570 1260 64 28 inté-

882 1300 146 34 ressant;
1045 1300 27 28 le
1088 1298 180 31 ministère,
1281 1297 90 30 forcé
1388 1294 38 32 de
1441 1294 207 37 s'expliquer,

882 1343 20 22 a
921 1336 143 37 répondu
1078 1342 59 30 par
1153 1335 32 28 la
1200 1333 73 28 voie
1297 1332 39 30 de
1352 1332 41 30 M.
1411 1331 236 35 Frère-Orban,

881 1372 28 28 le
925 1371 74 30 chef
1012 1371 40 28 du
1068 1370 137 30 cabinet.

918 1407 119 37 Depuis
1065 1406 124 31 l'année
1208 1404 157 32 dernière,
1393 1404 83 27 cetle
1505 1403 120 28 malheu-

882 1450 94 22 reuse
999 1443 150 34 question
1179 1448 20 21 a
1218 1440 109 37 gagné
1356 1437 52 32 du'
1426 1439 135 34 terrain,
1577 1437 32 30 et
1626 1437 24 30 il

882 1480 76 28 s'est
977 1478 102 31 formé
1097 1479 80 28 dans
1196 1476 31 28 le
1247 1482 80 28 pays
1355 1482 64 21 une
1437 1474 158 30 véritable
1613 1474 24 28 li-

882 1521 65 31 gue
966 1521 40 22 en
1020 1514 115 28 faveur
1149 1513 40 28 du
1207 1513 144 35 suffrage
1365 1511 176 30 universel.

919 1552 46 28 La
980 1546 168 40 Belgique,
1165 1546 77 31 dont
1259 1554 40 21 on
1324 1548 99 27 vante
1447 1546 47 28 les
1518 1545 115 30 institu-

882 1587 86 28 tions
985 1586 161 34 libérales,
1162 1581 135 38 possède
1323 1589 117 24 encore
1469 1581 30 28 le
1526 1580 124 37 régime

883 1622 183 35 censitaire,
1080 1628 57 22 sur
1149 1619 150 35 1,200,000
1315 1618 149 35 citoyens
1492 1617 154 35 majeurs,

882 1658 118 37 110,000
1025 1656 177 30 seulement
1221 1655 163 37 jouissent
1409 1654 43 30 du
1470 1654 85 30 droit
1571 1652 63 28 élec-

883 1695 96 30 toral.

920 1730 40 28 M.
973 1727 221 32 Frëre-Orban
1215 1726 81 31 n'est
1312 1726 91 37 point
1431 1724 148 35 partisan
1610 1724 39 28 de

883 1763 216 38 l'abrogation
1120 1762 39 31 de
1182 1760 135 33 l'article
1337 1761 34 30 47
1385 1762 39 28 de
1440 1761 32 28 la
1488 1759 144 32 Constitu-

882 1802 89 34 tion;
987 1802 31 27 le
1032 1801 144 34 suffrage
1187 1799 165 28 universel
1367 1796 131 30 l'effraie
1507 1802 41 22 au
1559 1795 91 35 point

885 1838 38 28 de
939 1838 46 30 lui
994 1835 81 31 faire
1097 1835 167 30 entrevoir
1279 1834 80 28 dans
1375 1839 58 22 son
1449 1830 200 38 application

883 1872 176 31 l'anarchie
1072 1873 32 27 la
1115 1872 72 34 plus
1202 1869 168 37 complète,
1382 1869 32 30 et
1429 1867 20 30 il
1467 1867 41 28 l'a
1521 1867 129 30 déclaré

885 1910 122 30 devant
1035 1907 32 30 la
1095 1906 159 31 Chambre
1269 1912 38 21 en
1323 1911 53 21 ces
1396 1905 119 28 termes
1533 1911 7 19 :
1567 1913 12 13 «
1606 1902 45 30 Le

885 1946 130 26 nombre
1044 1944 47 28 est
1120 1944 30 27 le
1169 1942 72 30 dieu
1259 1942 40 28 du
1311 1939 91 37 jour;
1433 1939 21 28 il
1483 1939 81 28 n'est
1593 1944 57 27 pas

883 1981 31 31 le
928 1980 97 31 mien.
1041 1990 9 14 >
1070 1980 47 28 La
1134 1978 149 34 question
1299 1977 48 27 est
1363 1976 66 28 loin
1453 1975 98 30 d'être
1566 1972 69 37 épui-

885 2017 54 30 sée
954 2015 117 34 ;.mais,
1088 2013 102 31 avant
1208 2017 63 32 que
1299 2011 50 32 les
1378 2011 104 35 partis
1505 2010 146 35 puissent

885 2049 190 35 s'entendre,
1091 2056 80 22 nous
1201 2048 196 30 assisterons
1417 2046 20 28 à
1453 2047 56 28 des
1538 2044 113 30 débats

885 2094 158 32 orageux,
1058 2086 20 30 à
1093 2085 105 31 moins
1213 2092 60 28 que
1289 2083 46 28 les
1349 2082 214 37 promoteurs,
1580 2087 52 28 per-

885 2122 78 31 dant
986 2127 154 32 courage,
1165 2128 39 20 ne
1228 2121 32 28 la
1292 2119 136 30 laissent
1456 2118 126 31 tomber
1612 2117 38 30 de

886 2166 149 22 nouveau
1051 2158 80 30 dans
1148 2153 119 33 l'oubli.

921 2282 51 28 Un
989 2281 111 37 procès
1116 2280 54 37 qui
1185 2287 20 21 a
1220 2278 164 30 vivement
1414 2275 159 32 intéressé
1603 2275 39 30 l'o-

885 2316 111 38 pinion
1010 2316 151 37 publique
1180 2314 141 37 pendant
1335 2315 85 28 deux
1449 2314 93 33 mois,
1560 2310 91 30 vient

885 2354 39 27 de
935 2360 33 21 se
983 2353 155 30 terminer
1152 2352 20 28 à
1187 2353 31 27 la
1247 2349 204 31 satisfaction
1480 2347 167 38 générale,

886 2388 76 30 sauf
978 2388 79 30 celle
1071 2386 39 31 dé
1126 2387 41 30 M.
1185 2387 71 30 Van
1273 2386 109 35 Beers,
1398 2386 28 28 le
1443 2383 209 30 demandeur.

886 2425 44 28 Le
946 2425 171 35 jugement
1131 2422 100 30 rendu
1248 2427 58 31 par
1335 2421 46 30 les
1397 2420 178 31 tribunaux
1591 2419 47 28 bel-

885 2467 60 28 ges
959 2460 64 30 fixe
1038 2464 43 25 un
1106 2458 91 38 point
1224 2459 39 28 de
1292 2458 85 28 droit
1406 2458 93 27 d'une
1527 2454 128 37 grande

885 2496 210 37 importance,
1113 2496 32 27 et
1155 2493 128 37 jusqu'à
1299 2497 35 25 ce
1346 2493 76 37 jour
1439 2491 66 28 très
1528 2491 107 28 contro-

885 2532 94 28 versé
996 2531 32 28 et
1043 2530 126 31 discuté
1186 2537 6 20 :
1211 2530 32 28 la
1259 2541 11 13 «
1289 2529 113 30 liberté
1426 2526 161 37 complète
1615 2525 39 30 de

886 2569 32 27 la
933 2567 136 35 critique
1084 2564 141 31 honnête
1241 2565 31 30 et
1287 2564 106 35 loyale
1413 2575 22 18 ».

922 2603 131 30 Chacun
1069 2609 19 22 a
1103 2608 43 28 pu
1161 2601 70 30 voir
1246 2601 19 28 à
1281 2601 104 35 Paris,
1400 2601 67 27 lors
1483 2600 38 28 de
1537 2598 33 28 la
1584 2597 53 28 der-

887 2639 89 30 nière
1004 2639 196 34 exposition,
1224 2643 45 24 un
1297 2636 131 30 tableau
1457 2635 40 28 du
1528 2633 126 37 peintre

886 2675 72 28 Van
972 2674 107 34 Beers,
1097 2673 130 30 intitulé
1246 2680 6 19 :
1271 2674 32 25 la
1320 2673 124 27 Sirène.

924 2711 60 28 Les
1013 2708 151 37 critiques
1198 2707 162 37 parisiens
1388 2707 52 34 n'y
1460 2705 194 31 trouvèrent

887 2745 70 32 rien
973 2746 20 28 à
1007 2745 84 37 dire;
1109 2744 81 30 mais
1205 2741 90 31 voilà
1309 2743 73 35 qu'à
1394 2739 211 39 l'Exposition
1618 2741 39 28 de

888 2781 170 28 Bruxelles
1087 2781 43 28 M.
1147 2779 131 35 Solvey,
1303 2778 20 30 à
1348 2778 168 35 l'exemple
1538 2778 38 28 de
1591 2777 50 34 plu-

888 2817 105 30 sieurs
1009 2817 111 28 autres
1135 2817 38 27 de
1187 2823 54 21 ses
1257 2815 165 28 confrères
1439 2813 38 30 de
1498 2812 32 30 la
1544 2818 112 30 presse

888 2854 104 35 belge,
1007 2854 72 34 plus
1094 2850 110 31 avisés
1219 2857 77 22 sans
1311 2850 109 34 doute,
1446 2856 40 21 ou
1511 2849 72 35 plus
1611 2854 43 21 au

889 2889 137 30 courant
1041 2888 39 28 de
1094 2888 32 28 la
1141 2888 148 26 manière
1303 2887 44 27 du
1367 2885 124 35 peintre
1506 2891 40 21 en
1563 2889 76 30 ques-

888 2924 80 35 tion,
985 2923 169 31 découvrit
1168 2929 61 28 que
1256 2922 31 28 la
1309 2922 122 28 finesse
1450 2919 206 30 d'exécution

889 2960 142 30 admirée
1049 2960 79 28 dans
1146 2959 27 27 le
1196 2957 130 30 tableau
1352 2956 79 30 était
1457 2956 59 28 due
1533 2954 107 35 simple-

889 2998 90 27 ment
996 2996 19 28 à
1033 3001 45 22 un
1094 2993 136 38 procédé
1246 2994 38 28 de
1309 2992 246 37 photographie.
1618 2989 40 30 Et

889 3032 30 28 le
931 3032 98 35 jeune
1044 3032 137 34 critique
1211 3030 34 30 fit
1265 3030 74 35 part
1368 3030 39 28 de
1430 3034 52 21 ses
1512 3025 86 31 idées
1615 3032 44 22 au

891 3067 116 37 public.

926 3104 46 28 De
989 3104 65 28 1à...
1071 3100 123 37 procès.

925 3139 45 30 Le
980 3138 126 37 peintre
1121 3137 70 28 Van
1208 3137 109 34 Beers,
1330 3136 94 37 après
1440 3132 219 38 pourparlers,

891 3174 185 31 demandait
1096 3174 235 28 modestement
1355 3178 64 22 une
1433 3169 175 39 vingtaine
1622 3169 39 27 de

891 3210 89 30 mille
994 3210 107 28 francs
1119 3210 38 27 de
1181 3209 187 34 dommages
1393 3208 32 30 et
1450 3204 146 31 Intérêts.
1615 3204 45 30 Le

891 3247 143 28 tribunal
1054 3253 20 20 a
1087 3250 143 22 reconnu
1253 3243 142 30 l'inanité
1411 3243 38 28 de
1465 3248 53 22 ces
1534 3240 109 35 préten-

892 3282 105 34 tions;
1029 3280 188 30 constatant
1235 3280 28 27 le
1289 3279 85 30 droit
1397 3280 41 27 du
1465 3276 141 35 critique
1620 3276 40 30 de

891 3318 144 28 discuter
1050 3317 46 28 les
1121 3315 176 30 tendances
1322 3314 39 30 de
1388 3313 149 35 l'artiste,
1563 3312 97 28 l'effet

891 3352 130 35 produit
1035 3359 58 28 par
1113 3358 53 22 ses
1182 3356 139 26 œuvres,
1335 3351 32 28 et
1377 3350 83 30 celui
1478 3347 183 34 d'analyser

891 3390 48 27 les
966 3389 155 35 procédés
1159 3386 190 35 techniques
1383 3384 167 35 employés
1578 3391 81 27 pour

891 3423 154 37 produire
1064 3425 51 28 cet
1127 3422 74 30 effet
1213 3431 9 26 ;
1287 3423 38 27 de
1341 3423 81 34 plus,
1436 3422 28 27 le
1480 3419 141 30 tribunal
1644 3426 20 20 a

892 3459 137 30 débouté
1056 3459 30 28 le
1113 3457 126 38 peintre
1263 3457 72 28 Van
1365 3458 97 28 Beers
1482 3456 38 28 de
1551 3462 38 21 sa
1610 3456 34 27 de-

892 3495 117 30 mande
1023 3495 31 28 et
1069 3495 43 27 l'a
1139 3493 177 30 condamné
1332 3501 67 21 aux
1413 3491 130 35 dépens.

926 3529 98 31 Voilà
1038 3537 63 22 une
1121 3529 149 35 question
1296 3528 178 31 nettement
1504 3526 155 31 tranchée

893 3567 32 30 et
939 3567 53 35 qui
1009 3565 142 41 réjouira
1165 3565 76 28 tous
1257 3570 81 22 ceux
1355 3563 53 37 qui
1433 3563 58 28 ont
1513 3562 91 30 souci
1625 3563 38 27 de

893 3604 31 28 la
938 3601 115 31 liberté
1067 3602 39 28 de
1121 3601 31 30 la
1166 3606 123 30 presse.

1433 3638 58 20 VAN
1509 3638 99 20 ISSART

930 3713 80 28 P.-S.
1077 3711 86 32 Hier,
1179 3717 44 21 au
1238 3709 139 30 Concert
1393 3707 178 35 populaire,
1589 3713 53 28 pre-

893 3749 100 28 mière
1007 3746 184 34 exécution,
1208 3746 20 28 à
1244 3744 181 35 Bruxelles,
1441 3743 39 28 de
1495 3743 116 27 Roméo
1628 3744 31 25 et

892 3783 144 30 Juliette.
1054 3783 148 28 L'œuvre
1217 3782 40 27 de
1271 3780 136 35 Berlioz,
1437 3785 19 22 a
1481 3780 120 28 obtenu
1618 3783 46 25 un

893 3820 156 30 immense
1064 3819 125 28 succès.

930 3856 50 28 Au
1007 3854 128 30 théâtre
1159 3853 39 27 de
1212 3853 34 27 la
1263 3850 162 35 Monnaie,
1448 3856 43 22 on
1506 3855 158 24 annonce,

894 3899 81 28 pour
989 3889 145 35 paraître
1146 3886 274 38 prochainement,
1433 3883 233 37 l'opéra-féerie

895 3928 38 28 de
948 3926 137 31 Grisart,
1104 3927 44 25 les
1165 3924 138 27 Amours
1320 3924 45 26 du
1382 3922 122 27 Diable.

924 4050 250 53 LETTRE
1220 4050 76 52 DE
1342 4049 296 52 LONDRES

1316 4195 131 31 Londres,
1465 4195 14 24 6
1495 4193 107 26 février.

934 4244 119 37 Depuis
1087 4244 80 30 trois
1191 4239 100 39 jours,
1320 4247 43 22 un
1380 4239 90 43 épais
1486 4239 181 31 brouillard

898 4287 20 21 a
932 4279 118 31 envahi
1067 4280 33 28 la
1114 4278 77 30 ville
1206 4278 33 30 et
1267 4278 46 27 les
1330 4283 164 22 environs.
1524 4276 123 28 Heureu-

898 4316 137 35 sement,
1050 4315 46 30 les
1114 4312 215 38 Compagnies
1345 4312 39 28 de
1400 4311 144 30 chemins
1560 4311 37 27 de
1609 4311 58 34 fer,

896 4352 180 35 prévenues
1104 4356 59 31 par
1191 4350 48 27 les
1265 4348 162 30 accidents
1453 4346 53 35 qui
1533 4345 58 30 ont
1616 4354 34 21 ac-

898 4387 180 35 compagné
1101 4388 46 27 les
1162 4383 200 32 brouillards
1377 4383 38 28 de
1429 4382 34 30 la
1478 4382 43 28 fin
1538 4382 39 28 de
1594 4381 54 35 jan-

898 4423 80 35 vier,
996 4422 57 30 ont
1067 4421 152 31 redoublé
1230 4421 39 28 de
1290 4419 207 35 prévoyance
1512 4417 32 30 et
1558 4416 94 30 d'acti-

896 4459 69 28 vité
981 4468 7 25 ;
1010 4457 43 35 et,
1069 4459 27 28 si
1115 4459 45 28 les
1175 4461 176 31 passagers
1368 4454 54 35 qui
1447 4461 34 20 se
1499 4452 170 30 rendaient

899 4494 38 28 de
952 4495 32 28 la
998 4500 181 30 campagne
1189 4493 21 27 à
1224 4493 33 27 la
1271 4489 86 37 ville,
1375 4496 40 22 ou
1431 4488 73 30 d'un
1520 4488 91 35 point
1626 4488 39 28 de

898 4531 33 27 la
945 4530 70 31 Cité
1030 4528 72 30 àun
1119 4528 105 35 autre,
1240 4534 34 21 se
1299 4526 76 28 sont
1389 4525 133 28 trouvés
1552 4531 40 21 en
1622 4531 31 21 re-

899 4566 84 31 tard,
998 4565 43 28 du
1056 4565 104 28 moins
1175 4564 40 27 ils
1234 4571 21 27 y
1271 4561 76 30 sont
1362 4560 124 30 arrivés
1515 4558 90 31 sains
1636 4560 31 28 et

933 4636 211 34 Néanmoins,
1169 4635 47 28 les
1243 4632 164 31 accidents
1433 4637 40 22 ne
1501 4637 81 22 nous
1611 4631 58 30 ont

896 4680 59 28 pas
971 4671 139 37 manqué
1124 4676 83 31 pour
1224 4670 79 30 cela.

935 4708 43 28 Le
997 4708 72 35 plus
1083 4706 161 31 touchant
1259 4706 50 28 est
1338 4703 83 31 celui
1452 4703 93 30 d'une
1570 4702 99 35 jeune

899 4743 195 35 demoiselle,
1109 4742 79 30 miss
1205 4740 136 35 Howell,
1350 4740 65 35 qui,
1427 4746 39 21 en
1481 4746 34 21 se
1526 4737 139 30 rendant

899 4780 84 30 dans
1010 4786 64 21 une
1107 4778 126 30 maison
1265 4775 39 31 où
1335 4775 60 30 elle
1424 4773 194 37 enseignait,
1650 4774 19 27 à

900 4814 172 37 Hampton,
1098 4821 20 21 a
1150 4813 102 35 perdu
1284 4818 59 21 son
1370 4809 139 35 chemin,
1538 4809 32 30 et
1593 4809 76 30 s'est

900 4852 103 33 noyée
1017 4851 80 27 dans
1109 4851 32 27 la
1155 4848 141 30 Tamise.

937 4886 87 30 Dans
1037 4884 208 37 l'après-midi
1261 4884 37 28 de
1328 4880 133 35 samedi,
1492 4881 28 28 le
1551 4880 99 30 brouil-

900 4922 70 28 lard
985 4920 109 30 s'était
1108 4919 120 35 dissipé
1237 4929 7 21 ;
1273 4917 94 35 mais,
1389 4924 41 22 au
1466 4917 139 28 coucher
1629 4917 41 28 du

900 4957 103 35 soleil,
1017 4956 24 28 il
1056 4957 50 30 est
1129 4962 122 22 revenu
1267 4954 70 35 plus
1362 4951 89 38 épais
1467 4958 59 28 que
1538 4952 131 35 jamais,

900 4994 32 27 et
945 4993 66 28 très
1029 4991 130 37 chargé.
1185 4991 60 28 Les
1260 4989 165 30 lanternes
1436 4988 81 27 dans
1531 4989 47 27 les
1594 4995 76 21 rues

900 5028 33 30 et
946 5028 33 30 la
991 5028 135 28 lumière
1146 5027 176 34 électrique
1352 5023 194 31 devenaient
1574 5023 79 31 inuti-

900 5063 58 35 les,
973 5065 32 28 et
1020 5069 41 22 on
1076 5062 81 30 était
1179 5067 116 24 encore
1310 5059 107 37 obligé
1434 5059 38 28 de
1487 5060 148 28 recourir
1650 5061 20 27 à

901 5100 54 27 des
984 5098 293 38 porte-flambeaux
1312 5095 56 35 qui
1407 5093 191 31 éclairaient
1624 5095 46 30 les

900 5134 151 37 passants
1080 5133 21 31 à
1128 5133 93 30 l'aide
1252 5133 37 27 de
1318 5131 129 30 torches
1475 5131 194 37 résineuses,

900 5171 85 27 assis
1000 5171 20 27 à
1035 5169 71 30 côté
1121 5171 41 27 du
1180 5169 117 30 cocher
1309 5173 43 22 ou
1365 5165 170 31 marchant
1552 5166 119 31 devant

900 5206 87 30 leurs
1004 5204 142 31 maîtres.

939 5243 89 27 Dans
1044 5242 154 34 quelques
1213 5237 148 32 localités
1381 5244 40 22 au
1450 5237 167 30 sud-ouest
1633 5238 38 30 de

902 5277 154 31 Londres,
1082 5276 20 30 à
1126 5275 223 37 liennington,
1370 5272 136 30 Brixton
1531 5274 34 28 et
1581 5272 71 37 Clap-

902 5314 85 34 ham,
1004 5314 32 27 la
1051 5311 193 30 circulation
1259 5319 20 21 a
1309 5306 52 32 été
1384 5309 72 28 tout
1483 5309 21 30 à
1527 5308 60 30 fait
1604 5316 50 22 sus-

901 5349 128 35 pendue
1059 5348 143 35 pendant
1237 5347 56 28 des
1328 5346 129 28 heures.
1500 5346 78 28 Bien
1617 5346 54 28 des

901 5389 178 30 personnes
1095 5383 58 28 ont
1167 5382 41 28 dù
1224 5381 128 31 rentrer
1378 5380 78 30 chez
1486 5381 77 28 elles
1592 5387 77 22 sans

904 5419 93 30 avoir
1011 5426 43 28 pu
1069 5418 133 30 acheter
1218 5418 47 28 les
1279 5417 188 35 provisions
1489 5417 41 28 du
1551 5415 100 30 diman-

904 5456 69 35 che,
990 5458 32 26 et
1036 5454 76 30 tous
1133 5453 47 30 les
1212 5452 144 31 théâtres
1381 5453 32 27 et
1444 5452 111 28 autres
1584 5452 89 28 lieux

902 5491 235 30 d'amusement
1153 5496 34 21 se
1204 5489 74 28 sont
1294 5486 154 31 ressentis
1466 5487 38 28 de
1522 5487 86 30 cette
1624 5494 32 22 ca-

902 5526 122 30 lamité.

940 5563 51 28 Un
1007 5561 146 28 accident
1169 5563 143 26 survenu
1329 5565 73 24 vers
1417 5559 71 34 sept
1513 5559 117 30 heures
1655 5559 19 30 à

904 5596 304 35 Waterloo-Bridge
1231 5595 109 31 aurait
1369 5602 43 28 pu
1440 5594 67 31 être
1534 5595 66 28 fort
1629 5595 31 30 sé-

906 5634 104 28 rieux.

944 5669 48 30 Un
1007 5667 159 32 voiturier
1182 5667 54 35 qui
1261 5667 182 30 conduisait
1469 5673 61 22 une
1551 5667 124 35 grande

906 5706 129 27 voiture
1057 5705 40 28 de
1115 5705 32 28 la
1162 5702 164 30 brasserie
1341 5704 112 34 Alisop
1467 5704 33 27 et
1572 5705 104 33 ayant

905 5741 102 35 perdu
1037 5746 58 22 son
1124 5739 139 35 chemin,
1290 5739 47 27 les
1357 5739 161 34 chevaux,
1531 5739 145 28 devenus

906 5776 216 38 intraitables,
1134 5781 37 22 se
1187 5777 74 27 sont
1272 5773 86 38 jetés
1374 5780 56 22 sur
1443 5774 31 28 le
1487 5772 137 32 trottoir
1635 5774 41 30 du

906 5813 89 35 pont.

956 5849 47 28 La
1028 5846 188 30 balustrade
1245 5852 39 24 en
1309 5844 112 38 granit
1441 5851 20 22 a
1489 5845 50 31 été
1569 5844 90 37 dépla-

908 5883 57 30 cée
983 5889 56 24 sur
1052 5889 64 22 une
1135 5882 161 35 longueur
1316 5882 38 27 de
1368 5880 163 37 plusieurs
1545 5882 131 35 mètres,

907 5919 162 35 plusieurs
1087 5917 106 37 pièces
1206 5919 40 28 de
1260 5916 111 37 granit
1382 5916 150 31 tombant
1547 5923 57 22 sur
1615 5923 63 22 une

907 5956 123 33 barque
1055 5953 146 31 amarrée
1230 5960 77 21 sous
1332 5953 30 27 le
1385 5953 91 35 pont,
1507 5953 151 28 heureuse-

908 5992 90 27 ment
1010 5996 76 22 sans
1102 5991 122 28 blesser
1238 5994 170 31 personne.

945 6026 154 30 Diverses
1128 6032 176 28 personnes
1333 6025 54 34 qui
1403 6024 57 28 ont
1482 6024 51 30 été
1552 6031 109 24 renver-

911 6061 71 30 sées
997 6067 59 30 par
1076 6061 54 28 des
1146 6059 145 30 voitures
1309 6060 57 28 ont
1389 6058 41 31 dù
1455 6059 67 31 être
1551 6060 129 31 menées

911 6104 67 22 aux
992 6097 158 34 hôpitaux
1168 6103 84 28 pour
1265 6103 20 28 y
1303 6096 69 28 être
1389 6094 163 35 soignées.

947 6227 44 28 Le
1005 6224 187 30 Parlement
1206 6224 130 35 anglais
1352 6231 35 22 se
1401 6223 112 31 réunit
1537 6227 142 37 demain,

912 6261 33 28 et
958 6261 33 30 la
1004 6261 162 37 première
1179 6260 150 35 question
1343 6267 73 22 sera
1427 6261 197 31 l'admission
1641 6263 40 28 de

912 6298 44 28 M.
972 6295 188 37 Bradlaugh
1180 6302 123 24 comme
1318 6298 142 28 membre
1473 6304 84 28 pour
1566 6299 33 27 la
1615 6299 64 28 cité

912 6333 39 28 de
965 6332 250 35 Northampton.
1232 6332 89 28 Dans
1336 6332 32 27 le
1391 6333 138 28 courant
1545 6332 39 31 de
1600 6333 64 31 l'an-

912 6367 59 31 née
987 6367 155 37 dernière,
1160 6366 44 30 M.
1222 6366 176 31 Gladstone
1408 6367 78 30 s'est
1499 6370 78 28 tenu
1591 6369 20 30 à
1626 6370 39 28 l'é-

914 6404 80 31 cart,
1011 6404 109 27 toutes
1134 6404 47 28 les
1207 6402 63 28 fois
1297 6410 61 27 que
1387 6403 32 28 la
1433 6404 149 33 question
1603 6406 77 28 s'est

913 6437 170 38 présentée
1094 6448 7 26 ;
1120 6437 80 31 mais
1218 6438 22 30 il
1258 6438 99 30 serait
1370 6444 138 31 presque
1533 6439 130 35 impossi-

913 6472 51 31 ble
979 6481 81 28 pour
1078 6475 30 27 le
1122 6474 139 35 premier
1277 6472 146 31 ministre
1443 6476 38 27 de
1501 6475 180 31 s'absenter

913 6510 45 30 du
972 6509 104 37 palais
1088 6509 43 30 du
1148 6508 187 31 Parlement
1349 6510 31 30 le
1389 6509 78 37 jour
1489 6511 38 30 de
1551 6516 59 25 son
1624 6520 38 21 ou-

913 6548 144 26 verture.

951 6581 48 28 La
1012 6580 150 35 question
1179 6581 47 30 est
1241 6581 74 30 bien
1328 6580 112 38 simple
1453 6589 7 19 :
1476 6582 77 30 c'est
1570 6582 38 28 de
1630 6591 33 22 sa-

915 6618 73 28 voir
1003 6617 27 28 si
1046 6618 41 27 M.
1107 6615 197 37 Bradlaugh,
1322 6617 66 35 qui,
1402 6619 66 26 lors
1485 6619 38 27 de
1547 6625 38 20 sa
1612 6626 51 28 pre-

915 6652 100 30 mière
1030 6652 150 34 élection,
1195 6658 21 22 a
1228 6652 158 30 demandé
1411 6652 21 30 à
1456 6652 69 31 être
1539 6659 77 30 reçu
1641 6663 40 21 en

915 6690 97 27 vertu
1023 6687 39 28 de
1071 6687 93 30 l'acte
1180 6686 41 30 du
1235 6686 185 31 Parlement
1447 6690 113 34 appelé
1576 6690 28 27 le
1619 6692 47 25 évi-

917 6725 97 26 dence
1030 6725 208 26 amendment
1247 6725 63 28 act,
1322 6724 107 27 disant
1435 6725 97 33 qu'un
1540 6726 142 30 serment

918 6758 112 31 n'était
1044 6764 57 30 pas
1116 6765 44 22 un
1175 6757 64 30 lien
1261 6765 81 28 pour
1357 6758 57 32 lai,
1442 6762 77 33 peut
1548 6759 115 31 mainte-

918 6795 79 28 nant
1011 6794 71 28 être
1095 6794 104 30 admis
1215 6794 20 28 à
1248 6795 107 34 prêter
1370 6797 150 27 serment.

953 6829 61 30 Les
1023 6828 254 38 jurisconsultes
1291 6829 107 31 disent
1410 6836 63 30 que
1493 6831 28 30 le
1548 6834 136 33 speaker

919 6872 39 22 ne
972 6866 78 34 peut
1064 6873 59 27 pas
1137 6866 126 28 refuser
1277 6866 39 27 de
1330 6867 149 28 recevoir
1493 6867 28 28 le
1541 6868 144 30 serment

919 6900 39 30 de
971 6901 44 30 M.
1035 6900 204 41 Bradlaugh:
1270 6900 79 30 mais
1365 6902 30 28 le
1422 6901 185 31 Parlement
1636 6905 50 27 est

919 6937 117 28 maître
1050 6937 78 28 chez
1143 6937 54 28 lui.
1217 6938 33 27 et
1264 6937 92 28 l'acte
1371 6939 38 26 de
1423 6939 83 35 1858,
1521 6945 57 22 sur
1590 6939 32 28 la
1636 6946 32 21 re-

919 6971 106 31 vision
1042 6972 56 28 des
1114 6972 170 37 serments,
1300 6972 104 30 donne
1423 6972 21 30 à
1473 6973 32 28 la
1527 6974 159 30 Chambre

919 7009 57 28 des
991 7013 185 25 communes
1192 7009 85 34 plein
1305 7009 138 34 pouvoir
1459 7016 80 27 pour
1556 7011 28 30 le
1613 7017 73 24 con-

1704 286 85 31 trôle
1802 288 39 28 de
1869 282 198 37 l'admisêicn
2091 286 57 30 des
2170 285 169 31 membres.
2365 282 26 28 Il
2420 282 33 28 dé-

1706 325 83 34 pend
1804 325 83 28 donc
1900 325 40 28 de
1955 325 33 28 la
2002 322 158 31 Chambré
2174 321 30 28 si
2219 320 61 31 ells
2304 319 78 30 veut
2401 324 52 31 per-

1706 360 116 30 mettre
1837 360 20 28 à
1870 361 44 28 M.
1926 359 188 35 Bradlaugh
2127 359 38 28 de
2192 356 109 37 prêter
2317 353 151 35 serment,

1707 402 41 24 ou
1763 396 28 30 si
1807 396 60 30 elle
1881 396 79 31 veut
1971 394 126 31 décider
2108 392 146 38 qu'après
2270 398 53 21 ses
2336 391 115 35 premiè-

1706 438 53 22 res
1773 432 219 30 déclarations
2008 431 61 28 elle
2083 437 41 21 ne
2145 429 77 37 peut
2245 433 59 30 pas
2333 426 45 28 lui
2402 432 51 30 per-

1707 468 116 31 mettre
1837 467 38 30 de
1890 467 104 31 violer
2022 467 31 30 la
2081 464 138 31 sainteté
2244 464 43 27 du
2316 462 151 30 serment.

1706 503 63 28 Les
1796 504 85 28 deux
1911 504 102 34 partis
2042 502 111 28 seront
2176 506 40 24 en
2243 498 154 35 présence
2421 497 33 28 de-

1706 539 98 31 main.
1821 539 26 30 A
1867 546 35 22 ce
1926 539 76 37 qu'il
2017 537 117 37 parait,
2151 536 43 28 M.
2224 534 177 30 Gladstone
2421 533 48 28 est

1706 574 110 30 décidé
1832 575 19 28 à
1866 575 81 28 faire
1977 575 38 27 de
2043 574 33 28 la
2104 570 149 38 question
2281 569 188 35 Bradlaugh

1707 617 63 24 une
1782 611 150 37 question
1949 611 39 28 de
2002 608 96 37 parti.

1743 647 25 28 Il
1783 647 52 34 n'y
1851 653 19 21 a
1884 653 58 28 pas
1957 647 40 27 de
2010 645 98 30 doute
2124 651 60 28 que
2209 641 83 30 cette
2321 640 149 37 question

1707 681 78 31 n'ait
1796 678 119 33 affaibli
1926 681 32 30 le
1968 680 86 37 parti
2062 679 124 34 libéral,
2198 679 43 34 et,
2252 683 123 24 comme
2389 676 81 28 dans

1707 719 84 27 cette
1818 718 224 28 circonstance
2069 717 46 27 les
2145 710 159 33 Irlandais
2320 712 151 28 voteront

1707 761 79 22 avec
1801 754 46 30 les
1861 754 111 34 tories,
1990 752 22 28 il
2028 750 152 31 vaudrait
2199 749 72 30 bien
2284 748 110 30 mieux
2409 754 61 30 que

1706 789 31 28 le
1763 789 138 35 premier
1929 788 148 30 ministre
2093 785 151 31 s'abstint
2267 784 39 28 de
2321 783 90 30 toute
2425 783 31 28 in-

1704 824 184 31 tervention
1905 824 157 30 officielle.

1741 862 47 27 La
1802 860 137 30 seconde
1968 859 148 37 question
2140 856 54 38 qui
2224 855 247 31 naturellement

1704 902 74 24 sera
1807 895 145 31 discutée
1982 895 120 28 devant
2139 894 33 28 la
2206 892 158 30 Chambre
2398 896 73 22 sera

1706 932 162 30 l'absence
1907 933 39 28 de
1989 931 78 30 MM.
2111 928 138 33 Parnell,
2293 927 110 28 Dillon
2440 926 31 28 et

1704 967 144 37 O'Kelly.
1867 967 45 30 Le
1935 967 136 34 speaker
2089 966 102 28 devra
2206 964 80 30 faire
2303 961 168 31 connaître

1704 1009 43 25 au
1762 1004 184 30 Parlement
1967 1010 61 28 que
2056 1009 52 22 ces
2137 1000 83 30 trois
2248 999 161 28 membres
2431 1004 40 22 ne

1703 1039 141 35 peuvent
1871 1045 59 31 pas
1945 1039 70 28 être
2030 1037 19 28 à
2068 1038 86 27 leurs
2171 1037 119 34 places,
2310 1041 59 30 par
2385 1033 86 28 cette

1704 1076 113 35 simple
1832 1076 110 28 raison
1958 1074 91 35 qu'ils
2066 1072 74 30 sont
2154 1078 39 22 en
2209 1071 123 34 prison,
2348 1070 39 28 de
2411 1075 60 30 par

1704 1111 28 28 le
1743 1114 148 26 coercion
1902 1113 63 32 act,
1980 1109 45 28 loi
2040 1107 257 37 exceptionnelle
2311 1104 56 37 qui
2382 1104 71 30 auto-

1704 1147 64 31 rise
1796 1148 30 28 le
1846 1144 256 38 gouvernement
2127 1143 38 30 de
2202 1143 150 27 l'lrlande
2376 1141 76 28 d'em-

1703 1183 172 35 prisonner
1904 1182 91 28 toute
2028 1186 159 30 personne
2211 1176 201 37 soupçonnée
2433 1176 38 28 AQ

1704 1220 137 34 prendre
1857 1218 73 35 part
1945 1217 20 30 à
1978 1217 58 28 des
2050 1215 90 30 actes
2160 1214 111 28 contre
2295 1211 174 31 l'autorité.

1741 1256 43 28 Le
1799 1253 257 37 gouvernement
2088 1252 99 28 devra
2216 1250 81 28 donc
2327 1248 144 28 déclarer

1704 1299 60 27 que
1795 1293 46 26 les
1861 1290 109 35 sieges
1984 1289 57 28 des
2056 1287 157 28 membres
2243 1284 158 30 irlandais
2418 1283 53 35 qui

1704 1326 74 32 sont
1807 1332 40 22 en
1876 1326 112 33 prison
2004 1324 73 28 sont
2092 1322 149 34 vacants,
2265 1319 94 30 sinon
2386 1319 22 27 il
2438 1325 33 20 se

1704 1362 145 30 mettrait
1865 1368 39 22 en
1919 1358 237 31 contradiction
2180 1364 81 21 avec
2280 1356 46 28 les
2343 1354 72 35 lois,
2432 1361 39 21 en

1703 1398 132 35 privant
1860 1397 38 27 de
1926 1397 69 27 leur
2023 1391 256 39 représentation
2296 1391 156 34 parlemen-

1704 1435 84 28 taire
1815 1434 46 28 les
1878 1430 119 32 coihtés
2015 1430 53 34 qui
2082 1430 57 27 ont
2167 1428 51 28 élu
2235 1428 77 28 MM.
2330 1426 141 35 Parnell,

1704 1469 109 31 Dillon
1841 1469 32 28 et
1890 1467 143 34 O'Kelly.

1741 1589 47 40 i,a
1802 1598 156 30 duchesse
1972 1597 39 28 de
2026 1593 197 38 Gonnaught
2239 1600 19 21 a
2282 1593 41 27 dû
2353 1591 122 35 quitter

1704 1632 260 39 Bagshot-Park,
1994 1632 79 31 hier,
2102 1638 83 27 pour
2199 1636 99 24 cause
2314 1629 39 28 de
2368 1626 105 30 santé.

1704 1671 48 30 On
1769 1678 34 21 se
1819 1669 152 30 souvient
1987 1675 60 28 que
2062 1667 66 31 Son
2154 1665 126 30 Altesse
2296 1664 50 28 est
2360 1670 96 21 accou-

1704 1708 78 30 chée
1796 1707 94 30 d'une
1904 1704 175 35 princesse,
2094 1703 24 28 il
2133 1709 21 28 y
2169 1708 20 22 a
2204 1700 80 31 trois
2301 1698 172 30 semaines.

1706 1743 21 30 I!
1746 1741 107 38 paraît
1867 1748 61 28 que
1944 1740 195 35 l'égoutture
2173 1737 38 28 de
2244 1737 33 27 la
2306 1735 168 30 résidence

1704 1779 112 35 royale
1846 1776 38 32 de
1913 1774 248 37 Bagshot-Park
2193 1772 48 30 est
2257 1770 216 30 défectueuse,

1704 1808 78 35 et'la
1796 1813 167 34 duchesse,
1971 1808 239 37 accompagnée
2225 1815 58 27 par
2297 1808 30 27 le
2336 1807 71 34 duc,
2415 1812 59 22 son

1706 1852 92 34 mari,
1827 1854 59 30 par
1915 1848 46 27 sir
1983 1846 53 28 W.
2053 1847 131 33 .Tenner,
2213 1843 143 30 médecin
2387 1843 38 28 de
2444 1841 32 28 la

1706 1887 94 35 Cour,
1817 1887 58 31 par
1886 1884 28 28 le
1925 1883 133 30 docteur
2069 1880 157 35 Playfair,
2243 1880 32 27 et
2284 1885 60 28 par
2355 1878 103 28 l'hono-

1706 1923 89 30 rable
1805 1920 43 31 M.
1865 1919 109 31 Alfred
1985 1918 155 35 Egerton.
2152 1923 20 21 a
2178 1915 113 37 quitté,
2303 1913 79 31 hier,
2395 1913 79 28 dans

1706 1952 471 40 l'après-midi,Bagshot-Park
2192 1957 81 30 pour
2289 1951 30 27 le
2335 1949 139 30 château

1707 1995 37 28 de
1759 1993 165 30 Windsor.
1943 1991 43 27 Le
2002 1989 132 34 cortège
2145 1985 172 31 consistait
2333 1991 39 22 en
2387 1985 86 27 deux

1707 2030 155 28 voitures,
1879 2028 27 28 le
1923 2026 133 30 docteur
2070 2022 148 35 Playfair
2230 2023 31 27 et
2276 2021 200 30 l'honorable

1708 2067 41 28 M.
1768 2065 144 35 Egerton
1926 2061 84 30 était
2029 2061 80 28 dans
2140 2059 32 30 la
2200 2057 149 34 seconde,
2367 2056 41 30 oh
2439 2062 34 21 se

1708 2100 145 31 trouvait
1867 2099 32 28 la
1915 2096 157 30 duchesse
2095 2094 141 30 couchée
2265 2099 58 22 sur
2352 2099 44 22 un
2425 2091 50 30 lit.

1709 2138 44 28 Le
1767 2133 267 37 déménagement
2049 2138 20 22 a
2083 2131 51 30 été
2160 2130 59 30 fait
2244 2128 66 30 très
2340 2128 116 28 heureu-

1708 2172 135 30 sement.

1746 2275 45 30 La
1806 2274 103 38 police
1925 2272 37 28 de
1982 2270 144 31 Londres
2143 2275 19 22 a
2177 2268 90 30 lancé
2283 2275 44 21 un
2343 2267 132 30 mandat

1709 2314 111 27 contre
1834 2310 30 30 le
1879 2308 144 35 marquis
2037 2307 39 27 de
2092 2304 135 35 Huntly,
2243 2303 54 35 qui
2313 2303 20 28 à
2348 2301 131 38 présent

1709 2354 128 27 voyage
1853 2353 38 20 en
1911 2343 123 34 Russie,
2054 2353 11 14 «
2088 2347 81 30 pour
2196 2340 93 28 avoir
2304 2337 170 35 extorqué,

1711 2394 9 14 »
1746 2385 30 28 le
1787 2383 37 28 23
1833 2386 87 24 mars
1941 2379 80 33 1881,
2037 2383 77 24 sous
2138 2378 38 27 de
2202 2375 79 30 faux
2297 2374 178 35 prétextes,

1711 2431 9 14 >
1744 2426 63 21 une
1822 2422 122 24 somme
1959 2414 39 28 de
2013 2413 81 35 2,000
2109 2412 99 28 livres
2229 2411 150 34 sterling,
2398 2418 19 20 a
2433 2409 43 28 M.

1713 2467 9 13 »
1744 2453 145 31 William
1924 2451 158 33 Gardner,
2117 2454 80 22 avec
2235 2445 163 31 intention
2437 2445 39 28 de

1713 2503 9 14 »
1746 2490 122 30 fraude.
1886 2498 11 13 »
2172 2490 5 37 ,

1746 2528 44 27 Le
1804 2523 132 31 mandat
1951 2529 20 21 a
1985 2520 52 30 été
2052 2526 60 22 mis
2130 2518 90 31 entre
2235 2517 45 31 les
2297 2523 105 24 mains
2418 2517 58 28 des

1710 2562 116 35 agents
1843 2561 38 27 de
1896 2561 32 27 la
1942 2556 113 39 police.

1747 2680 61 28 Les
1824 2676 116 31 crimes
1969 2673 150 38 agraires
2150 2669 191 32 continuent
2370 2676 39 22 en
2439 2670 28 28 Ir-

1711 2715 105 31 lande.
2095 2715 5 35 .
2223 2715 2 35 .
2258 2715 5 35 .
2313 2743 6 6 .
2356 2741 7 8 ,

1747 2751 93 30 Deux
1870 2747 146 31 fermiers
2049 2751 54 31 qui
2133 2743 190 30 revenaient
2348 2741 38 30 de
2411 2743 54 35 Tip-

1713 2792 126 28 perary,
1852 2784 89 35 jeudi
1956 2781 138 34 dernier,
2111 2779 58 30 ont
2183 2778 52 31 été
2263 2778 135 30 trouvés
2414 2778 52 28 ina-

1713 2823 103 30 nimés
1830 2826 58 22 sur
1902 2819 32 28 la
1948 2817 93 31 route
2057 2815 38 31 de
2104 2815 159 34 Kilfeade,
2274 2813 73 35 près
2362 2813 38 30 de
2411 2812 54 37 Tip-

1713 2863 128 30 perary.
1857 2856 79 28 L'un
1965 2854 106 34 d'eux,
2086 2851 31 30 le
2131 2849 129 31 nommé
2285 2850 196 35 Hefferman,

1713 2895 80 30 était
1809 2891 103 35 mort;
1929 2888 124 32 l'autre,
2075 2887 54 35 qui
2150 2894 35 20 se
2209 2891 129 22 nomme
2352 2885 131 35 Hogan,

1713 2928 177 39 agonisait.
1928 2924 183 30 Hefferman
2152 2921 92 31 avait
2285 2921 80 31 trois
2400 2921 66 30 bles-

1714 2973 103 22 sures.

1750 3097 89 33 Nous
1857 3100 137 24 sommes
2011 3091 151 31 informés
2179 3097 61 28 que
2252 3091 45 27 les
2309 3087 175 30 différends

1714 3131 151 32 soulevés
1880 3131 19 28 à,
1915 3131 32 28 la
1962 3130 85 28 suite
2061 3129 38 28 de
2114 3125 198 31 l'assemblée
2329 3123 154 38 générale

1715 3170 57 28 des
1785 3167 220 31 actionnaires
2020 3165 39 28 de
2080 3164 32 28 la
2134 3164 137 34 Banque
2293 3159 40 28 de
2349 3161 102 27 Prêts
2469 3168 17 18 a

1715 3202 196 31 l'lndustrie
1948 3201 43 28 du
2022 3201 37 28 14
2089 3198 167 30 décembre
2289 3195 129 31 dernier
2452 3201 33 21 se

1716 3239 155 31 trouvent
1896 3235 246 37 complètement
2165 3233 128 37 aplanis
2316 3239 58 28 par
2391 3231 31 28 le
2439 3236 31 22 re-

1716 3276 80 30 trait
1811 3273 174 30 simultané
2000 3273 56 28 des
2072 3269 171 30 demandes
2259 3274 39 22 en
2315 3266 115 30 nullité
2447 3267 38 27 de

1717 3312 99 28 ladite
1841 3307 176 31 assemblée
2041 3307 32 28 et
2098 3306 38 30 de
2158 3305 131 30 l'action
2313 3307 154 25 reconven-

1717 3345 154 32 tionnelle
1887 3344 130 35 qu'elles
2033 3341 132 30 avaient
2179 3338 196 39 provoquée.

1720 3462 84 77 LE
1838 3456 291 81 GAULOIS
2163 3451 319 83 PARTOUT

1739 3632 46 26 DE
1821 3631 66 26 NOS
1922 3625 330 30 CORRESPONDANTS
2289 3615 178 34 SPÉCIAUX

1840 3736 69 27 Par
1928 3732 150 35 dépêches
2106 3730 261 35 télégraphiques

1915 3789 300 32 Saint-Pétersbourg,
2228 3788 13 25 7
2256 3785 102 27 février
2372 3785 71 25 1882.

1756 3841 48 28 On
1820 3840 145 33 s'occupe
1980 3836 178 33 beaucoup,
2176 3833 79 28 dans
2281 3839 58 21 nos
2368 3828 122 31 cercles

1720 3875 183 35 politiques,
1920 3874 38 27 de
1974 3873 32 27 la
2020 3869 182 37 promotion
2218 3868 38 28 de
2272 3867 44 30 M.
2342 3866 145 34 Katkoff,

1720 3911 163 30 l'éminent
1899 3907 170 38 publiciste
2083 3906 39 28 de
2133 3906 145 32 Moscou,
2296 3909 41 22 au
2352 3907 85 28 rang
2450 3901 38 28 de

1721 3946 172 31 conseiller
1907 3945 123 28 intime.
2056 3941 50 30 On
2132 3940 64 30 sait
2220 3945 59 28 que
2296 3938 43 30 M.
2356 3937 135 28 Katkoff

1721 3984 60 33 est,
1798 3989 79 21 avec
1907 3980 41 30 M.
1980 3976 275 34 Pobiedonoszeff,
2272 3980 44 22 un
2346 3974 57 27 des
2418 3973 71 34 plus

1722 4018 142 30 fervents
1890 4016 161 30 zélateurs
2072 4011 261 32 conservateurs,
2359 4009 32 28 et
2407 4015 83 28 pour

1722 4055 69 28 cela
1805 4052 104 31 même
1931 4058 44 22 un
2000 4050 57 28 des
2085 4046 123 31 favoris
2238 4048 41 27 du
2310 4050 159 31 gouverne-

1722 4090 89 30 ment
1826 4088 116 30 actuel.

1757 4127 44 28 Ce
1817 4124 53 35 qui
1886 4124 106 27 donne
2009 4128 43 21 un
2067 4120 85 28 éclat
2180 4115 226 38 exceptionnel
2422 4122 20 21 a
2459 4115 32 30 la

1722 4167 133 28 marque
1878 4160 38 27 de
1930 4159 116 28 faveur
2059 4162 60 30 par
2139 4154 139 34 laquelle
2294 4153 197 34 l'Empereur

1722 4198 90 27 vient
1827 4195 39 30 de
1894 4194 30 30 le
1951 4193 194 34 distinguer,
2180 4189 77 28 c'est
2287 4187 73 37 qu'il
2389 4193 20 21 a
2441 4186 50 28 été

1723 4231 128 31 nommé
1869 4240 9 14 «
1897 4228 172 30 conseiller
2078 4226 113 30 intime
2209 4237 24 22 »,
2249 4230 77 22 sans
2342 4222 94 28 avoir
2451 4230 40 21 eu

1722 4269 30 28 le
1765 4269 79 28 titre
1859 4266 38 27 de
1915 4276 11 14 «
1944 4264 172 28 conseiller
2139 4260 106 30 d'Etat
2261 4260 110 27 actuel
2389 4270 24 25 »,
2432 4264 58 21 son

1722 4310 85 27 rang
1822 4302 122 28 n'étant
1961 4297 148 39 jusqu'ici
2137 4304 61 27 que
2228 4294 83 28 celui
2335 4294 38 28 de
2391 4304 11 14 «
2420 4299 54 22 con-

1723 4339 107 30 seiller
1846 4330 152 35 d'Etat'».
2020 4335 65 28 Par
2114 4339 63 21 une
2206 4330 194 37 dérogation
2425 4336 67 21 aux

1722 4381 120 27 usages
1859 4374 46 27 les
1920 4371 72 37 plus
2009 4369 110 28 sacrés
2135 4369 38 27 de
2203 4368 32 27 la
2264 4364 228 31 bureaucratie

1723 4417 103 25 russe,
1843 4408 197 33 l'Empereur
2055 4411 20 22 a
2091 4403 61 30 fait
2172 4402 111 30 sauter
2298 4408 43 22 un
2357 4401 99 35 grade
2472 4400 21 28 à

1723 4447 43 28 M.
1801 4443 143 33 Katkoff,
1969 4441 54 35 qui
2061 4439 180 30 désormais
2268 4442 120 31 pourra
2424 4435 69 30 être

1722 4480 111 37 appelé
1848 4480 20 28 à
1883 4479 109 35 siéger
2007 4483 43 22 au
2065 4474 120 31 conseil
2216 4474 38 27 de
2283 4472 161 35 l'Empire,
2463 4472 30 28 le

1723 4517 139 35 premier
1876 4515 56 28 des
1948 4519 93 28 corps
2057 4509 180 30 constitués
2254 4515 40 21 en
2311 4507 125 30 Russie.

1759 4551 161 30 L'éditeur
1935 4551 38 27 de
1990 4550 30 27 la
2037 4547 132 27 Gazette
2194 4547 38 25 de
2261 4545 128 26 Moscou
2421 4548 53 30 par-

1722 4590 77 33 tage
1815 4587 46 28 les
1876 4586 167 28 honneurs
2057 4584 39 26 de
2112 4583 84 27 cette
2210 4578 184 38 promotion
2413 4584 80 22 avec

1722 4631 64 21 une
1801 4623 94 28 autre
1911 4618 200 31 illustration
2128 4617 39 27 de
2181 4617 32 26 la
2231 4615 124 34 Russie,
2373 4615 44 28 M.
2434 4613 39 30 Ga-

1722 4661 110 33 lagan,
1847 4658 31 28 le
1892 4655 184 31 richissime
2091 4650 214 38 propriétaire
2315 4649 124 31 foncier
2456 4649 38 28 de

1722 4695 151 33 Poltava,
1902 4691 78 30 dont
2008 4690 31 28 le
2053 4695 77 22 nom
2150 4688 51 27 est
2215 4693 106 22 connu
2350 4691 81 30 pour
2457 4691 37 22 sa

1723 4731 128 28 fortune
1867 4728 32 28 et
1911 4724 172 38 populaire
2104 4728 81 31 pour
2215 4722 124 35 l'usage
2366 4721 109 35 philan-

1723 4766 171 34 thropique
1910 4761 74 37 qu'il
2001 4767 38 21 en
2055 4760 71 34 fait,
2143 4766 39 20 en
2192 4757 113 28 créant
2316 4757 56 28 des
2385 4756 105 35 lycées

1723 4804 32 28 et
1770 4802 141 28 d'autres
1926 4796 204 30 institutions
2146 4793 136 30 d'utilité
2294 4793 162 35 publique.

1759 4838 51 28 Du
1824 4834 98 37 reste,
1938 4833 22 28 il
1977 4832 81 28 n'est
2083 4837 60 28 que
2156 4830 89 35 juste
2261 4828 39 30 de
2327 4827 167 30 constater

1724 4880 60 27 que
1804 4871 152 37 l'opinion
1972 4867 151 37 publique
2147 4864 157 30 accueille
2323 4864 67 30 très
2405 4864 71 27 favo-

1724 4906 177 32 rablement
1917 4910 53 24 ces
1987 4904 85 27 deux
2088 4899 233 34 nominations,
2339 4898 54 37 qui
2412 4905 61 22 sem-

1723 4944 90 30 blent
1843 4943 181 33 inaugurer
2052 4944 63 22 une
2143 4936 137 34 rupture
2310 4942 79 21 avec
2419 4935 59 28 l'an-

1726 4981 111 28 cienne
1852 4977 141 30 routine.

2230 5007 112 28 Comte
2359 5007 63 28 N...

1806 5128 182 34 DÉPÊCHES
2015 5132 48 26 DE
2091 5125 176 33 L'AGENCE
2294 5130 120 26 HAYAS

2157 5194 132 30 Londres,
2307 5196 14 24 7
2337 5194 110 25 février.

1756 5249 52 24 Les
1821 5246 142 32 journaux
1980 5244 146 25 racontent
2145 5250 63 26 que,
2224 5243 28 24 la
2281 5241 124 26 semaine
2431 5241 47 24 der-

1727 5277 84 31 nière,
1839 5284 34 18 on
1900 5276 79 31 reçut
2004 5277 18 24 à
2036 5275 104 26 Dublin
2163 5282 54 18 une
2232 5274 83 24 lettre
2328 5271 133 26 adressée
2478 5271 17 24 à

1726 5308 41 26 M.
1782 5309 113 26 Forster
1911 5307 70 26 était
1995 5315 33 17 en
2049 5315 32 17 oe
2096 5308 122 24 moment
2232 5307 18 22 à
2267 5303 133 26 Londres.
2419 5302 76 26 Cette

1728 5341 80 25 lettre
1830 5341 28 24 et
1884 5340 70 24 dont
1976 5337 172 32 l'enveloppe
2171 5335 107 33 portait
2313 5334 47 26 des
2388 5334 105 25 taches.

1728 5373 38 24 M.
1793 5373 113 25 Forster
1933 5369 86 33 parut
2046 5369 131 31 suspecte
2190 5376 6 20 ;
2224 5374 33 18 on
2282 5365 28 26 la
2326 5365 81 26 rèmit
2425 5366 17 24 à
2458 5372 37 18 un

1728 5401 129 26 chimiste
1870 5400 48 33 qui
1935 5401 129 25 constata
2078 5399 100 33 qu'élle
2193 5396 143 27 contenait
2365 5404 54 17 une
2434 5402 40 18 ma-

1728 5433 70 25 tière
1809 5432 194 26 éminemment
2019 5430 167 33 explosiblc.

1760 5465 40 25 Là
1815 5463 90 34 police
1923 5471 15 18 a
1951 5461 161 27 commencé
2125 5469 53 19 une
2191 5460 124 32 enquête.

2187 5519 97 30 Home,
2296 5518 13 25 7
2324 5517 111 26 février.

1761 5565 145 30 Garibaldi
1924 5570 40 20 est
1980 5574 33 17 en
2040 5564 217 25 convalescence
2270 5570 6 20 ;
2293 5562 41 25 les
2357 5563 139 26 médecins

1728 5601 51 22 ont
1792 5596 96 27 décidé
1903 5597 33 24 de
1951 5604 33 17 ne
1996 5596 65 32 plus
2075 5595 113 33 publier
2203 5595 34 25 de
2254 5591 120 28 bulletin
2391 5602 48 18 sur
2466 5602 32 18 sa

1729 5630 89 28 santé,
1832 5628 73 26 mais
1919 5627 35 26 ils
1969 5628 163 25 continuent
2144 5628 17 24 à
2177 5626 39 26 lui
2230 5623 130 27 défendre
2380 5627 34 25 de
2426 5634 57 17 rece-

1729 5661 63 25 voir
1806 5661 47 25 des
1869 5659 107 28 visites.

1762 5692 41 25 Un
1818 5691 182 31 télégramme
2019 5689 115 25 adressé
2158 5696 34 18 au
2213 5688 126 33 Capitan
2354 5687 144 26 Fracassa

1729 5731 126 18 annonce
1870 5720 129 27 l'arrivée
2010 5721 33 24 de
2057 5721 39 25 M.
2114 5720 150 25 Gambetta
2276 5728 19 17 a
2315 5719 182 33 Berdighera,

2009 5765 294 33 Saint-Pétersbourg',
2315 5766 15 25 7
2342 5765 110 26 février.

1762 5810 115 27 Samedi
1898 5811 67 28 soir,
1995 5817 39 18 un
2059 5810 123 25 individu
2211 5810 138 25 demanda
2372 5817 54 19 une
2447 5817 34 18 au-

1731 5843 98 26 dience
1844 5850 35 17 au
1910 5849 154 26 procureur
2088 5841 112 32 général
2225 5841 37 25 du
2284 5841 214 32 Saint-Svnode,

1730 5875 41 26 M.
1787 5876 26 24 le
1831 5872 151 26 conseiller
1995 5871 98 26 intime
2104 5871 93 25 actuel
2212 5868 228 30 Pobedonoszèif.
2465 5872 34 25 Ce

1733 5904 211 30 fonctionnaire,
1961 5903 47 32 qui
2020 5902 77 26 avait
2107 5902 44 26 été
2163 5903 89 25 averti
2267 5910 54 24 que
2330 5903 54 25 l'on
2398 5903 87 25 essaie-

1734 5937 63 30 rait,
1808 5934 116 33 samedi,
1939 5935 35 25 de
2001 5934 185 31 l'assassiner,
2207 5934 120 26 informa
2342 5936 30 24 la
2399 5934 100 33 police,

1734 5967 47 33 qui
1796 5968 93 25 arrêta
1906 5966 122 26 aussitôt
2042 5966 144 25 l'individu
2203 5974 33 17 en
2252 5966 138 31 question.

1767 5999 44 26 On
1822 6000 102 24 trouva
1952 6005 50 17 sur
2027 5996 39 30 lui
2094 6005 38 17 un
2156 5996 126 32 pistolet,
2298 6004 33 18 ce
2346 5998 46 32 qui
2409 5998 92 26 donna

1734 6031 57 26 lieu
1806 6030 33 25 de
1852 6037 102 25 penser
1969 6026 67 34 qu'il
2060 6027 78 25 avait
2147 6027 11 25 1
2169 6026 135 26 intention
2316 6028 34 24 do
2365 6030 117 24 commet-

1733 6065 44 22 tre
1799 6060 138 26 l'attentat
1951 6066 57 25 que
2022 6058 54 26 l'on
2087 6058 214 33 appréhendait.

2167 6104 37 25 Le
2218 6103 90 32 Caire,
2321 6104 14 25 6
2343 6104 112 26 février.

1767 6151 76 25 Dans
1858 6150 26 25 le
1897 6149 122 33 premier
2031 6148 105 26 conseil
2148 6148 48 25 des
2213 6146 142 27 ministres
2370 6149 48 32 qui
2432 6156 19 18 a
2470 6156 31 20 eu

1731 6182 58 26 lieu
1806 6180 183 33 aujourd'hui,
2007 6182 63 22 tous
2083 6178 41 25 les
2140 6178 116 26 articles
2269 6178 34 25 de
2320 6180 25 24 la
2361 6180 37 25 loi
2415 6188 70 24 orga-

1733 6214 86 31 nique
1831 6215 47 21 ont
1889 6213 43 25 été
1946 6210 126 33 adoptés,
2080 6210 111 32 jusqu'à
2205 6217 72 18 ceux
2290 6209 46 33 qui
2350 6214 64 22 sont
2427 6209 60 27 rela-

1733 6244 50 25 tifs
1799 6250 34 18 au
1846 6243 115 31 budget.

1766 6276 96 28 Quant
1874 6275 18 25 à
1906 6281 48 19 ces
1976 6273 137 28 derniers,
2131 6280 34 18 on
2181 6280 99 18 assure
2295 6274 69 25 dans
2389 6274 43 24 les
2447 6280 41 19 cer-

1734 6306 59 26 cles
1807 6305 128 30 officiels,
1944 6311 57 27 que
2017 6305 26 25 le
2054 6306 220 35 gouvernement
2282 6312 31 18 se
2327 6312 175 21 prononcera

1734 6345 33 18 en
1782 6339 97 24 faveur
1903 6337 66 25 d'un
2000 6338 120 30 système
2143 6334 159 26 attribuant
2324 6330 28 31 le
2381 6335 73 24 droit
2469 6337 34 25 de

1734 6370 79 24 voter
1827 6367 27 25 le
1865 6367 107 32 budget
1983 6373 58 18 aux
2055 6365 143 26 ministres
2216 6367 27 24 et
2252 6367 18 24 à
2284 6370 63 30 sept
2365 6366 137 26 membres

1734 6400 33 25 de
1780 6400 28 25 la
1824 6398 139 26 Chambre
1976 6398 48 25 des
2039 6398 139 26 notables.

2204 6442 104 32 Berlin,
2319 6443 15 24 7
2347 6441 106 28 février.

1765 6491 40 24 La
1820 6489 141 26 Chambre
1975 6489 48 24 des
2052 6488 117 33 députés
2186 6488 34 26 de
2235 6489 105 25 Prusse
2352 6487 111 27 discute
2476 6488 28 25 le

1734 6521 91 33 projet
1839 6521 34 24 de
1887 6520 39 25 loi
1942 6519 352 34 politico-ecclésiastique.

1767 6554 37 24 Le
1817 6550 128 25 ministre
1962 6550 48 24 des
2024 6550 100 30 cultes,
2140 6550 43 24 M.
2202 6550 34 24 de
2250 6550 126 28 Gossler,
2393 6549 39 25 dit
2447 6556 57 26 que

1735 6583 53 25 l'on
1804 6591 34 17 ne
1851 6583 67 31 peut
1941 6589 52 24 pas
2006 6583 99 24 mettre
2132 6589 35 17 un
2183 6583 87 22 terme
2284 6583 18 22 à
2317 6581 30 25 la
2363 6581 69 25 lutte
2452 6589 35 17 ac-

1735 6614 84 25 tuelle
1833 6620 54 26 par
1904 6613 39 25 les
1959 6613 139 32 passions,
2113 6612 71 26 mais
2199 6619 51 26 par
2267 6613 27 25 le
2308 6613 111 25 sérieux
2433 6615 27 22 et
2474 6613 30 26 la

1735 6645 149 26 concorde.

1767 6686 12 12 «
1798 6678 21 24 Il
1833 6678 44 24 est
1891 6676 168 30 nécessaire,
2074 6676 96 31 ajoute
2185 6674 25 24 le
2225 6674 136 30 ministre,
2386 6674 33 25 de
2434 6674 70 25 fixer

1735 6709 44 25 les
1793 6709 104 25 limites
1910 6705 47 33 qui
1972 6706 130 31 séparent
2118 6706 25 25 le
2156 6705 126 26 domaine
2296 6706 35 24 de
2346 6705 116 32 l'Eglise
2471 6705 33 25 de

1736 6738 76 26 celui
1826 6738 33 25 de
1873 6737 96 26 l'Etat.
1981 6737 20 26 C
2009 6741 44 22 est
2065 6737 141 33 pourquoi
2223 6744 34 19 on
2274 6744 34 19 ne
2321 6738 67 31 peut
2408 6744 52 24 pas
2474 6744 31 18 se

1737 6770 102 25 borner
1852 6770 18 25 à
1886 6768 93 26 abolir
1993 6770 61 25 tout
2068 6769 178 32 simplement
2257 6768 43 26 les
2315 6768 54 27 lois
2387 6768 99 32 organi-

1737 6808 70 26 ques
1819 6800 145 26 actuelles.
1983 6809 11 12 »

1770 6834 39 22 M.
1820 6831 34 25 do
1870 6831 117 26 Gossler
1997 6830 50 26 fait
2063 6830 133 26 ressortir
2210 6830 41 26 les
2276 6833 155 30 avantages
2458 6829 47 33 qui

1740 6862 136 26 résultent
1890 6863 34 24 de
1938 6862 31 25 la
1982 6861 39 26 loi
2037 6862 34 25 de
2082 6862 96 33 juillet
2204 6863 71 30 1880,
2303 6869 37 18 au
2365 6861 80 33 point
2473 6861 34 26 de

1739 6901 54 18 vue
1813 6893 34 26 de
1860 6893 31 26 la
1903 6893 171 26 nomination
2082 6888 54 31 'des
2152 6893 142 26 titulaires
2315 6893 50 25 dés
2389 6893 118 26 évêchés

1740 6927 27 24 et
1779 6926 34 25 do
1827 6925 30 25 la
1871 6925 169 26 diminution
2056 6926 37 25 du
2113 6925 117 26 nombre
2243 6926 48 24 des
2307 6931 81 19 cures
2404 6932 86 18 vacan-

1740 6958 52 25 tes.
1808 6956 24 25 Il
1847 6963 106 25 expose
1968 6964 54 24 que
2035 6957 43 25 les
2092 6956 136 26 relations
2244 6956 37 26 du
2291 6957 217 32 gouvernement

1741 6986 130 34 prussien
1887 6994 70 17 avec
1969 6986 26 26 le
2007 6987 93 32 clergé
2117 6986 159 33 catholique
2290 6989 64 25 sont
2373 6987 136 25 devenues

1741 7020 58 22 très
1814 7017 150 26 cordiales.

2558 289 9 13 «
2587 281 38 25 Lé
2639 280 219 33 gouvernement
2864 293 9 17 <
2896 278 43 26 dit
2953 285 34 18 en
3007 279 81 24 outre
3116 275 26 25 le
3161 274 137 28 ministre,

2526 313 65 26 veut
2610 312 94 32 guérir
2726 312 30 24 la
2783 309 126 26 blessure
2936 307 69 34 cjwîî
3027 315 18 17 a
3071 306 149 26 lui-même
3256 305 43 26 été

2525 344 94 32 obligé
2633 343 34 25 de
2685 343 83 24 faire:
2794 341 72 26 mais
2881 341 19 24 il
2917 347 35 18 ne
3053 339 60 25 rien
3143 338 100 32 perdre
3266 337 33 25 de

2525 381 32 18 ce
2572 373 67 34 qu'il
2650 381 17 17 a
2685 374 111 25 obtenu;
2815 372 20 26 il
2850 379 34 19 ne
2897 372 69 32 peut
2989 378 53 26 pas
3058 370 73 25 faire
3146 376 35 19 an
3197 376 54 25 pas
3266 374 32 18 en

2526 407 118 26 arrière.
2657 413 11 14 »

2556 437 38 26 M.
2611 437 33 26 de
2657 436 117 26 Gossler
2796 435 112 26 déclare
2928 433 67 33 qu'il
3012 432 71 26 n'est
3096 438 52 26 pas
3162 430 136 33 possible,

2526 469 79 25 selon
2620 468 50 30 lui,
2692 469 35 24 de
2750 467 94 32 régLer
2863 467 41 25 les
2928 463 138 27 relations
3087 465 37 24 du
3148 469 135 26 gouverne-

2526 502 74 24 ment
2613 507 67 18 avec
2695 500 28 25 la
2739 496 84 28 Curie
2841 498 35 24 ail
2903 503 99 25 moyen
3025 496 81 25 d'une
3126 496 119 28 entente,
3263 501 34 18 vu

2526 539 53 24 que
2598 531 41 25 les
2659 530 169 25 concordats
2842 535 48 19 ont
2906 528 78 26 aussi
2999 535 38 18 un
3054 527 113 31 cortège
3189 526 34 24 de
3248 524 39 25 lar-

2526 569 58 18 mes
2611 563 27 24 et
2666 561 126 26 d'ennuis
2818 562 27 24 et
2871 560 171 32 engendrent
3066 557 51 25 des
3143 555 138 33 complica-

2525 593 83 26 tions.
3194 593 5 30 .

2557 626 24 25 Il
2590 625 113 25 déclare
2714 631 54 25 que
2779 624 27 25 le
2819 622 216 30 gouvernement
3050 627 19 18 a
3084 619 154 26 l'intention
3266 619 32 25 de

2528 657 145 25 continuer
2688 657 34 24 de
2737 657 130 24 marcher
2881 653 72 25 dans
2967 653 28 25 la
3009 652 63 26 voie
3087 651 67 33 qu'il
3174 658 19 17 a
3217 648 65 27 choi-

2526 685 50 32 sie,
2590 689 26 24 et
2631 691 43 20 est
2688 685 155 27 convaincu
2861 692 53 25 que
2927 685 26 26 le
2968 685 77 31 Pape
3058 681 92 26 désire
3167 689 52 17 une
3230 680 67 32 paix

2526 718 137 33 complète
2679 719 27 24 et
2731 717 30 26 la
2786 717 124 26 désirera
2939 723 99 18 encore
3070 715 65 31 plus
3159 711 141 26 vivement

2526 750 25 26 si
2562 750 26 26 le
2602 749 90 33 projet
2707 749 33 24 de
2757 748 38 26 loi
2812 750 43 22 est
2869 746 113 33 adopté.
3004 756 9 12 «
3032 746 97 27 Quant
3142 745 19 24 à
3187 743 31 26 la
3237 743 40 25 mé-

2528 782 87 25 fiance
2629 789 54 24 que
2695 780 54 26 l'on
2766 778 120 33 éprouve
2894 780 18 25 à
2927 776 106 33 l'égard
3041 776 50 25 des
3099 775 133 34 pouvoirs
3242 774 43 26 dis-

2526 811 211 30 crétionnaires,
2750 810 41 25 dit
2805 817 33 18 en
2855 811 80 24 outre
2953 809 26 25 le
2989 807 128 27 ministre
3131 807 50 25 des
3195 806 102 31 cultes,

2525 843 22 26 il
2561 844 60 24 faut
2635 848 164 26 remarquer
2820 848 54 25 que
2902 841 27 26 le
2954 841 217 31 gouvernement
3200 844 18 17 a
3233 839 50 22 tou-

2523 875 81 32 jours
2615 874 96 32 aplani
2726 873 123 26 certains
2861 872 150 26 différends
3024 876 52 26 par
3085 869 34 24 de
3129 868 117 32 simples
3253 867 31 26 dé-

2526 908 83 24 crets.
2992 908 5 30 _

2559 947 11 12 »
2587 939 53 25 Les
2653 935 133 33 pouvoirs
2798 933 248 27 discrétionnaires
3070 939 33 18 ne
3128 932 65 24 sont
3203 932 78 25 nulle-

2528 970 74 24 ment
2614 966 215 34 incompatibles
2843 974 69 17 avec
2933 965 25 25 le
2981 964 106 32 régime
3102 961 182 26 constitution-

2528 999 53 25 nel.
2598 998 184 32 L'obligation
2812 998 34 25 de
2868 997 112 26 notifier
2995 997 28 24 la
3047 993 172 26 nomination
3248 993 50 25 des

2529 1031 216 25 fonctionnaires
2757 1028 228 32 ecclésiastiques
3000 1035 35 17 no
3050 1032 65 18 sera
3137 1024 159 26 maintenue

2529 1069 52 26 que
2595 1063 70 24 dans
2676 1063 41 26 les
2727 1069 50 17 cas
2793 1063 124 31 urgents.

2561 1103 8 12 »
2587 1093 98 30 Quand
2700 1093 21 25 il
2737 1091 104 32 s'agira
2855 1091 33 25 de
2917 1090 30 25 la
2960 1088 176 27 nomination
3151 1087 48 26 des
3228 1095 50 25 prê-

2530 1127 53 22 tres
2600 1123 174 31 auxiliaires,
2785 1129 34 19 on
2829 1129 112 25 pourra,
2955 1128 65 19 sans
3035 1120 117 32 danger,
3163 1119 72 25 l'aire
3246 1119 48 25 des

2529 1154 169 34 exceptions.

2552 1199 18 11 »
2587 1189 94 26 Quant
2696 1193 35 19 au
2747 1186 74 25 droit
2836 1186 34 25 do
2887 1186 85 34 grâce
2992 1191 54 25 que
3064 1182 26 25 le
3107 1183 53 24 Roi
3177 1180 120 33 possédé

2529 1219 18 24 à
2559 1218 105 33 l'égard
2680 1219 50 24 des
2744 1218 129 32 évèques,
2890 1215 20 27 il
2926 1218 41 22 est
2987 1213 85 31 établi
3102 1213 71 25 dans
3188 1213 26 25 le
3230 1219 50 26 pro-

2526 1251 39 31 jet
2580 1251 34 24 de
2628 1248 47 28 loi,
2692 1248 63 27 bien
2770 1243 69 37 qu'il
2868 1256 32 17 ne
2916 1246 56 26 soit
2996 1252 58 30 pas
3070 1252 53 18 mis
3141 1251 33 18 eu
3200 1244 96 28 doute,

2529 1281 54 24 atin
2596 1287 56 26 que
2665 1280 26 24 le
2714 1280 219 32 gouvernement
2956 1285 97 25 puisse
3079 1277 154 28 connaître,
3249 1281 48 18 sur

2529 1319 32 18 ce
2572 1311 86 33 point,
2672 1311 133 32 l'opinion
2820 1311 34 24 de
2867 1311 64 24 tous
2946 1309 40 26 les
3001 1307 90 33 partis
3106 1306 30 25 et'
3146 1306 48 25 des
3210 1312 64 20 mem-

2531 1343 63 26 bres
2608 1343 33 26 de
2655 1343 93 25 toutes
2761 1342 40 26 les
2815 1342 144 28 religions.

2562 1384 11 12 »
2602 1376 35 25 Le
2666 1374 216 32 gouvernement
2908 1370 155 33 emploiera
3089 1376 46 18 ses
3164 1368 133 38 pouvoirs

2529 1407 71 24 dans
2614 1406 26 25 le
2654 1410 64 19 sens
2728 1404 70 24 dans
2813 1403 90 32 lequel
2928 1402 37 26 ils
2981 1402 43 26 lui
3051 1401 102 26 auront
3168 1400 44 25 été
3226 1407 53 18 con-

2529 1436 81 26 férés.
3123 1441 6 6 '
3174 1461 6 6 .

2562 1479 11 11 »
2593 1469 38 24 Le
2644 1467 89 33 projet
2744 1467 33 26 de
2790 1466 39 26 loi
2849 1466 92 26 actuel
2956 1467 41 24 est
3028 1473 35 17 un
3092 1468 122 27 premier
3243 1468 52 25 pas

2530 1500 83 32 après
2624 1499 93 32 lequel
2734 1498 25 25 le
2773 1499 219 31 gouvernement
3007 1495 44 25 ira
3059 1494 64 33 plus
3135 1493 67 26 loin.

2562 1541 11 11 «
2591 1530 30 26 Si
2634 1530 26 25 le
2675 1528 89 33 projet
2778 1527 34 26 de
2825 1527 39 26 loi
2880 1531 43 21 est
2933 1527 91 32 rejeté,
3037 1526 27 26 le
3074 1526 217 35 gouvernement

2531 1570 32 17 ne
2578 1569 112 18 cessera
2704 1567 51 25 pas
2778 1567 72 25 pour
2865 1559 61 26 cela
2949 1559 33 25 de
3004 1557 148 26 travailler
3165 1564 35 18 au
3216 1556 64 26 réta-

2531 1592 164 26 blissement
2706 1591 34 26 de
2757 1591 27 26 la
2799 1591 69 33 paix
2882 1598 70 18 avec
2961 1589 126 33 l'Eglise.
3103 1598 13 13 »

2561 1624 57 25 Dix
2633 1624 129 26 orateurs
2773 1630 30 18 se
2818 1624 64 22 sont
2897 1620 52 26 fait
2966 1619 118 27 inscrire
3099 1625 72 27 pour
3189 1618 26 25 le
3231 1625 50 25 pro-

2529 1656 50 32 jet,
2593 1657 27 24 et
2633 1655 76 25 seize
2721 1656 106 24 contre.

2562 1688 52 24 Les
2627 1684 307 31 nationaux-libêraax,
2962 1683 40 26 les
3021 1681 233 27 sécessionnistes
3272 1682 27 22 et

2531 1717 41 26 les
2587 1716 213 34 progressistes,
2816 1715 70 26 dans
2909 1715 48 25 des
2974 1714 133 26 réunions
3123 1714 34 24 de
3174 1719 126 26 groupes

2531 1750 96 24 tenues
2640 1748 71 27 hier,
2722 1754 30 19 se
2767 1748 64 25 sont
2846 1747 112 25 décidés
2983 1748 15 22 à
3022 1752 150 26 repousser
3189 1743 26 25 le
3230 1750 52 24 pro-

2529 1781 48 32 jet.
2594 1781 39 25 La
2643 1779 125 32 tactique
2779 1779 37 25 du
2823 1780 94 22 centre
2926 1776 162 32 catholique
3099 1776 43 24 est
3151 1774 148 31 douteuse,

2532 1819 107 18 comme
2653 1811 138 32 toujours.
2805 1811 76 22 Dans
2895 1811 65 22 tous
2972 1806 40 27 les
3024 1814 59 25 cas,
3099 1813 32 19 ce
3143 1806 76 33 parti
3231 1813 52 25 pro-

2533 1850 98 26 posera
2641 1843 34 25 do
2687 1841 156 25 nombreux
2854 1839 220 26 amendements.
3087 1839 2 37 •

2972 1898 7 24 I
2986 1897 116 31 .ondres,
3113 1897 15 25 7
3145 1893 109 27 février.

2564 1946 35 24 Le
2623 1943 224 39 Morning-Post
2862 1943 126 33 apprend
3005 1948 53 27 que
3074 1941 60 26 lord
3157 1938 146 27 Granville

2532 1984 15 18 a
2564 1983 33 19 eu
2614 1976 58 26 hier
2687 1976 34 25 de
2738 1969 118 38 longues
2880 1975 180 25 conférences
3079 1980 69 18 avec
3171 1971 48 37 lcs_
3240 1977 43 19 am-

2533 2008 177 25 bassadeurs.
2727 2008 37 24 Le
2787 2008 216 30 gouvernement
3020 2003 77 25 avait
3126 2002 96 32 espéré
3247 2009 57 31 que

2533 2039 27 25 la
2581 2037 86 26 Reine
2696 2037 137 37 pourrait,
2861 2036 70 25 dans
2959 2036 24 25 le
3007 2035 130 26 discours
3152 2033 35 27 du
3213 2034 94 31 trône,'

2533 2072 141 24 constater
2689 2069 8 24 1
2708 2068 104 26 accord
2830 2067 123 33 complet
2967 2067 48 25 des
3026 2066 168 33 puissances
3207 2070 48 19 sur
3269 2063 28 25 la

2533 2100 135 26 nécessité
2683 2100 33 26 de
2728 2098 148 28 maintenir
2888 2100 26 24 le
2931 2100 79 24 statu
3026 2105 54 25 quo
3096 2105 33 17 en
3142 2096 118 35 Egypte,
3272 2096 28 22 et

2533 2132 126 26 déclarer
2675 2139 54 25 que
2752 2132 81 25 toute
2846 2138 112 18 mesure
2980 2130 116 25 tendant
3116 2128 18 24 à
3154 2127 86 25 éviter
3266 2133 39 18 un

2533 2164 184 32 changement
2731 2160 241 27 révolutionnaire
2985 2159 90 26 serait
3089 2159 77 32 prise
3185 2159 34 24 de
3239 2165 50 18 con-

2533 2198 59 22 cert
2607 2203 66 17 avec
2691 2193 40 26 les
2743 2196 96 22 autres
2851 2192 165 33 puissances
3026 2189 5 37 ;
3059 2190 71 26 mais
3145 2190 48 25 des
3220 2189 69 33 dépè-

2533 2226 66 25 ches
2611 2232 96 24 reçues
2731 2225 70 25 dans
2825 2223 185 33 l'après-midi
3028 2230 35 17 au
3084 2219 146 26 Ministère
3255 2220 50 24 des

2535 2250 118 32 affaires*
2662 2256 161 33 étrangères
2839 2256 48 25 ont
2907 2254 111 33 changé
3032 2252 216 32 complètement
3278 2251 28 25 la

2535 2288 143 27 situation.

2565 2321 38 24 M.
2642 2320 86 24 Malet
2754 2327 15 17 a
2800 2317 51 26 fait
2883 2316 96 26 savoir
3018 2323 34 18 au
3085 2315 222 31 gouvernement

2535 2350 211 33 qu'Arabi-Bcy
2759 2352 43 22 est
2816 2350 99 24 maître
2930 2348 100 26 absolu
3043 2347 34 25 de
3087 2347 28 24 la
3126 2346 138 25 situation
3278 2346 28 24 et

2535 2382 65 32 qu'à
2607 2389 33 17 en
2644 2381 83 32 juger
2746 2388 51 25 par
2822 2387 52 19 son
2881 2387 158 27 arrogance
3057 2378 20 25 il
3100 2378 43 24 est
3152 2376 104 33 poussé
3280 2378 28 22 et

2535 2415 118 24 soutenu
2666 2420 52 25 par
2731 2413 34 24 de
2779 2411 161 34 puissantes
2950 2412 159 24 influences,
3120 2409 40 24 La
3170 2406 136 26 situation

2536 2447 43 24 est
2587 2445 24 26 si
2627 2452 85 22 grave
2719 2452 63 24 que,
2799 2443 22 25 si
2835 2443 53 25 l'on
2914 2450 32 17 ne
2959 2440 87 33 prend
3067 2446 52 26 pas
3139 2439 152 25 immédiate-

2537 2478 74 24 ment
2624 2474 47 26 des
2685 2481 125 18 mesures
2836 2472 176 33 énergiques,
3026 2472 41 25 les
3081 2471 176 25 contrôleurs
3269 2477 26 18 se-

2537 2510 63 22 ront
2613 2505 90 27 forcés
2718 2506 33 24 de
2764 2505 104 33 quitter
2884 2506 37 24 Le
2936 2504 91 26 Caire.

2816 2562 300 31 Saint-Pétersbourg,
3128 2561 14 25 7
3152 2558 109 26 février.

2569 2611 37 24 Le
2616 2609 96 33 prince
2724 2609 162 26 Souwaroff
2900 2615 19 18 a
2939 2615 32 17 eu
2988 2606 60 26 hier
3063 2613 53 18 une
3132 2603 129 26 nouvelle
3270 2604 26 24 at-

2539 2646 81 28 taque
2634 2641 185 33 d'apoplexie.
2830 2640 44 25 On
2889 2636 119 27 s'attend
3021 2639 17 22 à
3050 2635 111 32 chaque
3175 2635 107 26 instant
3293 2635 17 25 à

2538 2680 35 19 un
2589 2673 183 25 dénouement
2789 2670 80 26 fatal.

2987 2699 105 30 Berlin,
3107 2700 14 22 7
3137 2699 110 25 février.

2569 2748 128 25 Pendant
2711 2748 30 25 la
2756 2746 157 26 discussion
2929 2746 35 24 du
2975 2745 92 32 projet
3081 2744 33 25 de
3129 2744 39 24 loi
3183 2741 113 33 politico-

2539 2780 216 31 ecclésiastique
2770 2780 15 24 à
2802 2778 27 26 la
2836 2777 138 27 Chambre
2987 2777 50 24 des
3051 2774 126 33 députés,
3188 2774 71 24 MM.
3279 2773 33 25 de

2538 2810 263 27 Schorlemcr-Alst
2816 2811 27 24 et
2858 2807 182 26 Windthorst
3050 2810 48 20 ont
3112 2804 94 33 plaidé
3222 2812 33 18 en
3267 2804 30 25 fa-

2539 2850 67 19 veur
2621 2843 33 25 de
2665 2842 156 26 l'abolition
2833 2841 48 24 des
2898 2838 54 26 lois
2967 2839 35 24 de
3018 2837 65 28 mai,
3097 2841 27 21 et
3139 2837 47 25 ont
3202 2836 109 25 affirmé

2539 2882 54 25 que
2610 2874 40 25 les
2674 2872 177 31 catholiques
2875 2869 221 27 consentiraient
3124 2869 18 24 à
3167 2867 145 33 n'importe

2541 2906 63 32 quel
2619 2902 170 34 compromis
2803 2909 67 19 avec
2884 2902 30 25 la
2930 2901 83 26 Curie
3028 2898 132 26 romaine.

2570 2937 70 24 MM.
2657 2936 34 25 de
2705 2933 241 32 Wintzingerode,
2969 2931 72 25 Holz
3066 2933 27 22 et
3117 2929 27 26 le
3163 2930 91 24 comte
3279 2929 33 25 de

2541 2967 136 33 Limburg
2691 2974 30 18 se
2735 2967 171 32 prononcent
2914 2972 34 17 en
2961 2965 98 26 faveur
3069 2961 37 26 du
3122 2961 99 32 projet,
3240 2960 71 25 mais

2541 3000 168 25 demandent
2721 3005 53 24 que
2787 2998 27 24 le
2825 2994 118 33 pouvoir
2957 2992 234 27 discrétionnaire
3207 2992 56 25 soit
3276 2992 24 25 li-

2541 3031 66 26 mité
2621 3031 19 24 à
2653 3037 53 18 une
2719 3030 107 31 époque
2842 3026 177 28 déterminée.

2572 3063 37 24 M.
2631 3059 171 26 Stablewski
2829 3059 115 25 combat
2965 3057 26 26 le
3015 3056 98 33 projet,
3138 3053 56 33 qui,
3221 3056 17 24 à
3262 3060 50 18 son

2541 3092 79 31 avis,
2646 3093 41 24 est
2714 3090 106 33 inspiré
2849 3097 51 25 par
2926 3096 53 18 une
3004 3086 135 26 méfiance
3161 3085 152 26 nullement

2538 3124 122 33 justifiée
2673 3124 98 25 contre
2785 3122 43 25 les
2852 3119 132 26 Polonais
3008 3120 28 24 et
3061 3117 27 26 le
3103 3117 93 32 clergé
3209 3117 34 25 de
3257 3117 37 25 Po-

2538 3145 97 40 logne.

2603 3561 56 35 jSU
2676 3555 63 37 A.
2875 3550 59 37 O
2952 3547 58 40 U
3024 3547 66 40 M-
3110 3546 50 39 *§»
3175 3543 57 41 JE

2581 3687 60 28 Les
2656 3685 168 30 nouvelles
2839 3685 38 27 de
2893 3683 144 30 Londres
3052 3680 74 30 sont
3145 3686 96 22 assez
3267 3686 32 21 sa-

2544 3723 213 34 tisfaisantes,
2772 3719 84 30 mais
2878 3720 47 28 les
2954 3718 73 30 avis
3053 3716 197 30 monétaires
3276 3716 38 28 de

2544 3759 32 28 la
2593 3758 69 30 Cité
2676 3765 40 21 ne
2740 3756 190 30 confirment
2959 3761 57 30 pas
3032 3754 33 28 la
3089 3758 132 22 rumeur
3250 3757 63 34 que

2544 3801 84 22 nous
2643 3798 103 24 avons
2761 3790 206 31 mentionnée
2973 3790 71 27 hier
3053 3789 38 28 de
3099 3788 32 28 la
3142 3785 171 31 réduction

2544 3829 272 35 probable*;-'pour
2837 3827 102 35 jeudi,
2955 3826 39 30 de
3013 3823 184 34 l'escompte
3215 3822 39 27 de
3282 3822 33 27 la

2545 3866 132 35 Banque
2693 3862 235 37 d'Angleterre.

2581 3901 48 28 On
2646 3900 81 28 croit
2743 3905 73 30 que,
2831 3905 58 28 par
2914 3896 85 30 suite
3008 3895 38 30 de
3061 3893 252 30 l'amélioration

2545 3938 38 28 de
2598 3937 31 28 la
2644 3935 158 30 situation
2818 3932 176 30 financière
3015 3932 20 28 à
3054 3930 106 35 Paris,
3176 3930 33 27 la
3235 3928 60 30 Ban-

2546 3979 60 28 que
2622 3971 222 35 d'Angleterre
2868 3974 120 31 pourra
3018 3966 129 30 réduire
3170 3964 143 30 l'intérêt

2545 4010 57 27 des
2621 4012 150 28 avances,
2785 4005 54 35 qui
2868 4004 92 30 avait
2987 4000 52 32 été
3061 4000 66 30 fixé
3156 3999 20 30 à
3203 3999 18 27 8
3248 3999 65 32 0/0.

2545 4043 109 35 Quant
2669 4043 19 28 à
2705 4041 208 31 laréduction
2923 4039 44 30 du
2976 4039 85 30 taux
3072 4038 38 27 de
3118 4036 195 35 l'escompte,

2545 4080 61 30 elle
2622 4085 39 22 ne
2676 4084 122 30 pourra
2811 4084 60 27 pas
2890 4076 93 28 avoir
3014 4074 66 30 lieu
3110 4071 72 31 tant
3207 4078 61 27 que
3282 4071 32 27 la

2545 4116 131 28 réserve
2698 4113 187 35 métallique
2904 4111 39 30 de
2967 4111 33 28 la
3014 4110 135 33 Banque
3163 4106 132 37 d'Angle-

2545 4152 86 30 terre
2648 4156 39 22 ne
2702 4156 34 22 se
2752 4155 73 21 sera
2838 4154 59 30 pas
2917 4144 182 31 améliorée.

2583 4187 63 28 Les
2663 4183 168 31 nouvelles
2845 4182 197 30 monétaires
3056 4181 38 27 de
3103 4179 213 34 l'Allemagne

2546 4224 74 28 sont
2635 4220 183 37 également
2841 4220 72 34 plus
2929 4215 219 33 rassurantes,
3164 4220 84 21 mais
3263 4220 51 21 ses

2546 4257 148 30 marchés
2711 4256 73 30 sont
2799 4254 143 35 fatigués
2957 4260 41 21 au
3014 4251 91 37 point
3135 4248 38 31 de
3202 4256 63 21 vue
3281 4248 21 28 fi-

2548 4293 143 35 nancier,
2707 4293 32 28 et
2753 4292 46 28 les
2823 4290 131 30 affaires
2979 4287 89 31 n'ont
3094 4292 126 22 aucune
3247 4291 50 21 ani-

2548 4329 132 30 mation.
3104 4329 4 35 .
3131 4329 5 35 .

2583 4365 100 28 Notre
2713 4365 124 27 Bourse
2865 4361 154 31 continue
3047 4365 19 22 a
3093 4358 83 28 faire
3195 4363 120 28 preuve

2548 4402 93 28 d'une
2668 4400 125 37 grande
2817 4397 144 30 fermeté,
2979 4395 129 28 surtout
3137 4398 39 22 en
3201 4398 35 22 ce
3261 4391 52 35 qui

2548 4443 158 22 concerne
2733 4436 46 27 les
2806 4434 129 28 Rentes.
2960 4433 61 28 Les
3051 4430 86 28 deux
3158 4430 19 27 3
3190 4428 53 33 0/0
3259 4427 57 30 ont

2548 4472 175 37 progressé
2746 4469 19 30 à
2792 4470 37 30 83
2856 4469 119 33 francs,
2992 4466 148 37 gagnant
3169 4463 34 30 45
3216 4462 83 31 centi-

2548 4515 80 21 mes.
2653 4508 45 27 Le
2726 4507 18 28 5
2757 4507 54 32 0/0
2838 4505 73 30 s'est
2942 4502 124 31 avancé
3094 4508 20 20 a
3143 4500 51 28 lie
3209 4500 45 34 20,
3276 4505 38 22 en

2548 4544 120 30 hausse
2683 4543 38 30 de
2735 4544 35 27 17
2781 4540 167 31 centimes.

2583 4579 116 34 Quand
2727 4579 47 27 les
2806 4574 217 32 déclarations
3059 4573 189 27 financières
3274 4571 41 28 du

2548 4620 152 24 nouveau
2724 4612 130 31 cabinet
2883 4612 56 28 ont
2954 4609 131 31 rassuré
3099 4609 46 28 les
3164 4607 151 35 porteurs

2549 4652 38 27 de
2596 4652 18 26 5
2628 4651 53 32 0/0
2695 4657 43 21 au
2754 4649 84 35 sujet
2855 4649 38 28 de
2916 4644 247 39 l'ajournement
3183 4642 130 30 indéfini

2549 4687 38 30 de
2628 4685 32 30 la
2699 4684 204 34 conversion,
2936 4683 47 28 les
3004 4678 241 37 arbitragistes,
3261 4677 56 35 qui

2549 4722 132 28 avaient
2707 4721 106 28 vendu
2843 4720 40 30 du
2909 4720 17 28 5
2939 4719 53 32 0/0
3019 4723 83 28 pour
3124 4715 132 28 acheter
3273 4713 41 30 du

2548 4759 18 28 3
2578 4759 64 34 0/0,
2659 4765 34 21 se
2708 4756 74 30 sont
2812 4754 180 35 empressés
3013 4754 40 27 de
3081 4749 122 31 défaire
3229 4749 86 28 leurs

2549 4793 187 35 opérations
2750 4802 6 24 ;
2772 4793 46 28 les
2833 4793 18 27 8
2864 4791 54 32 0/0
2929 4788 130 31 avaient
3073 4786 110 30 baissé
3197 4785 19 28 à
3230 4786 37 27 80
3276 4783 38 30 fr.

2550 4832 31 27 et
2609 4830 28 28 le
2665 4828 18 28 5
2696 4828 54 33 0/0
2770 4827 76 30 s'est
2875 4825 107 30 relevé
2998 4825 39 28 de
3052 4822 52 28 112
3118 4821 35 28 75
3168 4828 20 21 a
3203 4821 53 26 115
3269 4821 46 32 20,

2549 4866 64 30 soit
2628 4863 72 37 près
2715 4865 38 28 de
2767 4865 19 27 2
2800 4864 52 31 1/2
2867 4863 52 32 0/0
2935 4861 38 28 de
2987 4860 131 28 hausse.

2584 4902 50 30 On
2650 4907 19 21 a
2683 4899 132 30 racheté
2830 4899 54 27 des
2900 4898 87 27 deux
3013 4897 19 27 3
3046 4894 53 32 0/0
3115 4893 32 28 et
3162 4899 41 21 on
3220 4899 20 20 a
3268 4898 40 21 eu

2549 4936 265 35 raison,puisque
2828 4933 31 28 le
2872 4929 256 40 gouvernement
3144 4935 19 22 a
3178 4932 139 24 renonce

2549 4980 83 30 pour
2644 4971 85 30 cette
2745 4970 102 30 année
2863 4969 20 28 à
2906 4969 38 28 de
2959 4965 169 31 nouvelles
3144 4963 170 28 émissions

2549 5010 38 27 de
2602 5008 118 30 Rentes
2735 5006 18 30 3
2766 5007 65 32 0/0.
2967 5010 7 11 •

2583 5044 64 28 Les
2661 5049 97 22 cours
2772 5041 124 30 actuels
2914 5039 73 30 sont
3007 5039 67 28 très
3105 5036 72 27 bien
3209 5034 106 34 tenus,

2550 5079 129 31 surtout
2694 5086 43 21 au
2753 5075 175 38 comptant.
2954 5075 61 28 Les
3045 5069 222 33 transactions
3296 5076 20 21 a

2550 5117 103 30 terme
2668 5114 73 30 sont
2753 5113 150 35 toujours
2921 5109 67 31 très
3001 5108 152 31 limitées.
3250 5141 15 6 _

2584 5153 48 27 La
2648 5152 131 33 Banque
2794 5148 39 30 de
2850 5148 124 30 France
2991 5151 107 31 gagne
3112 5147 118 25 encore
3250 5148 18 21 o
3279 5141 37 28 fr.

2550 5187 20 30 à
2583 5186 83 38 5,635
2680 5186 39 30 fr.

2585 5224 44 28 Le
2643 5220 109 32 Crédit
2766 5219 123 31 foncier
2904 5219 40 27 de
2961 5217 124 28 France
3100 5220 20 24 a
3144 5219 175 30 progresse

2550 5259 20 28 à
2583 5259 84 34 1,550
2680 5258 39 30 fr.
2737 5257 32 28 et
2784 5256 20 28 à
2818 5255 83 34 1,570
2921 5254 38 28 fr.
2975 5258 41 22 au
3046 5250 176 34 comptant.
3255 5249 63 28 Les

2550 5296 125 28 actions
2692 5295 38 28 de
2746 5287 390 39 laCompagniefoncière
3145 5284 38 30 de
3195 5284 19 30 F
3221 5290 99 25 rance

2550 5333 32 28 et
2596 5329 163 37 d'Algérie
2773 5327 77 30 sont
2870 5326 19 31 à
2916 5324 52 30 510
2995 5323 40 30 fr.
3066 5322 63 28 Les
3158 5321 159 28 bénéfices

2550 5366 135 31 réalisés
2700 5362 142 38 pendant
2857 5362 28 27 le
2900 5360 138 37 premier
3067 5362 148 24 exercice
3230 5362 15 21 s
3257 5356 45 27 élè-

2551 5405 76 28 vent
2642 5402 19 28 à
2674 5399 150 39 8,500,000
2839 5396 50 38 fr.;
2902 5404 35 22 ce
2948 5395 54 37 qui
3019 5392 184 38 représente
3219 5392 35 30 16
3267 5392 53 31 0/0

2551 5441 41 28 du
2607 5437 119 37 capital
2739 5433 104 31 versé.
3002 5466 7 7 ~
3092 5465 6 8 ,
3193 5463 6 8 ,
3304 5461 7 6 .

2587 5476 44 30 Le
2650 5472 109 32 Crédit
2773 5469 149 38 lyonnais
2940 5467 48 28 est
3002 5466 73 28 bien
3091 5466 78 27 tenu
3183 5463 39 28 de
3236 5463 53 30 800
3300 5470 20 22 a

2551 5512 52 30 805
2616 5511 119 33 francs,
2753 5506 32 30 et
2799 5506 33 28 la
2845 5506 131 33 Banque
2992 5500 190 32 Pàrisienne
3202 5499 48 28 est
3268 5499 35 27 de-

2552 5545 135 32 mandée
2700 5544 21 28 à
2734 5543 54 28 600
2803 5542 119 30 francs.

2588 5583 44 28 Le
2647 5578 109 32 Crédit
2779 5576 133 39 général
2929 5574 146 37 français
3099 5578 35 21 se
3148 5570 171 30 maintient

2554 5619 19 30 à
2585 5619 53 30 820
2657 5617 119 30 francs.
3219 5641 41 15 ~.

2588 5655 86 28 Bons
2689 5649 115 32 achats
2824 5655 54 22 sur
2895 5648 46 27 les
2956 5647 126 28 actions
3091 5643 30 30 et
3135 5643 47 28 les
3197 5642 104 35 obliga-

2552 5689 85 31 tions
2654 5689 56 28 des
2728 5685 141 38 grandes
2880 5680 214 39 Compagnies
3109 5679 38 30 de
3167 5678 143 30 chemins

2555 5727 37 27 de
2606 5725 48 30 fer
2668 5721 152 37 français.

2589 5761 26 30 Il
2629 5767 21 26 y
2667 5767 19 21 a
2707 5760 54 27 des
2786 5757 100 30 offres
2910 5760 93 24 assez
3026 5751 207 31 nombreuses
3257 5754 58 24 sur

2555 5798 46 27 les
2614 5797 106 34 lignes
2744 5792 203 35 étrangères,
2966 5794 58 31 par
3033 5787 85 30 suite
3133 5786 56 27 des
3204 5785 113 28 ordres

2555 5832 39 30 de
2609 5831 97 30 vente
2720 5835 102 24 venus
2845 5829 56 28 des
2916 5826 107 34 places
3039 5820 207 32 allemandes.

2590 5868 61 30 Les
2668 5865 90 30 fonds
2777 5865 171 33 étrangers
2978 5859 56 30 ont
3060 5857 183 37 également
3262 5856 51 28 été

2557 5904 119 30 offerts.
2693 5902 44 28 Le
2750 5902 18 27 5
2780 5902 54 31 0/0
2849 5897 112 31 italien
2985 5895 112 30 fléchit
3111 5900 20 21 a
3144 5894 35 27 8o
3193 5891 46 30 90.
3255 5891 64 28 Les

2556 5940 129 30 valeurs
2700 5936 213 38 égyptiennes
2929 5933 73 30 sont
3025 5930 72 37 plus
3112 5928 139 28 lourdes.
3268 5928 50 28 On

2557 5983 33 21 se
2603 5975 178 37 préoccupe
2798 5972 54 28 des
2868 5968 159 31 incidents
3041 5963 124 32 relatifs
3182 5970 20 21 a
3216 5963 33 28 la
3265 5968 35 30 po-

2556 6011 112 35 litique
2682 6008 175 31 intérieure
2872 6012 38 22 en
2933 6002 137 38 Egypte.

2590 6046 107 33 Quant
2713 6051 66 22 aux
2802 6041 92 30 fonds
2909 6040 164 30 ottomans
3087 6035 40 30 ils
3148 6034 56 28 ont
3231 6040 70 22 reac-

2556 6083 110 30 tionné
2681 6080 92 34 après
2792 6085 44 22 un
2859 6076 98 31 début
2987 6079 90 22 assez
3100 6070 214 30 satisfaisant.

2591 6117 175 34 Signalons
2793 6119 124 24 comme
2946 6106 152 33 curiosité
3118 6112 64 22 une
3195 6111 123 30 reprise

2556 6154 66 31 très
2635 6154 76 28 vive
2726 6157 56 22 sur
2796 6150 47 28 les
2856 6146 131 30 valeurs
3006 6145 39 27 de
3059 6144 189 33 tramways,
3265 6146 53 28 qui

2557 6191 56 28 ont
2627 6189 52 28 été
2701 6187 28 30 si
2759 6184 183 35 longtemps
2966 6178 191 38 dépréciées.
3174 6177 27 28 Il
3216 6176 50 28 est
3280 6177 38 27 de

2557 6230 148 25 nouveau
2719 6221 150 37 question
2884 6219 41 30 du
2942 6217 130 28 fameux
3086 6213 103 37 projet
3206 6211 39 30 de
3273 6211 31 28 fu-

2557 6261 71 30 sion
2655 6260 72 30 tant
2743 6259 38 28 de
2810 6256 60 28 fois
2898 6250 146 32 annoncé
3059 6250 33 28 et
3106 6249 148 35 toujours
3268 6248 33 27 dé-

2556 6295 112 32 menti.
3041 6321 7 8 ,
3159 6320 7 9 ,
3285 6319 7 6 .

2591 6334 126 28 Hausse
2733 6327 196 37 importante
2957 6330 56 24 sur
3041 6321 46 28 les
3117 6320 131 28 valeurs
3276 6319 41 28 du

2557 6367 102 31 Canal
2673 6367 38 28 de
2726 6366 92 33 Suez,
2832 6361 79 31 dont
2927 6360 47 28 les
2998 6356 224 31 mouvements
3237 6360 80 22 nous

2557 6403 182 37 paraissent
2753 6406 45 22 un
2811 6405 63 35 peu
2888 6398 73 34 trop
2976 6393 128 37 rapides
3116 6398 38 21 en
3164 6392 11 27 1
3185 6392 69 27 état
3268 6397 34 22 ac-

2557 6439 65 32 tuel
2637 6439 41 28 du
2692 6435 142 32 marché.
3002 6465 6 8 ,
3013 6465 13 8 T
3027 6465 11 5 _
3066 6464 6 5 .
3191 6435 25 39 '.
3261 6462 7 12 ,
3304 6435 5 39 .

2591 6476 51 28 On
2657 6481 19 22 a
2691 6472 71 31 coté
2777 6469 203 35 aujourd'hui
2991 6467 9 28 1
3013 6465 105 30 Union
3133 6461 155 31 Générale
3299 6468 21 21 a

2556 6510 53 31 375
2623 6510 106 28 francs
2743 6517 7 19 :
2763 6506 78 31 c'est
2850 6504 89 37 juste
2948 6504 33 27 la
2995 6507 123 24 somme
3131 6506 53 28 qui
3201 6497 84 28 reste
3300 6504 20 20 a

2557 6552 111 24 verser
2679 6554 7 26 ;
2702 6544 24 30 il
2740 6543 51 28 est
2805 6541 71 30 vrai
2891 6540 93 35 qu'on
3014 6536 168 30 considéré
3196 6539 124 24 comme

2557 6580 169 32 imminent
2739 6578 116 37 l'appel
2869 6576 38 28 de
2921 6582 53 21 ces
2988 6573 54 30 375
3056 6572 118 28 francs.

2593 6619 50 28 La
2655 6617 130 33 Banque
2800 6614 57 27 des
2870 6612 86 34 Pays
2968 6607 198 32 autrichiens
3187 6612 17 21 s
3215 6604 47 30 est
3278 6609 43 22 un

2557 6660 63 31 peu
2634 6652 125 30 relevée
2786 6648 169 31 au-dessus
2985 6645 54 28 des
3067 6643 144 28 derniers
3227 6645 93 22 cours

2659 6729 132 28 somme,
2807 6720 32 30 la
2851 6718 135 38 journée
3006 6723 20 22 a
3040 6713 52 30 été
3106 6713 118 33 bonne,
3242 6710 79 30 mais

2558 6763 48 28 les
2622 6757 259 32 intermédiaires
2895 6751 176 39 persistent
3094 6749 72 35 plus
3196 6752 63 30 que
3275 6752 32 28 ja-

2559 6796 84 30 mais
2672 6796 80 27 dans
2779 6794 72 28 leur
2878 6787 181 33 résolution
3072 6785 39 28 de
3125 6783 200 30 restreindre

2561 6834 47 28 les
2622 6830 185 37 opérations
2828 6827 21 30 à
2863 6827 105 30 terme
2983 6822 115 30 autant
3112 6827 63 30 que
3189 6819 83 28 faire
3287 6823 33 22 se

2561 6873 129 30 pourra.
2711 6866 84 30 C'est
2810 6862 73 37 agir
2900 6860 66 31 très
2981 6857 177 38 sagement,
3170 6854 33 28 et
3216 6853 24 28 il
3255 6852 69 30 faut

2562 6908 123 25 avouer
2713 6908 59 28 que
2799 6900 48 28 les
2882 6895 116 37 agents
3026 6894 39 28 de
3085 6893 126 33 change
3231 6889 32 27 et
3279 6888 46 27 les

2563 6938 187 31 coulissiers
2770 6935 57 30 ont
2852 6933 83 38 payé
2965 6937 92 24 assez
3084 6928 76 28 cher
3188 6926 30 27 le
3241 6926 84 27 droit

2543 6972 1 38 i
2563 6974 98 31 d'être
2675 6972 165 38 prudents.

3060 7011 85 21 HENRI
3170 7007 104 25 PRIVAT

3477 282 142 31 PETITE
3648 282 164 31 BOURSE
3841 282 57 31 OU
3927 283 92 30 SOIR

3390 339 236 33 Amortissable
3638 346 116 27 nouv.,
3768 350 28 15 »»
3820 348 43 26 »»,
3880 348 30 17 »>
3943 348 44 22 »»,
4003 348 31 17 »»
4054 348 43 20 »».
4098 353 34 6 —

3353 378 19 27 3
3384 378 64 33 0/0,
3481 378 38 27 83
3535 387 44 26 »»,
3607 376 46 35 75,
3677 386 28 14 »»
3735 385 45 26 »»,
3816 385 44 26 »»,
3896 385 43 19 ».
4042 374 18 30 5
4072 374 60 35 0/0.

3353 413 54 30 115
3428 412 46 38 32,
3502 413 47 37 35,
3583 411 45 37 23,
3659 411 46 37 27,
3737 422 44 25 »»,
3808 422 43 25 »»,
3952 420 44 26 >»,
4032 420 41 19 »>.

3356 450 126 34 Italien,
3500 459 30 14 »»
3549 458 43 22 »,
3611 459 41 17 »».
3670 458 46 26 ■>•>,
3742 457 41 18 »».
3809 446 148 35 —Turc,
3978 457 28 14 »»
4029 457 41 25 »»,
4088 457 43 25 »»,

3357 496 41 26 «»,
3437 493 43 21 *>.
3569 483 172 37 Egyptien,
3769 483 69 35 327,
3855 493 43 25 »•,
3935 493 41 25 »»,
4010 493 44 25 •»,
4088 493 44 20 »».

3354 535 35 19 t-
3411 522 135 34 Banque
3574 522 177 33 ottomane,
3804 529 43 25 »»,
3885 528 43 26 »»,
3963 528 107 20 >».•».

3354 556 79 31 Lots
3448 557 100 35 turcs,
3569 567 44 26 »»,
3631 566 31 14 »»
3683 567 27 13 »»
3732 566 43 21 •»,
3794 566 44 18 »>.
3911 554 72 31 Act.
3998 554 73 37 Rio,
4088 566 44 26 »»,

3357 605 44 22 »,
3417 604 45 20 »>.
3548 592 194 31 Ottomanes
3755 591 46 35 73,
3820 600 32 17 »»
3870 600 43 19 »».

3403 1251 684 77 DÉPARTEMENTS

3393 1422 46 27 DE
3461 1422 66 26 NOS
3549 1420 328 28 CORRESPONDANTS
3909 1417 177 26 SPECIAUX

3467 1522 67 28 Par
3547 1521 151 35 dépêches
3720 1519 267 35 télégraphiques

3390 1587 17 7 -
3508 1572 130 35 AUTUN,
3653 1572 17 27 7
3698 1570 131 30 février.
3911 1567 53 31 Un
3992 1566 135 31 terrible

3356 1609 145 30 accident
3515 1607 91 30 vient
3625 1609 39 28 de
3680 1606 80 37 jeter
3775 1606 32 27 la
3833 1604 184 30 désolation
4046 1603 80 28 dans

3356 1645 31 28 la
3402 1644 119 30 famille
3536 1643 39 30 de
3592 1643 40 30 M.
3651 1643 164 35 Morages,
3833 1639 107 30 avoué
3965 1638 39 28 de
4029 1639 94 30 notre

3356 1681 86 28 ville.
4017 1681 4 28 ,

3392 1716 43 31 Sa
3449 1716 65 28 fille
3541 1714 214 38 Marguerite,
3787 1713 81 35 âgée
3885 1711 38 28 de
3953 1710 73 35 cinq
4056 1716 71 28 ans,

3357 1752 79 30 était
3451 1750 138 37 occupée
3605 1750 19 30 à
3637 1750 93 35 jouer
3744 1749 81 28 dans
3842 1748 33 28 la
3889 1746 137 35 cuisine,
4042 1746 66 28 lors-

3358 1795 71 28 que,
3445 1787 124 35 voyant
3585 1787 110 28 entrer
3707 1792 45 21 un
3768 1785 81 34 petit
3863 1787 187 30 ramoneur,
4068 1781 60 28 elle

3357 1824 65 35 prit
3435 1830 79 30 peur
3529 1825 43 34 et,
3588 1828 39 22 en
3639 1820 196 35 s'enfuyant,
3847 1819 61 28 elle
3924 1818 112 28 tomba
4048 1817 81 30 dans

3357 1866 64 22 une
3435 1859 174 28 chaudière
3637 1858 92 27 d'eau
3758 1854 180 31 bouillante
3956 1853 53 35 qui
4038 1852 91 30 avait

3358 1894 51 30 été
3423 1893 155 37 préparée
3592 1899 84 31 pour
3690 1891 83 31 faire
3787 1891 33 30 la
3834 1891 131 28 lessive.

3393 1930 61 30 Lés
3468 1930 126 35 jambes
3611 1930 32 27 et
3658 1935 63 22 une
3749 1926 106 37 partie
3870 1926 41 28 du
3937 1924 116 30 ventre
4081 1923 31 31 fu-

3357 1967 74 30 rent
3445 1965 146 37 atteints,
3604 1965 31 28 et
3643 1964 33 30 la
3690 1969 124 31 pauvre
3828 1961 112 30 enfant
3957 1959 175 30 succomba

3359 2003 30 28 le
3403 2002 182 30 lendemain
3600 2000 115 30 matin.
3731 2000 44 28 Le
3790 1997 135 30 docteur
3940 1996 110 33 Gillot,
4074 1996 54 34 qui

3358 2039 43 28 l'a
3416 2036 143 37 soignée,
3578 2035 142 31 attribue
3735 2041 38 22 sa
3796 2034 85 28 mort
3896 2039 65 22 non
3986 2033 105 27 moins
4109 2030 20 30 à

3359 2074 33 28 la
3405 2073 135 35 frayeur
3554 2073 31 28 et
3601 2079 43 21 au
3672 2068 224 32 saisissement
3911 2067 122 37 qu'aux
4059 2067 54 28 brû-

3360 2109 98 30 lures.

3520 2158 119 35 MIMES,
3669 2158 17 26 7
3713 2156 129 30 février.
3925 2152 51 30 Un
4004 2152 129 28 nommé

3361 2194 115 35 Peyre,
3493 2194 233 35 entrepreneur
3741 2191 39 28 de
3794 2191 162 33 vidanges
3980 2189 20 28 à
4029 2187 103 37 Alais,

3361 2230 91 30 vient
3467 2230 98 28 d'être
3579 2226 181 31 condamné
3774 2226 19 30 à
3807 2225 56 30 six
3872 2224 84 31 mois
3970 2224 39 28 de
4019 2224 113 35 prison

3364 2272 81 30 pour
3462 2264 159 31 homicide
3637 2263 230 30 involontaire.

3399 2302 24 28 Il
3452 2302 96 35 s'agit
3578 2301 72 28 d'un
3677 2298 76 30 bien
3768 2297 94 30 triste
3879 2296 149 30 accident
4055 2295 79 30 dont

3363 2339 46 28 les
3437 2337 139 30 lecteurs
3606 2336 43 28 du
3677 2335 136 27 Gaulois
3837 2334 57 28 ont
3920 2339 39 22 eu
3987 2330 128 30 connais-

3364 2380 109 26 sance.

3398 2409 50 30 On
3464 2408 112 30 venait
3592 2408 38 28 de
3644 2406 92 30 vider
3761 2412 63 22 une
3853 2405 87 27 fosse
3970 2404 163 28 d'aisance

3364 2446 32 28 et
3409 2446 254 33 l'entrepreneur
3678 2441 91 30 avait
3793 2439 131 38 négligé
3950 2439 40 27 de
4005 2439 32 28 la
4062 2444 56 22 cou-

3364 2481 79 32 vrir.
4058 2510 8 6 .
4106 2510 6 7 ,

3399 2516 158 35 Trompée
3570 2522 59 30 par
3639 2512 197 35 l'obscurité,
3850 2511 113 30 Celina
3978 2511 158 34 Pic,agee

3365 2554 38 28 de
3418 2551 141 31 dix-huit
3574 2558 70 27 ans,
3657 2550 111 30 tomba
3795 2549 84 27 dans
3900 2546 86 30 cette
4002 2545 86 30 fosse
4104 2545 32 30 et

3365 2589 48 28 fut
3429 2587 243 38 probablement
3683 2582 182 39 asphyxiée
3879 2589 138 30 presque
4033 2581 87 28 aussi-

3364 2624 59 30 tôt.
3441 2623 80 35 Quoi
3537 2623 76 35 qu'il
3631 2629 39 21 en
3692 2621 76 32 soit,
3784 2621 48 27 les
3848 2619 150 30 ouvriers
4016 2616 105 30 arrivè-

3365 2661 73 28 rent
3471 2667 63 21 une
3567 2660 100 27 heure
3700 2656 97 35 après
3831 2655 33 27 et
3898 2653 172 30 scellèrent
4106 2653 32 28 la

3365 2696 116 35 pierre.
3500 2694 48 31 On
3565 2693 138 31 chercha
3717 2689 189 31 vainement
3918 2687 91 32 toute
4024 2688 33 30 la
4068 2688 71 30 nuit

3366 2731 204 31 l'infortunée
3600 2730 99 35 jeune
3712 2727 67 30 fille
3794 2727 33 28 et
3843 2732 35 22 ce
3894 2732 40 22 ne
3950 2725 50 28 fut
4013 2731 63 28 que
4107 2724 28 28 le

3366 2766 193 37 lendemain,
3589 2772 57 22 sur
3674 2765 47 27 les
3750 2764 168 27 instances
3933 2760 39 30 de
3992 2760 33 28 la
4039 2759 98 35 mère,

3367 2811 60 27 que
3438 2804 32 27 la
3484 2803 86 28 fosse
3585 2802 50 28 fut
3650 2798 151 32 rouverte
3816 2798 32 28 et
3865 2804 61 27 que
3941 2797 63 27 l'on
4019 2796 120 28 trouva

3366 2839 30 30 le
3411 2838 139 30 cadavre
3566 2837 38 30 de
3618 2837 85 28 cette
3718 2835 227 28 malheureuse
3961 2830 123 31 enfant.

3403 2901 104 8 ——-
3523 2888 219 33 Montlucon,
3757 2884 18 27 7
3798 2882 131 28 février.
3996 2880 72 30 Une
4083 2880 38 30 mi-

3369 2923 125 31 sérable
3509 2924 74 33 fille,
3600 2922 83 35 âgée
3698 2922 39 26 de
3752 2917 197 37 vingt-deux
3965 2922 59 22 ans
4052 2922 66 22 nom-

3367 2961 70 28 mée
3465 2959 171 30 Valentine
3665 2954 208 33 Jouannaud,
3894 2954 39 27 de
3964 2950 159 31 Saint-Sul-

3367 2994 296 38 pice-les-Champs,
3681 2993 48 27 est
3758 2988 183 31 accouchée
3970 2987 154 30 clandesti-

3369 3032 141 33 nement,
3526 3038 39 21 en
3580 3030 103 35 pleins
3698 3027 145 33 champs,
3859 3025 74 27 d'un
3959 3022 111 30 enfant
4098 3022 41 30 du

3369 3076 78 21 sexe
3462 3066 170 30 masculin,
3650 3063 115 35 qu'elle
3780 3069 20 22 a
3814 3059 132 35 étouffé,
3957 3059 73 35 puis
4042 3059 98 28 caché

3370 3111 77 21 sous
3462 3110 43 21 un
3522 3107 92 22 amas
3631 3100 39 30 de
3689 3098 136 34 pierres.

3404 3138 92 31 Cette
3511 3137 229 31 malheureuse
3755 3141 21 21 a
3795 3131 71 37 fait,
3885 3137 94 28 après
4004 3137 59 21 son
4094 3137 32 21 ar-

3370 3176 169 28 restation.
3553 3174 47 28 les
3617 3176 110 25 aveux
3741 3169 47 28 les
3803 3169 72 34 plus
3892 3167 168 34 complets;
4081 3165 61 30 elle

3370 3219 20 22 a
3403 3217 50 26 su,
3465 3209 150 37 jusqu'au
3632 3206 130 30 dernier
3785 3202 155 35 moment,
3957 3202 185 28 dissimuler

3370 3254 35 21 sa
3422 3252 177 30 grossesse,
3617 3242 103 30 même
3735 3247 67 21 aux
3826 3244 89 30 yeux
3944 3239 39 27 de
4009 3243 53 22 ses
4087 3243 35 28 pa-

3370 3282 100 34 rents,
3482 3281 78 30 chez
3595 3278 54 35 qui
3679 3276 61 30 elle
3765 3273 150 31 habitait.
3932 3274 48 27 La
3994 3272 94 28 veille
4104 3273 38 27 do

3370 3326 58 20 son
3457 3313 253 33 accouchement
3735 3312 33 28 et
3796 3312 39 27 de
3863 3317 59 22 son
3952 3307 110 37 crime,
4080 3307 60 30 elle

3370 3353 91 31 avait
3475 3352 100 30 dansé
3589 3350 93 30 toute
3696 3350 34 28 la
3749 3346 83 34 nuit,
3848 3346 87 28 riant
3964 3344 67 28 très
4062 3344 80 28 haut

3370 3391 32 27 et
3431 3389 120 30 faisant
3581 3386 19 30 à
3620 3386 125 28 chacun
3776 3384 56 27 des
3859 3381 116 35 jeunes
3990 3385 84 31 gens
4088 3385 54 28 qui

3370 3424 171 31 dansaient
3555 3429 80 24 avec
3651 3420 60 30 elle
3736 3418 57 30 des
3821 3416 222 37 propositions
4074 3416 52 27 obs-

3370 3461 93 28 cènes

3406 3496 92 30 Cette
3513 3496 66 28 tille
3593 3501 19 22 a
3627 3491 106 31 avoué
3749 3489 96 30 avoir
3873 3495 51 27 eu,
3940 3487 56 30 dès
4012 3487 30 28 le
4075 3494 53 28 pre-

3371 3533 80 28 mier
3465 3531 73 35 jour
3553 3530 38 30 de
3608 3536 37 21 sa
3659 3531 184 33 grossesse,
3859 3523 92 30 l'idée
3969 3522 126 30 arrêtée
4107 3522 38 28 de

3371 3575 34 21 se
3420 3561 209 35 débarrasser
3640 3566 43 27 du
3696 3561 80 32 fruit
3787 3561 40 28 de
3837 3566 51 22 ses
3905 3559 176 28 honteuses
4095 3565 33 21 or-

3371 3605 80 34 gies.
3468 3602 69 30 Elle
3547 3600 184 37 appartient
3742 3598 21 30 à
3776 3604 43 22 un
3833 3594 178 30 honorable
4023 3593 122 28 famille

3371 3639 51 35 qui
3439 3638 145 37 ignorait
3595 3632 250 39 complètement
3853 3631 45 28 les
3906 3630 236 35 dérèglements

3371 3677 38 27 de
3422 3674 84 30 cette
3521 3673 116 30 nature
3652 3671 155 28 vicieuse.

3527 3723 84 27 NICE
3620 3743 7 9 ,
3653 3722 17 26 7
3693 3717 130 31 février.
3927 3715 146 35 L'aspect
4107 3715 38 28 de

3372 3759 77 30 Nice
3465 3758 48 30 est
3529 3759 56 27 des
3600 3757 73 35 plus
3690 3754 133 30 animés.

3407 3796 60 27 Les
3482 3794 156 28 visiteurs
3654 3789 148 32 arrivent
3819 3795 40 21 en
3885 3788 85 27 ioule
3998 3791 83 31 pour
4096 3793 33 22 as-

3371 3831 97 28 sister
3484 3836 67 22 aux
3566 3828 81 30 fêtes
3659 3828 43 27 du
3718 3823 176 31 Carnaval.

3407 3866 47 30 De
3487 3865 182 28 nombreux
3703 3861 150 30 chevaux
3892 3857 78 30 sont
3998 3862 146 31 engages

3371 3908 81 30 pour
3468 3901 45 28 les
3528 3906 144 24 courses.

3531 3951 149 32 Nantua,
3711 3947 18 28 7
3758 3945 129 28 février.
3956 3941 12 28 S
3984 3941 161 30 Vendredi

3371 3987 137 35 dernier,
3526 3984 124 37 malgré
3670 3985 46 26 les
3733 3987 100 28 coups
3853 3979 39 28 de
3920 3978 98 28 sifflet
4048 3978 38 27 de
4114 3978 31 27 la

3373 4024 149 27 machine
3537 4022 33 28 et
3585 4022 46 28 les
3647 4019 63 28 cris
3730 4017 156 30 d'alarme
3911 4015 39 28 de
3979 4019 51 22 ses
4061 4019 64 22 com-

3371 4064 158 28 pagnons,
3546 4063 45 22 un
3605 4055 133 28 ouvrier
3754 4051 73 37 déjà
3839 4051 72 28 d'un
3927 4049 125 30 certain
4068 4055 73 28 âge,

3372 4095 119 33 occupé
3507 4094 20 28 à
3543 4091 126 31 relever
3683 4090 33 28 la
3730 4088 76 28 voie
3830 4087 43 28 du
3889 4084 126 31 chemin
4031 4084 39 30 de
4098 4085 46 27 ter

3371 4130 38 30 de
3425 4129 131 30 Nantua
3567 4128 19 28 à
3600 4124 201 37 Bellegrade.
3820 4128 20 24 a
3855 4122 51 28 été
3917 4127 155 24 renverse
4087 4127 58 27 par

3371 4173 44 21 un
3429 4166 86 28 train
3539 4165 38 28 de
3593 4162 129 30 ballast.

3407 4201 43 30 Ce
3465 4200 226 32 malheureux,
3720 4202 53 28 qui
3806 4193 111 30 aurait
3945 4199 51 27 eu,
4025 4191 115 28 dit-on.

3371 4237 182 30 l'intention
3568 4235 38 28 de
3622 4232 116 30 mettre
3754 4232 44 27 fin
3822 4230 20 28 à
3870 4228 51 28 sés
3934 4233 104 31 jours,
4057 4232 19 21 a
4093 4226 51 28 ete

3371 4271 185 35 transporté
3572 4270 20 30 à
3600 4266 146 38 l'hôpital
3767 4266 39 27 de
3820 4265 144 33 Nantua,
3983 4270 40 21 ou
4039 4267 41 24 on
4097 4261 46 30 lui

3372 4316 19 21 a
3405 4307 59 30 fait
3483 4304 224 38 l'amputation
3726 4304 56 26 des
3797 4302 87 28 deux
3911 4298 138 37 jambes.
4077 4298 66 27 Son

3371 4344 70 30 état
3456 4343 48 28 est
3520 4339 180 37 désespéré.
4061 4369 6 5 .

3407 4380 50 30 On
3474 4384 112 24 assure
3602 4383 61 28 que
3679 4372 200 31 l'ouverture
3894 4370 43 30 du
3964 4369 128 30 chemin
4107 4369 38 28 de

3372 4415 47 30 fer
3435 4415 38 28 de
3488 4414 142 34 Nantua,
3647 4410 53 35 qui
3711 4409 124 33 abrège
3850 4408 39 27 de
3902 4407 37 28 70
3954 4404 188 31 kilomètres

3372 4453 31 27 la
3418 4450 146 30 distance
3585 4448 38 28 de
3646 4446 94 31 Paris
3757 4446 19 27 à
3800 4442 139 34 Geneve,
3971 4448 81 21 aura
4081 4441 64 27 lieu

3373 4493 38 22 en
3428 4493 86 21 mars
3529 4482 168 38 prochain.

3406 4547 105 11 •—--
3527 4533 191 32 Grenoble,
3735 4531 18 26 7
3768 4528 131 30 février.
3966 4526 25 28 Il
4007 4525 91 28 vient
4107 4525 38 28 de

3373 4578 33 22 se
3423 4572 111 27 fonder
3549 4569 41 30 ici
3606 4574 64 22 une
3686 4560 191 34 institution
3893 4563 53 35 qui
3971 4569 19 22 a
4013 4560 69 35 pris
4111 4560 31 28 le

3372 4615 76 22 nom
3462 4607 38 28 de
3516 4604 122 31 Petites
3657 4604 111 28 Sœurs
3783 4602 38 28 de
3836 4598 156 31 l'ouvrier
4009 4598 39 27 de
4068 4597 57 28 Gre-

3373 4643 103 30 noble.

3409 4677 91 30 Voici
3515 4677 33 28 le
3563 4675 187 35 préambule
3774 4672 43 30 du
3840 4669 193 35 prospectus
4058 4675 53 27 qui
4127 4675 18 21 a

3372 4714 51 31 été
3438 4713 144 35 répandu
3598 4710 80 30 dans
3694 4709 85 30 cette
3795 4707 79 28 ville
3891 4714 6 20 :

3411 4761 11 13 «
3439 4746 282 33 L'établissement
3737 4742 117 31 ouvert
3874 4747 135 22 numéro
4024 4741 31 34 3,
4071 4746 73 34 quai

3373 4785 126 34 Gréqui,
3516 4789 59 30 par
3589 4782 47 28 les
3653 4780 124 30 Petites
3794 4778 111 31 Sœurs
3922 4776 38 28 de
3976 4775 165 35 l'ouvrier,

3374 4821 47 30 est
3441 4818 125 32 destiné
3581 4818 20 28 à
3615 4821 157 31 procurer
3787 4814 46 28 les
3849 4812 182 34 avantages
4052 4812 92 27 d'une

3374 4857 125 28 maison
3516 4856 38 28 de
3574 4852 122 30 famille
3726 4850 190 30 chrétienne
3941 4853 67 22 aux
4030 4846 115 35 jeunes

3373 4891 170 31 ouvrières
3561 4889 31 30 et
3612 4886 185 37 employées
3819 4885 39 28 de
3885 4887 183 24 commerce
4093 4881 52 34 qui

3374 4926 180 31 désireront
3569 4932 20 27 y
3606 4923 141 37 prendre
3770 4918 167 38 logement
3961 4917 32 28 et
4022 4917 106 28 nourri-

3373 4965 83 28 ture.
3804 4993 7 8 ,
3892 4989 19 12 „
3953 4989 8 7 ,
4018 4988 7 7 ,
4081 4988 6 5 .

3412 5011 9 14 »
3441 4998 47 30 La
3503 4997 126 30 maison
3641 4993 174 37 comprend
3827 5000 7 20 :
3853 4989 80 31 salle
3945 4989 39 28 de
3996 4995 148 30 réunion,

3374 5034 171 32 réfectoire
3560 5033 33 28 et
3608 5029 135 31 dortoir.

3411 5082 11 12 »
3441 5069 50 31 On
3507 5074 133 24 recevra
3657 5066 98 30 celles
3784 5062 54 37 qui
3865 5060 231 30 demanderont
4124 5067 20 22 a

3374 5106 67 31 être
3461 5105 111 35 logées
3586 5104 33 28 et
3635 5100 162 31 nourries.
3813 5109 9 13 »

3461 5154 48 31 On
3527 5160 19 22 a
3566 5152 110 31 arrêté
3690 5150 19 28 à
3726 5145 418 35 Saint-Pierre-de-Mesaye

3376 5198 41 24 un
3433 5191 105 28 soldat
3553 5196 43 21 au
3611 5189 48 28 98°
3673 5186 39 30 de
3728 5185 102 35 ligne,
3847 5181 130 30 nommé
3991 5180 149 37 Archicr,

3376 5225 116 32 accusé
3509 5224 124 31 d'avoir
3648 5218 213 38 empoisonné
3886 5224 38 24 sa
3947 5224 99 30 sœur,
4063 5217 81 35 âgée

3376 5264 38 28 de
3429 5263 71 33 cinq
3516 5259 93 30 mois.

3529 5309 81 35 Pau,
3621 5309 17 27 7
3653 5306 130 30 février.
3850 5303 41 30 M.
3911 5302 103 30 Emile
4029 5302 113 34 Garct,

3374 5347 130 35 avocat,
3521 5343 175 31 conseiller
3723 5340 143 38 général,
3885 5344 78 30 pose
3978 5344 38 22 sa
4036 5337 91 30 candi-

3376 5385 115 28 dature
3507 5378 220 38 républicaine
3755 5383 39 22 en
3822 5373 252 37 remplacement
4104 5373 40 27 de

3377 5421 31 28 M
3436 5417 122 31 Marcel
3582 5413 131 33 Bartlie,
3730 5413 52 27 élu
3811 5407 169 38 sénateur;
4009 5408 25 28 il
4063 5414 81 22 aura

3374 5461 83 28 pour
3472 5450 193 32 concurrent
3681 5448 41 30 M.
3741 5446 135 31 Charles
3899 5445 177 34 Fourcade,
4093 5445 35 27 bo-

3376 5490 190 34 napartiste,
3582 5485 103 31 maire
3699 5485 128 33 d'Auga
3841 5483 32 28 et
3888 5480 172 30 conseiller
4088 5479 37 37 gé-

3374 5525 100 31 néral.
3806 5554 6 9 ,
3973 5525 4 38 ,

3410 5562 51 30 On
3476 5568 39 21 ne
3531 5558 64 30 sait
3611 5563 116 22 encore
3742 5554 72 35 quel
3829 5552 154 30 candidat
4012 5558 34 22 se
4074 5557 52 30 pré-

3377 5597 128 30 sentera
3519 5601 83 28 pour
3614 5591 190 34 remplacer,
3820 5589 81 28 dans
3922 5587 206 30 l'arrondisse-

3376 5633 87 30 ment
3483 5630 164 34 d'Oloron,
3664 5628 44 28 M.
3735 5624 100 30 Louis
3866 5623 135 35 Lacazc,
4018 5623 54 28 élu
4098 5628 31 24 sé-

3376 5668 124 31 nateur.

3410 5728 105 12 _—-
3530 5715 159 32 Mamers,
3704 5713 18 26 7
3736 5709 130 30 février.
3952 5707 41 30 M.
4011 5706 129 37 Galpin,

3374 5752 152 32 candidat
3541 5747 234 32 conservateur
3789 5752 69 22 aux
3873 5744 156 30 élections
4048 5741 80 37 légis-

3374 5789 118 31 latives
3517 5787 38 28 de
3593 5779 301 34 l'arrondissement
3921 5780 39 28 de
3990 5779 152 35 Mamers,

3373 5824 91 31 vient
3478 5824 38 28 de
3531 5830 34 20 se
3582 5819 137 31 désister
3735 5824 39 22 en
3791 5817 116 28 faveur
3921 5816 38 28 de
3984 5815 45 28 M.
4045 5815 80 28 d'Ail-

3374 5861 106 34 lières,
3500 5857 54 38 qui
3585 5856 85 30 reste
3698 5859 60 30 par
3787 5859 35 22 ce
3847 5851 59 30 fait
3931 5850 70 30 seul
4016 5856 40 22 en
4071 5856 52 30 pré-

3374 5902 94 25 sence
3485 5896 39 27 de
3540 5898 52 24 ses
3607 5889 224 33 concurrents.

3940 5926 25 18 a.
3984 5923 65 20 LINS

4217 469 352 70 Nouvelles
4617 471 309 70 Diverses

4325 630 44 24 LA
4384 624 231 31 TÉLÉGRAPHIE
4638 631 22 24 A
4683 630 131 25 CHEVAL

4221 673 63 30 Sur
4303 673 33 28 la
4355 674 157 28 demande
4534 674 39 27 de
4599 674 44 28 M.
4664 674 157 35 Cochery,
4839 674 31 28 le
4898 674 38 30 mi-

4185 709 104 31 nistre
4303 709 39 30 de
4356 710 33 30 la
4408 716 119 30 guerre
4546 710 92 31 vient
4661 711 41 28 de
4716 709 162 38 prescrire
4893 717 61 30 que

4185 744 56 30 des
4264 745 110 34 leçons
4397 745 211 35 d'équitation
4638 748 111 27 seront
4773 746 182 28 désormais

4185 780 141 31 données
4342 780 20 31 à
4376 782 76 28 tous
4470 781 48 30 les
4540 781 139 31 officiers
4703 782 39 30 de
4763 782 34 30 là
4811 781 124 37 télégra-

4182 816 76 35 phie
4272 817 152 28 militaire
4440 817 32 28 et
4489 817 21 28 à
4534 819 74 28 tous
4632 819 46 28 les
4717 819 163 34 employés
4916 819 39 27 de

4185 852 200 37 télégraphie
4400 853 211 33 susceptibles
4638 854 109 37 d'être,
4763 860 41 24 en
4825 860 57 22 cas
4916 853 39 30 de

4183 894 191 30 campagne,
4391 888 129 35 appelés
4534 888 20 30 à
4573 889 132 35 remplir
4724 891 47 27 les
4787 888 168 30 fonctions

4183 924 39 28 de
4246 924 73 30 chef
4338 925 39 30 de
4393 925 92 34 poste
4499 925 81 30 dans
4594 925 47 30 les
4658 925 142 32 sections
4814 924 124 38 télégra-

4186 959 135 43 phiques
4336 960 180 30 militaires,

4182 994 136 33 litaires,

4219 1031 60 30 Ces
4293 1032 110 35 leçons
4423 1035 111 27 seront
4559 1035 142 27 données
4729 1035 83 28 dans
4840 1033 112 30 toutes

4182 1067 47 30 les
4245 1067 94 31 villes
4357 1067 41 31 où
4414 1069 74 28 sont
4507 1069 171 30 casernées
4704 1069 57 30 des
4781 1070 136 35 troupes
4933 1068 21 31 à

4182 1103 125 35 cheval,
4332 1104 172 37 cavalerie,
4527 1104 159 30 artillerie
4715 1107 33 28 et
4775 1106 89 30 train
4896 1106 59 28 des

4183 1139 188 38 équipages.

4219 1175 25 28 Il
4274 1176 59 34 est,
4351 1182 40 21 en
4416 1175 85 35 effet,
4531 1176 206 30 absolument
4769 1176 185 30 nécessaire

4185 1217 60 28 que
4265 1211 46 28 les
4328 1212 119 35 agents
4468 1211 39 30 de
4528 1212 288 31 l'administration
4838 1213 56 28 des
4909 1212 31 30 té-

4183 1245 175 38 légraphes
4374 1247 131 35 appelés
4521 1247 20 28 à
4566 1248 133 35 remplir
4723 1250 47 27 les
4791 1247 164 28 fonctions

4183 1281 38 28 de
4237 1283 76 27 chef
4324 1283 40 28 de
4391 1283 93 34 poste
4517 1283 248 38 télégraphique
4788 1283 165 35 militaire,

4182 1317 106 31 soient
4310 1317 207 31 familiarisés
4547 1326 78 22 avec
4654 1320 33 28 la
4706 1326 190 22 manœuvre
4911 1318 44 31 du

4182 1354 124 28 cheval.

4219 1389 47 28 La
4280 1389 106 31 bonne
4401 1389 172 31 exécution
4587 1391 35 30 et
4638 1391 32 30 la
4676 1390 142 37 rapidité
4828 1391 44 30 du
4887 1397 50 24 ser-

4182 1424 72 30 vice
4270 1431 39 22 ne
4322 1426 142 35 peuvent
4479 1426 74 35 qu'y
4567 1433 139 28 gagner.

4345 1532 189 25 TENTATIVE
4553 1528 235 28 D'ASSASSINAT

4220 1573 87 28 Dans
4337 1574 33 28 la
4395 1574 105 28 soirée
4527 1576 227 35 d'avant-hier,
4776 1581 77 22 vers
4872 1566 83 39 'huit

4183 1609 132 32 heures,
4350 1616 44 24 un
4428 1611 132 30 ouvrier
4593 1611 176 30 terrassier
4805 1612 43 28 du
4881 1618 77 22 nom

4183 1644 38 30 de
4256 1645 96 33 Doré,
4383 1646 61 35 âgé
4474 1648 39 27 de
4541 1646 163 37 vingt-six
4730 1654 72 30 ans,
4828 1648 106 28 demeu-

4183 1680 76 31 rant
4273 1687 58 22 rue
4346 1682 56 28 des
4427 1683 191 35 Rondeaux,
4635 1683 92 35 reçut
4755 1682 33 30 la
4801 1682 100 31 visite
4918 1683 39 30 de

4185 1722 59 24 son
4272 1717 190 35 beau-frère,
4480 1726 43 20 un
4554 1719 87 28 sieur
4670 1720 142 33 Buteux,
4825 1719 63 35 âgé
4916 1720 41 27 de

4183 1752 226 35 vingt-quatre
4423 1760 70 22 ans.
4512 1760 80 22 avec
4606 1754 116 41 lequel,
4740 1754 115 35 depuis
4872 1754 70 35 quel-

4185 1794 61 28 que
4278 1789 111 35 temps,
4404 1789 22 28 il
4456 1789 91 28 avait
4578 1789 38 27 de
4631 1789 168 35 fréquents
4814 1789 142 30 démêlés

4185 1830 43 22 au
4244 1824 85 37 sujet
4344 1826 39 27 de
4396 1824 167 35 questions
4580 1824 161 31 d'intérêt.

4221 1859 61 30 Les
4299 1860 87 28 deux
4403 1860 223 30 beaux-frères
4643 1867 41 21 ne
4703 1861 169 30 tardèrent
4900 1869 58 28 pas

4185 1896 21 28 à
4228 1902 37 21 se
4293 1896 156 37 disputer,
4475 1897 32 28 et
4533 1896 141 38 Buteux,
4697 1903 60 28 que
4787 1897 33 30 la
4853 1897 105 30 colère

4187 1931 177 35 aveuglait,
4382 1938 34 22 se
4427 1931 69 37 jeta
4512 1938 56 22 sur
4581 1932 89 28 Doré
4684 1935 33 27 et
4746 1933 30 27 le
4786 1954 9 17 {
4805 1932 116 35 frappa
4937 1933 20 30 à

4186 1967 32 30 la
4233 1967 66 30 tête
4315 1968 39 28 de
4368 1967 87 30 deux
4472 1967 141 30 violents
4630 1974 100 30 coups
4747 1968 39 30 de
4806 1969 152 31 couteau.

4222 2002 65 31 Son
4311 2003 99 30 crime
4440 2003 168 35 accompli,
4625 2004 167 28 l'assassin
4821 2010 37 22 se
4880 2004 81 30 hâta

4187 2039 38 28 de
4241 2039 136 34 prendre
4393 2039 32 30 la
4440 2039 89 30 fuite.

4222 2073 145 38 Quoique
4383 2074 126 30 étourdi
4524 2080 60 31 par
4598 2075 28 28 le
4638 2082 93 30 coup,
4744 2076 85 28 Doré
4839 2076 123 30 trouva

4188 2109 32 28 la
4233 2111 89 28 force
4336 2111 39 28 de
4391 2117 33 22 se
4440 2111 125 28 traîner
4576 2111 119 37 jusque
4719 2111 81 30 dans
4828 2111 33 30 la
4878 2118 58 24 rue
4948 2120 11 28 ;

4188 2145 54 30 des
4259 2146 151 35 passants
4433 2146 266 35 s'empressèrent
4727 2147 120 28 autour
4861 2147 38 28 de
4915 2147 48 30 lui

4188 2181 33 28 et
4238 2181 30 28 le
4281 2181 263 35 transportèrent
4560 2183 80 28 dans
4667 2189 64 22 une
4760 2183 201 35 pharmacie,

4188 2216 41 30 où
4247 2224 43 22 un
4306 2217 145 30 médecin
4475 2217 112 37 appelé
4603 2224 39 24 en
4658 2218 91 30 toute
4763 2218 78 30 hâte
4860 2219 84 34 prati-

4188 2259 65 27 qua
4290 2261 44 21 un
4368 2254 139 34 premier
4539 2254 201 34 pansement.
4772 2254 64 30 Sur
4869 2254 94 30 l'avis

4188 2289 43 28 du
4260 2289 170 35 praticien,
4460 2289 43 28 M.
4520 2289 122 37 Tardif,
4669 2289 224 31 commissaire
4923 2290 39 28 de

4189 2324 113 37 police,
4319 2331 20 21 a
4354 2324 60 28 fait
4428 2326 204 34 transporter
4648 2326 31 28 le
4694 2326 106 28 blessé
4814 2326 21 30 à
4851 2326 94 34 l'hôpi-

4188 2360 48 31 tal
4253 2360 227 31 Lariboisière.
4499 2360 64 31 Son
4580 2360 67 31 état
4663 2367 20 24 a
4707 2360 51 31 été
4783 2360 80 38 jugé
4893 2361 69 30 très

4189 2404 113 28 grave.

4228 2432 109 35 Quant
4367 2432 20 28 à
4408 2431 178 38 l'assassin,
4604 2432 54 30 des
4689 2433 116 35 agents
4833 2433 131 37 apostés

4194 2476 66 21 aux
4290 2469 117 28 abords
4436 2469 40 27 de
4506 2474 63 21 son
4597 2469 151 28 domicile
4763 2470 79 28 l'ont
4857 2469 107 30 arrêté

4192 2504 81 30 dans
4289 2504 33 28 la
4345 2503 117 37 soirée,
4481 2510 41 22 au
4552 2504 143 31 moment
4710 2503 44 31 où
4781 2504 22 31 il
4825 2504 141 31 montait

4192 2541 76 28 chez
4283 2539 56 28 lui.

4227 2575 103 37 Après
4345 2581 43 24 un
4403 2575 255 37 interrogatoire
4682 2575 189 38 sommaire,
4887 2575 21 31 il
4939 2583 22 24 a

4192 2611 52 28 été
4259 2610 155 37 consigné
4429 2617 41 22 au
4489 2613 93 34 poste
4602 2611 20 28 à
4645 2613 32 28 la
4706 2611 194 35 disposition
4916 2613 43 30 du

4194 2646 221 31 commissaire
4430 2647 39 28 de
4483 2647 105 34 police
4604 2648 39 28 de
4654 2647 119 31 sûreté.

4442 2752 45 25 UN
4517 2752 200 25 SAUVETAGE

4228 2796 96 32 Deux
4339 2796 155 35 gardiens
4511 2797 39 27 de
4566 2797 32 27 la
4611 2797 90 35 paix,
4709 2803 39 22 en
4763 2797 200 34 traversant,

4194 2831 32 30 la
4239 2831 72 30 nuit
4328 2831 158 37 dernière,
4501 2831 21 30 à
4537 2831 86 31 doux
4637 2831 118 31 heures
4786 2831 94 38 vingt
4910 2832 38 30 mi-

4194 2867 106 37 nutes,
4317 2868 30 27 le
4359 2868 83 34 pont
4456 2868 39 28 de
4514 2868 115 34 Bercy,
4659 2868 204 30 entendirent
4892 2868 72 30 tout

4194 2902 20 30 à
4230 2909 81 28 coup
4328 2903 56 28 des
4400 2902 64 30 cris
4473 2911 6 20 :
4500 2914 9 14 «
4524 2903 50 30 Au
4590 2910 132 22 secours
4734 2903 6 28 !
4755 2915 11 13 »
4782 2906 184 33 provenant

4194 2939 43 28 du
4253 2939 113 28 fleuve.
4385 2939 138 30 Sautant
4539 2939 80 28 dans
4635 2946 65 22 une
4724 2940 133 34 barque,
4874 2939 40 28 ils
4931 2946 34 21 se

4194 2974 182 41 dirigèrent
4390 2981 76 22 vers
4481 2974 150 30 l'endroit
4648 2974 41 30 où
4704 2974 47 30 les
4773 2974 64 30 cris
4866 2975 85 30 conti-

4195 3011 136 31 nuaient
4346 3011 20 28 à
4383 3017 33 22 se
4431 3009 81 30 faire
4528 3011 167 28 entendre.

4231 3045 28 28 A
4273 3052 64 22 une
4352 3046 57 28 des
4423 3045 84 33 piles
4522 3045 41 30 du
4589 3046 87 35 pont,
4694 3046 196 35 cramponné
4905 3046 46 30 for-

4194 3081 124 30 tement
4332 3080 19 31 à
4368 3087 44 24 un
4428 3087 138 30 anneau,
4581 3081 41 30 ils
4637 3081 193 30 trouvèrent
4858 3089 44 22 un
4918 3081 31 30 in-

4196 3117 109 28 dividu
4322 3117 92 34 qu'ils
4430 3117 263 35 s'empressèrent
4716 3117 130 30 d'abord
4861 3117 39 31 de
4918 3124 33 22 re-

4196 3152 126 30 cueillir
4337 3154 80 28 dans
4434 3154 70 28 leur
4512 3154 122 35 barque
4650 3154 33 30 et
4696 3152 126 31 ensuite
4839 3154 39 28 de
4892 3161 56 21 con-

4196 3188 92 28 duire
4305 3195 40 21 au
4359 3189 102 34 poste.

4233 3223 84 30 C'est
4331 3231 44 21 un
4389 3223 129 30 nommé
4537 3223 163 38 Lecostre,
4716 3223 63 38 âgé
4794 3224 38 30 de
4859 3224 89 35 vingt-

4196 3260 72 28 liuit
4285 3267 69 27 ans,
4370 3260 54 35 qui
4441 3267 33 21 se
4500 3260 145 30 trouvait
4661 3261 81 28 dans
4756 3267 45 21 un
4824 3260 74 31 .état
4913 3261 41 28 d'i-

4196 3301 112 24 vresse
4337 3294 190 37 manifeste;
4564 3295 90 30 aussi
4691 3295 133 30 n'a-t-on
4865 3295 102 37 guère

4198 3330 110 37 ajouté
4324 3331 43 28 foi
4383 3332 20 27 à
4417 3338 51 21 ses
4481 3330 219 31 déclarations
4713 3332 32 28 et
4755 3332 125 28 l'a-t-on
4896 3339 56 21 con-

4198 3366 94 35 signé
4306 3366 67 31 àla
4389 3366 193 35 disposition
4597 3367 43 28 du
4672 3367 224 30 commissaire
4926 3369 39 28 de

4196 3402 104 35 police
4317 3403 40 27 du
4374 3403 152 34 quartier.

4234 3437 58 30 Cet
4311 3438 128 28 homme
4455 3437 165 33 déclarait,
4637 3445 39 22 en
4694 3438 85 37 effet,
4795 3438 77 35 qu'il
4898 3445 53 30 pas-

4200 3474 64 28 sait
4279 3481 54 21 sur
4350 3475 28 27 le
4393 3475 90 34 pont,
4500 3474 144 34 lorsqu'il
4670 3475 91 28 avait
4775 3474 51 28 été
4856 3475 78 27 saisi
4945 3475 21 28 à

4199 3508 213 37 l'improviste
4427 3516 59 28 par
4513 3516 45 22 un
4572 3509 146 30 individu
4735 3509 53 37 qui
4804 3510 46 30 lui
4879 3510 90 30 avait

4200 3543 59 31 fait
4273 3544 81 30 faire
4370 3544 31 30 la
4416 3546 130 28 culbute
4560 3546 188 35 par-dessus
4763 3547 31 27 le
4821 3547 146 34 parapet.

4378 3654 180 30 REPASSEZ,
4578 3654 214 33 MESDAMES..,

4237 3698 70 30 Une
4335 3698 99 35 petite
4465 3698 126 30 émeute
4618 3698 77 31 s'est
4722 3698 148 35 produite
4898 3699 71 30 hier

4200 3735 103 28 matin
4319 3735 79 28 dans
4414 3735 31 28 le
4460 3733 145 35 quartier
4619 3735 57 28 des
4700 3735 122 34 Halles,
4838 3736 131 34 lorsque

4199 3769 47 30 les
4261 3769 152 37 gardiens
4430 3769 38 30 de
4483 3770 32 28 la
4539 3769 87 37 paix,
4652 3769 165 30 obéissant
4838 3777 67 22 aux
4920 3777 32 22 or-

4200 3806 72 28 dres
4300 3806 240 35 préfectoraux,
4557 3807 57 27 ont
4637 3806 103 28 invité
4755 3806 19 28 à
4794 3813 34 21 se
4845 3806 103 35 disper-

4201 3847 54 21 ser
4284 3841 47 28 les
4345 3841 260 28 blanchisseuses
4631 3847 77 24 sans
4739 3847 146 31 ouvrage
4913 3841 56 37 qui

4200 3875 211 38 stationnent,
4428 3876 89 30 selon
4532 3876 33 30 la
4579 3876 163 35 coutume,
4750 3882 57 24 sur
4826 3883 45 21 un
4887 3878 65 28 trot
4957 3879 8 18 :

4200 3912 65 28 toir
4280 3919 158 28 convenu,
4455 3919 81 28 pour
4547 3913 149 28 attendre
4711 3913 47 27 les
4774 3913 146 34 patrons.

4235 3947 47 30 La
4292 3948 143 35 besogne
4450 3950 56 27 des
4526 3947 117 37 agents
4657 3947 52 30 n'a
4724 3953 58 30 pas
4794 3946 52 31 été
4860 3947 106 37 facile;

4199 3981 41 31 ils
4257 3984 57 28 ont
4329 3991 40 21 eu
4384 3984 64 28 fort
4463 3984 19 28 à
4498 3983 81 28 faire
4592 3990 84 28 pour
4700 3983 136 30 rétablir
4860 3984 33 27 la
4907 3984 46 28 cir-

4200 4018 144 31 culation
4361 4019 31 28 et
4407 4018 40 30 ils
4462 4026 34 21 se
4513 4019 72 28 sont
4599 4018 133 30 trouvés
4749 4019 80 28 dans
4859 4018 33 30 la
4916 4019 35 30 né-

4200 4055 118 30 cessité
4333 4056 193 27 d'emmener
4540 4062 43 21 au
4598 4055 92 35 poste
4716 4056 39 27 de
4783 4054 105 35 police
4904 4062 64 21 une

4200 4090 39 28 de
4258 4097 53 22 ces
4326 4090 110 30 dames
4461 4090 53 35 qui
4546 4090 50 30 les
4619 4089 149 38 injuriait
4796 4095 80 24 avec
4904 4096 65 24 une

4199 4126 73 35 trop
4289 4127 124 34 grande
4428 4126 122 28 facilité
4566 4126 203 28 d'élocution.

4235 4161 161 35 Quelques
4423 4161 143 30 instants
4585 4161 72 35 plus
4677 4161 83 35 tard,
4785 4161 30 28 le
4828 4161 59 28 flot
4912 4162 56 28 des

4200 4196 260 30 blanchisseuses
4476 4198 203 28 envahissait
4694 4196 47 30 les
4761 4198 149 28 bureaux
4925 4198 43 28 du

4200 4232 239 30 commissariat
4467 4233 31 28 et
4521 4232 178 35 réclamait,
4716 4232 80 28 dans
4826 4232 54 28 des
4905 4233 47 28 ter-

4200 4274 69 22 mes
4297 4269 65 28 fort
4394 4276 61 28 peu
4481 4269 279 35 parlementaires,
4776 4269 32 28 la
4832 4269 80 28 mise
4928 4276 40 21 en

4200 4304 115 30 liberté
4331 4304 38 28 de
4388 4304 71 30 leur
4474 4304 181 28 camarade.

4237 4339 45 28 Le
4297 4339 222 30 commissaire
4533 4341 39 28 de
4586 4339 104 35 police
4702 4346 20 22 a
4733 4339 59 30 fait
4801 4339 163 37 expulser,

4200 4382 65 21 non
4280 4382 77 22 sans
4371 4376 104 34 peine,
4498 4376 48 28 les
4572 4375 203 35 émeutières,
4793 4376 46 28 les
4870 4382 80 28 enga-

4200 4411 100 34 geant
4316 4410 19 30 à
4350 4417 149 30 repasser
4513 4410 72 33 plus
4606 4411 74 28 tard
4696 4411 32 30 et
4752 4417 20 22 a
4787 4410 105 37 dirigé
4911 4417 58 24 sur

4200 4447 30 27 le
4246 4447 113 33 Dépôt,
4376 4447 124 35 malgré
4517 4453 51 21 ses
4592 4447 109 35 pleurs
4716 4446 32 28 et
4768 4453 52 22 ses
4837 4447 131 34 regrets

4200 4482 126 34 tardifs,
4352 4483 32 28 la
4411 4481 243 30 blanchisseuse
4683 4481 148 37 détenue,
4846 4480 65 31 afin
4928 4482 40 28 de

4200 4518 46 28 lui
4266 4518 178 34 apprendre
4474 4517 20 30 à
4517 4519 163 33 respecter
4693 4518 47 28 les
4755 4518 116 35 agents
4887 4518 80 28 dans

4200 4553 170 28 l'exercice
4385 4553 37 28 de
4442 4554 86 27 leurs
4545 4552 171 30 fonctions.

4398 4649 60 24 LES
4485 4649 149 24 SUICIDES
4658 4643 115 30 D'HIER

4237 4693 45 28 Le
4296 4691 171 37 concierge
4492 4693 41 28 du
4563 4691 133 30 numéro
4724 4694 34 27 21
4788 4694 38 27 de
4850 4693 33 28 la
4909 4700 60 21 rue

4202 4727 230 30 Poissonnière
4447 4728 181 34 prévenait,
4639 4728 70 28 hier
4724 4728 112 35 matin,
4844 4728 31 30 le
4885 4735 64 24 com-

4201 4763 152 28 missaire
4368 4763 39 28 de
4421 4763 104 34 police
4550 4763 39 28 de
4615 4769 59 24 son
4690 4763 155 35 quartier,
4871 4765 97 34 qu'un

4202 4799 54 30 des
4271 4799 180 28 locataires
4465 4799 39 28 de
4518 4799 32 28 la
4571 4799 138 35 maison,
4733 4799 30 28 le
4789 4799 87 30 sieur
4893 4799 73 34 H...,

4201 4834 90 30 avait
4305 4834 132 37 disparu
4453 4833 112 37 depuis
4584 4834 71 28 huit
4677 4834 92 37 jours
4785 4835 136 30 environ
4936 4838 33 27 et

4201 4871 116 34 qu'une
4337 4871 99 28 odeur
4452 4870 242 34 insupportable
4714 4870 200 37 s'échappait
4929 4871 39 30 de

4201 4912 37 22 sa
4253 4906 159 28 chambre.

4237 4942 45 28 Le
4294 4942 175 35 magistrat
4483 4942 34 27 fit
4527 4942 112 28 ouvrir
4654 4942 33 28 la
4697 4942 92 34 porte
4804 4943 32 28 et
4846 4943 118 28 trouva

4201 4977 28 28 le
4246 4977 138 30 cadavre
4400 4977 41 28 du
4456 4976 213 30 malheureux
4683 4977 80 30 dans
4780 4983 44 24 un
4838 4978 45 28 tel
4897 4977 70 31 état

4200 5014 39 27 de
4258 5011 266 37 décomposition,
4540 5013 77 34 qu'il
4646 5013 92 28 fallut
4762 5014 137 34 prendre
4928 5015 39 27 de

4201 5049 139 35 grandes
4370 5047 208 37 précautions
4612 5047 236 37 préliminaires
4886 5055 80 30 pour

4200 5086 109 27 entrer
4324 5083 80 30 dans
4420 5083 32 28 la
4460 5083 151 28 chambre
4626 5083 74 35 qu'il
4717 5085 158 34 occupait.

4235 5119 87 30 Dans
4338 5126 65 22 une
4417 5119 106 35 lettre,
4541 5119 165 31 recueillie
4734 5126 59 30 par
4824 5119 28 30 le
4883 5127 64 24 com-

4202 5156 150 28 missaire
4380 5156 39 28 de
4437 5154 113 37 police,
4570 5156 63 28 H...
4649 5161 146 24 annonce
4824 5157 74 34 qu'il
4932 5164 34 21 se

4201 5191 120 28 suicide
4337 5196 59 30 par
4411 5191 30 28 le
4456 5191 184 35 laudanum,
4658 5197 40 22 ne
4726 5192 146 34 pouvant
4896 5199 53 28 sup-

4199 5228 110 33 porter
4324 5232 52 22 ses
4391 5225 155 37 chagrins
4561 5226 229 35 domestiques.
4814 5228 43 28 Le
4891 5229 57 28 mal-

4199 5258 149 33 heureux
4362 5262 80 28 était
4457 5261 123 37 séparé,
4597 5262 112 35 depuis
4724 5262 56 30 dix
4795 5269 69 30 ans,
4881 5264 38 28 de
4930 5271 37 22 sa

4200 5297 125 30 femme,
4337 5297 52 35 qui
4401 5297 273 35 est.assure-t-on,
4684 5297 84 31 l'une
4778 5298 38 30 de
4826 5306 58 22 nos
4896 5301 72 34 plus

4199 5329 168 33 brillantes
4385 5333 296 31 demi-mondaines.

4289 5381 80 28 Vers
4383 5380 79 30 neuf
4472 5381 117 30 heures
4603 5382 33 28 et
4649 5381 104 30 demie
4768 5382 43 30 du
4826 5382 76 32 soir,
4920 5391 43 22 un

4200 5418 96 28 autre
4310 5417 123 28 suicide
4448 5422 20 22 a
4482 5417 60 28 mis
4558 5424 40 21 en
4613 5418 84 28 émoi
4726 5419 47 27 les
4798 5419 167 30 habitants

4200 5453 43 30 du
4258 5452 162 35 faubourg
4435 5452 241 30 Poissonnière.

4235 5487 52 30 Un
4315 5487 98 35 jeune
4427 5487 130 30 homme
4585 5489 39 28 de
4648 5489 181 37 vingt-cinq
4858 5497 59 22 ans
4948 5491 19 28 à

4199 5523 105 37 peine,
4335 5523 109 32 monté
4472 5523 155 35 quelques
4654 5524 144 31 instants
4831 5531 117 31 aupara-

4198 5559 81 28 vant
4296 5559 80 28 dans
4391 5559 30 28 le
4436 5559 99 28 fiacre
4550 5559 93 35 2,026,
4664 5567 35 21 se
4713 5561 93 28 tirait
4819 5568 45 22 un
4879 5569 81 30 coup

4199 5595 39 28 de
4252 5595 150 28 revolver
4416 5595 81 28 dans
4512 5595 34 28 la
4559 5595 117 37 région
4691 5595 41 30 du
4749 5602 100 24 cœur.
4864 5595 4 37 ■

4235 5630 44 30 Le
4293 5630 117 30 cocher
4439 5630 31 28 le
4496 5630 190 35 transporta
4714 5631 142 30 aussitôt
4883 5634 81 28 dans

4200 5673 63 22 une
4276 5666 189 35 pharmacie
4479 5666 137 37 voisine,
4633 5666 41 30 où
4689 5666 24 28 il
4727 5668 92 34 reçut
4833 5668 48 30 les
4896 5675 53 30 pre-

4198 5701 98 30 miers
4312 5701 100 35 soins,
4428 5701 43 35 et,
4501 5701 38 30 de
4554 5700 41 37 là,
4613 5701 21 30 à
4656 5701 145 37 l'hôpital
4822 5704 126 31 Lariboi-

4198 5738 97 40 sière,
4311 5737 44 28 où
4370 5737 22 28 il
4408 5744 20 21 a
4443 5737 51 31 été
4522 5737 104 30 admis
4641 5738 184 38 d'urgence,
4856 5746 43 24 vu
4928 5740 32 30 la

4199 5772 129 37 gravité
4339 5772 38 30 de
4393 5779 59 22 son
4468 5772 79 30 état.

4234 5809 50 30 On
4299 5816 20 21 a
4332 5807 117 30 trouvé
4465 5809 80 28 dans
4560 5809 47 28 les
4623 5809 119 35 poches
4759 5810 38 28 de
4811 5817 53 22 ses
4880 5811 70 31 vête-

4199 5844 104 30 ments
4313 5843 81 31 trois
4406 5843 117 30 traites
4537 5844 224 35 représentant
4772 5852 63 22 une
4844 5854 123 24 somme

4199 5881 38 28 do
4264 5881 84 34 5,600
4375 5880 120 32 francs,
4522 5880 56 28 966
4605 5881 110 28 francs
4735 5888 39 22 en
4791 5882 106 30 billets
4925 5883 41 30 de

4198 5915 126 35 banque
4341 5915 32 28 et
4387 5921 40 22 en
4442 5921 48 30 or,
4506 5915 84 30 ainsi
4604 5922 64 30 que
4695 5916 56 30 des
4766 5917 130 37 papiers
4922 5926 44 22 au

4198 5959 77 22 nom
4284 5950 38 30 de
4338 5952 41 28 M.
4396 5950 90 30 Jules
4501 5952 74 34 R...,
4592 5957 59 22 rue
4667 5952 39 31 de
4720 5953 111 32 Rome,
4847 5954 45 30 15.

4233 5987 63 28 Les
4329 5993 116 22 causes
4476 5986 39 30 de
4545 5993 38 22 ce
4610 5986 123 32 suicide
4759 5989 73 30 sont
4847 5996 119 24 encore

4198 6022 163 35 ignorées.

4283 6080 104 32 Enfin,
4402 6080 21 30 à
4439 6080 31 30 la
4480 6079 103 31 même
4597 6080 112 32 heure,
4722 6089 43 22 un
4776 6083 99 37 jeune
4891 6091 57 28 gar-

4199 6123 60 30 çon
4270 6117 39 28 de
4328 6117 115 35 quinze
4456 6123 70 30 ans,
4543 6117 129 28 nommé
4687 6117 111 37 G...,5e
4811 6118 94 31 tirait
4922 6126 44 24 un

4199 6158 80 30 coup
4296 6152 39 30 de
4348 6152 152 28 revolver
4514 6158 41 22 en
4583 6152 106 35 pleine
4716 6154 152 37 poitrine,
4885 6155 21 28 à
4933 6156 33 28 la

4199 6188 84 30 suite
4310 6188 94 27 d'une
4436 6187 185 30 discussion
4648 6195 44 22 un
4714 6195 64 28 peu
4791 6189 76 30 vive
4889 6191 76 35 qu'il

4198 6222 116 30 venait
4337 6222 123 30 d'avoir
4487 6229 83 22 avec
4583 6230 52 27 ,sa
4663 6223 96 33 mère,
4776 6226 189 32 demeurant

4198 6266 59 21 rue
4271 6259 152 28 Lalande.

4234 6294 45 30 Le
4305 6293 223 31 commissaire
4557 6294 39 28 de
4622 6295 104 34 police
4752 6296 40 28 du
4808 6299 156 34 quartier,

4198 6330 44 28 M.
4257 6331 124 34 Bitard,
4397 6330 93 35 après
4505 6330 96 28 avoir
4610 6332 116 28 ouvert
4741 6338 63 24 une
4826 6333 139 35 enquête

4198 6372 58 24 sur
4269 6366 47 30 les
4331 6365 76 30 faits
4423 6365 54 35 qui
4494 6365 57 28 ont
4571 6365 123 31 motivé
4714 6373 37 24 ce
4779 6369 133 35 suicide,
4943 6378 22 20 a

4199 6400 145 30 consenti
4358 6400 21 30 à
4393 6402 118 28 laisser
4528 6400 30 30 le
4567 6400 99 35 jeune
4680 6403 105 31 blessé
4798 6410 65 25 aux
4874 6404 90 32 soins

4198 6438 39 30 de
4252 6443 52 22 ses
4319 6436 143 35 parents.

4413 6544 191 28 CHRONIQUE
4622 6548 47 21 DU
4688 6547 65 26 FEU

4235 6588 78 28 Plus
4329 6587 32 30 la
4375 6594 111 30 presse
4501 6588 129 37 signale
4648 6589 47 30 les
4720 6591 139 31 fâcheux
4884 6595 66 28 acci-

4199 6624 93 30 dents
4305 6622 244 37 qu'occasionne
4560 6625 33 28 la
4603 6626 146 28 moindre
4759 6627 207 35 imprudence

4200 6660 54 28 des
4271 6665 176 28 personnes
4463 6660 52 34 qui
4531 6666 37 22 se
4587 6661 130 30 servent
4730 6663 39 28 de
4785 6663 123 35 pétrole
4922 6672 44 22 ou

4201 6696 162 28 d'essence
4378 6693 164 39 minérale,
4558 6696 72 33 plus
4641 6697 48 28 les
4703 6698 165 31 accidents
4885 6706 60 24 sem-

4201 6731 89 28 blent
4304 6737 35 21 se
4354 6730 184 35 multiplier.
4556 6731 87 30 Pour
4652 6738 60 28 peu
4728 6739 61 30 que
4804 6735 71 30 cela
4892 6742 57 22 con-

4201 6765 99 37 tinue,
4318 6771 41 22 on
4375 6771 73 24 sera
4473 6765 118 38 obligé,
4622 6774 124 24 comme
4773 6776 81 28 pour
4877 6771 30 27 le
4920 6771 31 30 vi-

4200 6802 87 34 triol,
4312 6801 183 30 d'entourer
4522 6802 32 28 la
4581 6803 97 30 vente
4707 6804 43 28 du
4775 6806 125 34 pétrole
4926 6808 39 28 de

4202 6836 204 37 précautions
4427 6836 167 37 spéciales.

4237 6873 90 35 Hier,
4354 6880 44 21 un
4427 6873 156 35 accident,
4612 6875 64 34 qui,
4704 6875 70 30 très
4802 6878 145 33 probable-

4202 6908 97 30 ment.
4316 6914 43 22 va
4372 6908 112 30 coûter
4499 6908 32 30 la
4545 6909 52 30 vie
4625 6918 20 21 a
4672 6911 32 30 la
4731 6912 143 35 victime,
4891 6913 76 30 s'est

4202 6943 126 37 produit
4344 6951 74 22 vers
4447 6944 81 30 trois
4541 6945 118 30 heures
4683 6947 39 27 de
4749 6947 216 37 l'après-midi.

4238 6979 70 30 Une
4319 6979 98 37 jeune
4440 6979 104 31 bonne
4571 6981 39 28 de
4633 6980 56 31 dix
4704 6981 69 31 huit
4789 6986 69 33 afls,
4887 6984 76 31 Mlle

1955 154 67 38 LE
2050 150 242 41 GAULOIS.
2398 149 275 40 MERCREDI
2702 143 28 41 8
2767 137 237 45 FÉVRIER
3047 139 102 43 1882

4883 136 28 40 8

2543 3243 123 26 WEïM
2683 3239 141 27 CHOCOLATS,
2837 3237 122 28 LIOUEURS,
2970 3236 34 24 de
3015 3234 107 32 qualité
3133 3233 176 32 supérieurs.

2549 3269 18 33 I
2577 3259 92 43 MITO
2685 3270 32 25 C*
2724 3266 364 31 FRANCO-CHINOISE,
3094 3266 39 30 12,
3142 3272 24 18 r.
3172 3263 137 26 Cambou.

2543 3352 128 32 POUR,
2682 3348 200 28 BLANCHIR,
2894 3347 165 26 SATINER
3073 3345 69 26 LES
3159 3344 151 31 CHAIRS,

2545 3386 21 20 r
2587 3383 169 26 EFFACER,
2776 3380 47 26 LA
2848 3380 97 27 RIDE,
2959 3378 70 25 telle
3043 3378 44 22 est
3100 3376 28 25 la
3145 3381 117 19 mission
3278 3374 32 25 do

2544 3415 28 25 la
2593 3412 194 27 GEORGINE
2811 3407 276 30 CHAMPBARON.
3112 3406 197 32 Application!!

2544 3448 28 24 et
2587 3446 90 25 vente,
2692 3445 40 26 10,
2748 3450 48 18 rue
2812 3442 119 25 Laffitta.

3353 699 32 58 A
3415 699 18 20 ï
3448 698 124 33 AfTljlß)
3595 694 39 30 14,
3650 702 107 18 avenue
3770 692 196 32 Mac-Malion,
3983 694 27 25 et
4024 693 40 30 21,
4080 700 51 19 rue

3415 719 162 38 LWUMÏ.
3595 726 84 32 Brey,
3693 726 65 32 près
3774 726 43 24 les
3834 725 253 32 Champs-Elysées
4103 726 27 25 et

3353 759 70 26 l'arc
3436 759 35 25 de
3485 758 152 32 Triomphe
3647 764 6 17 :
3667 758 93 24 beaux
3775 757 221 32 appartements,
4012 757 74 24 deux
4102 759 28 22 et

3353 790 70 26 trois
3431 790 148 28 chambres
3588 790 17 24 à
3611 788 131 30 coucher,
3750 788 111 30 balcon,
3869 794 63 24 eau,
3940 794 61 25 gaz,
4011 787 118 26 escalier

3353 822 33 25 de
3402 821 116 26 service.
3579 820 70 26 Prix
3660 827 7 17 :
3683 819 34 25 de
3731 821 15 22 1
3859 820 18 24 à
3895 819 104 32 2,000
4019 819 104 25 francs.

3352 904 54 61 1E
3423 902 56 26 LIS
3494 902 71 25 n'est
3579 909 52 26 pas
3647 901 63 32 plus
3725 901 96 30 blanc,
3842 900 30 25 la
3893 907 65 18 rose
3981 900 71 25 n'est
4075 908 54 25 pas

3399 935 65 32 plus
3477 933 109 26 fraîche
3600 941 54 24 que
3670 933 161 32 l'épiderme
3846 934 30 22 et
3888 931 27 26 le
3930 931 71 25 toint
4012 932 34 24 de
4056 932 72 26 celle

3353 966 46 33 qui
3418 965 159 33 saupoudre
3596 972 51 17 son
3670 964 98 31 visage
3788 970 70 22 av,oc
3881 963 30 25 la
3934 963 123 25 FLEUK
4078 964 50 25 DE

3354 997 129 35 PÈCÎIL,
3493 1002 107 32 poudre
3608 1000 33 26 de
3650 1000 50 26 riz.
3706 1000 78 25 Parf.
3793 998 148 33 Exotique,
3950 998 124 32 r.4-7bre,
4082 999 41 26 35.

3765 1084 9 27 3
3816 1082 27 20 A
3869 1082 22 19 U
3904 1081 26 21 A
3956 1081 136 21 COCA

3765 1107 9 18 S
3782 1108 25 17 Le
3816 1107 52 22 plus
3876 1106 96 19 efficace
3979 1107 31 17 des
4018 1106 106 22 toniques

3765 1128 9 28 |
3819 1129 81 18 Prescrit
3908 1131 38 18 par
3953 1128 28 20 les
3993 1129 92 18 Médecins

3765 1150 9 18 9
3790 1153 27 20 41,
3823 1150 52 19 Koul*
3875 1147 4 26 1
3886 1150 124 21 Hau&bmaun,
4015 1147 93 22 etl'huna
4109 1147 1 26 I
4110 1150 14 12 **

3374 6050 138 28 Recettes
3533 6046 35 27 de
3587 6045 33 27 la
3640 6037 143 34 SOCIÉTÉ
3803 6034 92 33 GÉN'e
3915 6039 41 27 DE
3978 6035 165 30 LAITERIE

3374 6098 50 28 Du
3439 6097 18 28 S
3472 6094 81 31 avril
3569 6099 41 22 au
3624 6092 35 30 31
3674 6089 200 32 décembre..
3914 6085 177 32 10.167.619
4108 6086 35 26 14

3374 6133 50 30 Du
3439 6133 40 27 I°'
3491 6130 131 38 janvier
3637 6135 43 22 au
3693 6125 178 30 4février..
3930 6122 161 30 -1.08f0.414
4113 6122 31 27 /O

3521 6182 96 31 Total
3632 6187 41 24 au
3689 6181 18 28 4
3719 6177 170 31 février...
3912 6174 178 31 11.434.033
4107 6174 37 30 84

3374 6315 63 60 LA
3449 6314 193 67 BANQUE
3654 6309 92 60 DES
3759 6308 159 59 FONDS
3933 6304 208 64 PUBLICS

3439 6389 46 26 ET
3503 6387 70 25 DES
3589 6384 176 26 VALEURS
3782 6379 294 27 INDUSTRIELLES

3374 6424 129 30 Société
3517 6429 155 26 anonyme
3687 6429 41 19 au
3743 6419 120 32 capital
3875 6419 39 25 de
3924 6415 158 33 3,000,000
4096 6415 43 26 fr.

3405 6464 80 24 SIÈGE
3498 6468 99 18 SOCIAL
3609 6464 6 19 I
3626 6465 15 19 A
3653 6464 93 21 PARIS,
3756 6455 39 31 16,
3804 6462 57 18 RUE
3872 6461 38 18 DU
3920 6452 191 25 4-SEPTEMBRB

3376 6503 32 22 Se
3419 6502 97 26 eharje
3524 6497 184 30 spécialement
3719 6496 46 22 des
3776 6495 94 21 ordres
3882 6491 32 24 de
3925 6491 94 24 bourse
4031 6490 17 24 à
4059 6491 83 21 terme

3752 6543 53 21 »—

3746 6587 43 22 Les
3797 6581 183 27 CAPSULES
3993 6576 148 31 DARTOIS

3781 6617 11 22 à
3802 6615 21 24 la
3831 6614 135 26 Créosote
3974 6613 34 25 de
4023 6613 89 24 Hêtre

3752 6646 228 25 sontd'imeefficacité
3989 6641 156 32 remarquable

3752 6685 78 17 contre
3835 6678 33 21 les
3875 6676 151 25 Affections
4038 6673 92 26 chroni-

3754 6716 69 25 ques
3834 6707 32 25 de
3878 6707 27 25 la
3913 6705 162 27 Poitrine.—
4083 6704 63 22 Elles

3757 6746 41 18 ont
3811 6738 72 25 rendu
3895 6738 21 24 la
3926 6737 63 24 sauté
3998 6738 12 21 à
4024 6744 33 15 un
4071 6735 73 31 grand

3756 6771 98 25 nombre
3865 6771 27 21 de
3904 6768 98 24 malades
4016 6765 130 25 considérés

3752 6809 90 17 comme
3848 6801 81 31 perdus
3935 6800 64 30 après
4003 6798 65 22 avoir
4072 6797 60 22 inuti-

3749 6834 87 22 lement
3846 6833 38 24 lait
3891 6839 70 24 usage
3965 6829 39 24 des
4009 6828 135 27 Goudrons,

3381 6869 67 24 Pâtes
3465 6875 20 17 et
3502 6869 79 30 Sirops
3592 6868 33 22 les
3641 6867 51 31 plus
3704 6865 139 27 renommés,
3861 6862 170 33 qui'fatiguent
4046 6865 98 19 souvent

3383 6900 128 24 l'estomac.
3513 6913 31 2 —
3563 6899 38 22 On
3617 6902 53 26 peut
3685 6904 22 17 se
3719 6901 106 26 procurer
3837 6894 40 24 des
3896 6891 128 33 Capsùles
4037 6889 107 25 Dartois

3381 6932 58 22 dans
3445 6932 32 21 les
3485 6930 135 33 principales
3625 6927 152 26 Pharmacies,
3783 6934 28 14 en
3820 6930 70 26 ayant
3896 6925 51 25 soin
3954 6922 102 31 d'exiger
4059 6921 22 22 le
4088 6927 57 17 nom

3384 6963 119 26 DARTOIS,
3509 6967 28 17 en
3546 6969 28 15 en
3576 6965 85 19 vovan*
3669 6959 57 24 3f.à.
3729 6958 22 24 la
3756 6956 141 27 Pharmacie,
3905 6956 52 25 105,
3964 6960 40 17 nie
4009 6953 136 26 deßennes,

3383 6993 72 25 Paris.
3470 6993 40 24 On
3526 6993 71 26 reçoit
3615 6998 32 15 un
3661 6991 83 24 Flacon
3759 6993 76 19 iranco
3847 6993 38 26 par
3899 6992 78 18 retour
3990 6984 31 24 du
4036 6983 107 25 courrier»

4194 267 144 72 FrîSHSE
4346 270 13 27 I
4369 268 221 30 BFFE»»JUKOREITT
4603 269 58 17 ET*
4674 272 150 18 HÔPITAUX
4832 272 71 24 itpjst
4909 273 46 20 un*

4267 283 211 43 MSHaifilîJ
4557 292 47 20 <ie»
4613 293 110 25 vo»a«g.
4733 292 161 26 -luérlson
4907 300 47 20 aos

4267 312 91 28 IVinl
4370 312 208 30 IftJsaDartres,
4587 318 117 26 Eczéma,
4714 319 198 27 Tolyae,chute
4922 324 33 22 <l*

4192 344 763 33 Ohavauxpséißabiiie.—HtlLàtï.—rrt/t««BMtti<rearr»teoad*f
