5302 7363
1131 305 94 69 La
1258 305 226 69 Soirée
1512 300 387 71 Parisienne

305 305 182 34 Jourdeuil,
503 313 40 24 au
560 307 126 30 service
707 307 39 28 de
767 307 86 28 Mme
867 306 77 37 X...,
959 313 58 22 rue
1031 307 43 30 du

306 341 243 38 Val-de-Grâce,
563 343 111 31 venait
689 343 167 30 d'allumer
869 343 45 30 du
927 335 53 37 feu
992 340 80 32 dans

306 378 34 28 la
356 378 152 30 chambre
523 379 39 30 de
580 385 37 22 sa
635 378 182 37 maîtresse,
834 379 141 35 lorsque,
992 384 83 31 pour

307 413 128 31 activer
451 415 33 30 la
514 415 138 35 flamme,
683 415 64 35 qui,
768 413 19 30 à
811 419 59 24 son
900 413 67 37 gré,
985 422 40 22 ne
1041 420 35 22 se

307 450 158 31 montrait
484 457 59 30 pas
562 457 91 22 assez
669 451 77 34 vite,
762 449 61 30 elle
847 450 131 30 commit
999 450 63 30 l'im-

307 485 165 37 prudence
485 488 38 28 de
546 493 115 24 verser
679 487 40 28 du
733 484 126 37 pétrole
874 493 56 24 sur
945 487 30 30 le
993 485 84 31 bois.

347 522 45 27 Le
405 522 56 30 feu
481 529 34 21 se
535 521 229 35 communiqua
793 521 141 30 aussitôt
961 529 43 21 au
1031 522 32 28 bi-

309 557 66 30 don
392 565 61 30 que
467 557 234 35 l'imprudente,
718 556 151 35 effrayée,
887 557 190 35 s'empressa

312 594 39 27 de
366 593 119 30 lâcher.
503 593 46 28 Le
562 593 119 35 liquide
705 593 169 30 enflammé
902 600 34 21 se
965 594 94 35 répan-

312 628 51 31 dit
377 630 80 28 dans
471 628 34 30 la
521 628 152 31 chambre
702 630 30 28 et
761 627 156 39 atteignit
931 628 48 30 les
993 628 69 30 vête-

313 665 105 28 ments
432 665 40 27 de
483 665 33 30 la
527 665 98 37 jeune
639 665 74 34 fille,
720 665 67 34 qui,
800 671 39 22 en
848 671 45 22 un
902 664 65 30 clin
984 664 94 37 d'œil,

311 706 37 22 se
360 699 50 31 vit
425 699 154 32 entourée
594 700 40 28 de
646 700 157 30 flammes.

347 735 79 31 Mlle
444 736 176 35 Jourdeuil,
637 735 125 35 affolée,
777 742 35 21 se
827 736 158 35 précipita
999 736 81 28 dans

308 771 163 31 l'escalier
496 777 40 24 en
561 770 105 31 criant
683 780 6 20 :
718 783 11 13 «
744 772 52 27 Au
811 777 131 24 secours
956 772 6 27 !
981 783 11 13 »
1016 771 65 31 Des

312 808 125 28 voisins
451 808 217 28 accoururent
684 807 30 28 et
736 808 202 34 parvinrent,
953 807 21 28 à
989 808 92 28 l'aide

313 842 39 30 de
366 843 223 35 couvertures,
607 842 20 30 à
641 842 144 30 éteindre
801 843 47 28 les
862 842 150 30 flammes
1026 842 54 35 qui

312 880 224 28 consumaient
552 878 46 30 les
614 878 181 30 vêtements
816 879 39 28 de
883 879 33 28 la
940 879 122 30 malheu-

308 919 107 25 reuse.

348 950 129 35 Malgré
491 951 32 28 la
537 950 220 35 promptitude
777 957 80 22 avec
882 950 138 35 laquelle
1036 951 46 28 les

312 992 136 24 secours
463 985 46 31 lui
523 986 58 30 ont
594 985 51 30 été
667 985 123 37 portés,
808 986 76 30 Mlle
913 985 170 31 Jourdeuil

312 1028 20 22 a
360 1020 52 30 été
439 1020 247 37 profondément
713 1020 111 30 brûlée
853 1029 58 21 sur
947 1023 72 28 tout
1052 1023 31 27 le

312 1063 110 31 corps;
438 1063 40 24 on
495 1057 41 28 l'a
549 1057 208 35 transportée
771 1057 278 31 immédiatement
1063 1057 20 31 à

311 1093 146 37 l'hôpital
472 1093 133 31 Gochin.

384 1219 41 22 LE
443 1218 94 25 MORT
555 1219 44 22 DE
617 1212 138 30 L'ÉCOLE
768 1218 243 24 SAINTE-BARBE

346 1274 90 31 Dans
449 1276 32 28 la
496 1274 142 31 matinée
654 1274 111 34 d'hier,
787 1274 47 30 les
863 1273 161 37 ouvriers,
1041 1280 39 22 en

308 1311 150 30 arrivant
472 1311 83 30 dans
569 1318 45 21 un
628 1311 161 28 bâtiment
803 1317 40 21 en
855 1310 224 30 construction

307 1345 21 30 à
343 1346 181 30 l'intérieur
552 1346 38 30 de
620 1345 111 30 l'école
761 1345 246 37 Sainte-Barbe,
1038 1345 40 30 du

308 1382 73 28 côté
394 1383 39 27 de
456 1383 33 27 la
516 1389 59 22 rue
602 1382 155 35 Vallette,
788 1381 194 30 trouvèrent
1012 1388 66 22 aux

307 1417 84 30 trois
419 1417 113 37 quarts
550 1416 181 38 carbonisé,
757 1417 31 30 le
816 1423 96 30 corps
934 1417 43 30 du
1005 1422 56 31 gar-

306 1453 76 28 dien
397 1454 39 28 de
450 1454 81 28 nuit.

341 1488 45 30 Ce
399 1489 219 30 malheureux
643 1487 83 31 était
754 1487 122 31 couché
900 1487 73 37 près
1002 1488 76 30 d'un

305 1524 54 28 feu
374 1525 54 34 qui
444 1525 107 35 paraît
567 1524 94 28 avoir
676 1524 52 28 été
743 1524 152 30 alimenté
911 1531 59 28 par
985 1524 40 28 de
1044 1525 33 27 la

305 1559 98 37 paille
418 1561 32 28 et
464 1560 57 28 des
549 1559 107 31 débris
686 1560 39 28 de
746 1559 83 30 bois.
861 1559 96 31 Selon
985 1560 92 30 toute

304 1596 207 35 probabilité,
526 1596 24 30 il
565 1603 20 21 a
599 1594 43 30 dû
666 1594 70 30 être
759 1596 72 28 tout
861 1596 131 28 d'abord
1022 1602 33 22 as-

302 1631 124 35 phyxié
441 1637 61 30 par
516 1631 33 30 la
562 1631 109 30 fumée
686 1631 100 31 avant
802 1637 60 30 que
892 1631 30 30 le
948 1631 54 30 feu
1018 1637 38 31 ga-

304 1665 83 35 gnât
399 1674 54 24 ses
463 1668 193 30 vêtements.

489 1800 46 24 UN
550 1800 158 25 FACHEUX
723 1799 164 24 ACCIDENT

337 1858 90 28 Dans
443 1859 32 28 la
489 1858 142 30 matinée
645 1858 111 37 d'hier,
763 1864 73 22 vers
853 1857 74 28 huit
941 1857 130 35 heures,

301 1900 41 22 on
358 1893 71 30 vint
443 1893 151 41 prévenir
617 1893 50 30 les
691 1892 311 38 sapeurs-pompiers
1030 1893 41 28 du

299 1930 94 34 poste
407 1931 39 27 de
475 1931 33 27 la
522 1930 118 28 Mairie
653 1930 41 28 du
711 1929 181 37 quatrième
907 1929 146 28 arrondis-

300 1967 135 34 sement,
451 1965 97 34 qu'un
578 1965 52 30 feu
659 1964 38 30 de
725 1964 167 31 cheminée
907 1970 92 22 assez
1015 1964 38 28 im-

296 2002 135 33 portant
444 2001 109 31 s'était
581 2000 126 31 déclaré
742 2002 80 28 dans
836 2008 65 21 une
920 2001 56 28 des
992 2007 77 22 rues

296 2035 233 32 avoisinantes.

332 2072 162 35 Quelques
526 2072 143 30 instants
703 2072 94 35 après
815 2094 7 13 ,
853 2072 47 28 les
934 2078 136 30 sapeurs

296 2113 35 22 se
353 2107 183 37 rendaient,
553 2114 41 22 au
618 2113 60 30 pas
703 2107 144 30 accéléré
862 2107 56 35 qui
933 2107 72 28 leur
1020 2108 50 28 est

294 2144 158 35 habituel,
469 2150 73 22 vers
570 2143 149 30 l'endroit
739 2143 53 41 qui
821 2144 72 28 leur
907 2143 92 30 avait
1018 2143 51 30 été

294 2179 148 37 désigné,
449 2179 143 37 lorsque,
599 2185 59 22 rue
673 2179 39 28 de
722 2178 118 37 Rivoli,
847 2185 45 22 un
907 2179 159 35 omnibus,

294 2215 135 30 conduit
457 2215 282 30 maladroitement
769 2220 59 30 par
852 2220 59 24 son
940 2215 126 35 cocher,

292 2250 119 30 heurta
425 2250 211 28 violemment
652 2250 33 28 la
699 2257 126 28 pompe.

330 2285 66 30 Par
423 2285 87 30 suite
537 2287 44 28 du
609 2285 91 35 choc,
725 2293 44 22 un
803 2285 56 28 des
892 2285 174 37 pompiers,

292 2321 129 30 nommé
436 2321 184 37 Mauginot,
639 2322 50 28 fut
716 2321 152 30 renversé
885 2322 32 27 et
932 2328 64 21 une
1011 2322 56 28 des

292 2363 98 22 roues
415 2357 39 28 de
483 2356 171 31 l'omnibus
678 2356 47 31 lui
741 2362 99 31 passa
855 2363 58 24 sur
927 2356 46 30 les
986 2356 60 37 jam-

291 2393 69 28 bes.

327 2428 45 28 Le
385 2434 125 34 pauvre
526 2434 129 31 sapeur,
672 2428 92 35 après
790 2428 94 30 avoir
913 2434 77 30 reçu
1018 2427 47 30 les

291 2471 156 28 premiers
477 2464 90 30 soins
595 2465 84 28 dans
692 2466 33 27 la
738 2465 188 35 pharmacie
940 2465 44 27 du
999 2464 50 28 voi-

291 2499 128 37 sinage,
435 2506 20 21 a
470 2499 51 30 été
542 2499 188 37 transporté
754 2499 21 30 à
802 2499 154 35 l'hospice
985 2499 65 30 mili-

289 2535 84 28 taire
384 2536 43 28 du
431 2535 243 38 Val-de-Grâce,
686 2536 41 28 où
738 2543 59 21 son
809 2536 67 30 état
893 2543 20 21 a
927 2535 50 30 été
985 2535 79 37 jugé

288 2577 93 24 assez
398 2576 112 32 grave.

742 2626 135 21 GUSTAVE
892 2626 74 21 CANE

1205 463 56 33 LE
1286 463 85 33 CAS
1406 462 67 32 DE
1500 463 51 30 M.
1579 459 254 33 TAILLEFER

1173 527 210 37 Avant-hier,'
1403 524 46 31 M.
1479 523 152 32 Taillefer
1665 523 187 40 s'apprêtait
1885 524 19 31 à

1134 568 156 39 célébrer,
1307 575 71 21 sans
1395 574 120 32 pompe
1532 565 168 40 exagérée,
1710 566 32 28 la
1749 565 136 40 cinquan-

1134 608 98 31 tième
1247 606 256 40 représentation
1520 606 90 30 AUn
1630 605 96 38 Lycée
1742 605 37 30 de
1785 605 119 40 jeunes

1124 647 96 43 filles
1225 672 8 14 ,
1248 646 170 32 l'amusant
1431 645 185 32 vaudeville
1639 646 40 28 de
1703 645 46 32 M.
1774 640 126 45 Bisson,

1135 689 131 40 lorsque
1283 698 50 20 ses
1344 686 164 31 modestes
1520 685 124 40 projets
1657 694 34 20 se
1707 685 198 39 changèrent

1135 733 72 26 tout
1220 731 19 27 à
1252 737 81 31 coup
1351 737 39 20 en
1406 726 94 40 plans
1514 725 202 40 grandioses.
1729 725 46 31 M.
1789 725 99 32 Taille-

1135 770 59 38 fer,
1211 770 131 28 homme
1359 765 168 46 jusque-là
1554 765 177 31 accessible
1748 775 63 21 aux
1832 767 56 30 sim-

1136 809 71 40 ples
1226 808 145 39 mortels,
1390 808 112 30 affecta
1526 806 137 31 soudain
1682 816 64 19 une
1768 816 136 31 morgue

1139 859 63 32 que
1214 848 46 31 lui
1272 850 54 28 eût
1342 848 113 30 enviée
1470 847 31 30 le
1518 847 135 30 cadavre
1662 846 41 30 de
1711 846 81 31 Mlle
1801 847 104 30 Marie

1139 891 100 30 Laure
1253 889 78 30 dans
1344 887 266 39 Cassc-Museau,
1620 891 33 25 et
1661 886 113 30 intima
1786 885 119 32 l'ordre

1139 933 18 27 à
1175 939 60 20 son
1264 928 182 38 secrétaire,
1462 927 45 31 M.
1526 927 74 31 Flor
1629 926 158 40 O'Squar,
1804 926 40 31 de
1864 938 40 20 ne

1136 971 76 40 plus
1225 970 125 30 donner
1364 979 44 19 un
1423 966 71 32 seul
1509 966 93 32 billet
1617 966 40 31 de
1671 967 124 31 faveur.

1176 1010 149 37 «Quand
1331 1010 33 39 je
1376 1018 81 21 vous
1467 1007 31 30 le
1507 1006 106 39 disais,
1625 1006 137 39 répétait
1770 1006 118 31 fiévreu-

1137 1055 129 26 sement
1279 1050 32 30 le
1324 1050 98 39 jeune
1436 1049 161 30 directeur
1617 1049 18 28 à
1649 1051 74 26 tous
1740 1057 52 19 ses
1817 1049 74 28 artis-

1137 1096 61 33 tes,
1217 1101 63 30 que
1292 1089 203 40 j'amènerais
1512 1089 17 30 à
1558 1097 77 20 mon
1655 1088 125 30 théâtre
1804 1088 31 30 le
1850 1097 38 31 pu-

1139 1131 65 31 blic
1218 1130 32 31 le
1264 1130 74 40 plus
1354 1129 129 40 élégant
1498 1129 39 30 de
1552 1128 87 31 Paris
1652 1129 7 30 !
1677 1128 59 28 Les
1744 1128 161 31 étudiants

1139 1174 162 37 occupent
1315 1170 83 40 déjà,
1428 1179 78 21 avec
1520 1168 86 30 leurs
1622 1168 119 39 petites
1755 1168 148 39 femmes,

1137 1221 70 20 mes
1217 1212 220 30 avant-scènes
1453 1208 209 40 capitonnées
1677 1218 7 28 ;
1709 1218 43 20 on
1766 1207 50 31 n'a
1830 1208 73 39 plus

1137 1253 18 28 à
1168 1254 162 27 constater
1349 1252 18 28 à
1381 1259 69 21 mes
1461 1248 138 40 galeries
1612 1248 204 38 supérieures
1827 1248 63 31 d'in-

1136 1292 177 39 digestions
1344 1291 39 30 de
1413 1289 143 31 cervelas
1576 1291 18 27 à
1606 1287 77 39 l'ail,
1700 1292 43 34 et,
1760 1289 139 41 puisque

1134 1332 34 39 je
1182 1331 65 31 suis
1272 1331 125 31 installé
1424 1329 180 32 boulevard
1625 1328 274 39 Saint-Germain,

1135 1371 24 31 il
1174 1370 53 41 n'y
1243 1382 18 20 a
1269 1371 73 40 plus
1357 1370 40 31 de
1406 1370 126 31 bonnes
1541 1369 125 31 raisons
1682 1377 85 31 pour
1781 1378 63 31 que
1853 1369 48 31 les

1134 1413 162 30 habitants
1312 1411 44 30 du
1370 1409 100 32 noble
1485 1410 161 38 faubourg
1665 1419 41 20 ne
1723 1408 180 32 délaissent

1133 1461 58 31 pas
1206 1450 136 41 l'Opéra
1354 1448 213 41 pourCluny.

1178 1504 11 17 »
1206 1492 35 34 Je
1256 1500 81 21 vous
1352 1492 32 28 le
1401 1491 61 38 dis,
1480 1500 39 20 en
1532 1489 103 31 vérité
1648 1498 9 30 ;
1674 1500 40 20 en
1740 1487 113 41 vérité,
1869 1489 33 40 je

1131 1541 83 21 vous
1227 1532 32 30 le
1267 1532 61 38 dis,
1345 1530 50 31 les
1408 1534 105 35 temps
1537 1533 76 26 sont
1638 1530 139 40 proches
1801 1532 43 27 où
1870 1531 32 30 le

1131 1572 125 31 théâtre
1272 1572 109 39 Cluny
1395 1579 74 22 aura
1482 1579 51 20 ses
1550 1571 144 30 abonnés
1710 1573 32 26 et
1757 1579 50 20 ses
1824 1579 60 20 mar-

1133 1612 48 31 dis
1196 1622 128 20 comme
1346 1611 31 31 la
1403 1610 339 39 Comédie-Française
1755 1619 8 28 ;
1794 1613 32 27 et
1853 1610 48 31 les

1131 1651 174 39 ministres,
1342 1656 96 26 avant
1470 1661 80 28 peu,
1587 1650 203 31 honoreront
1825 1661 77 21 mon

1131 1693 124 31 théâtre
1272 1693 40 30 de
1325 1691 72 31 leur
1411 1691 168 39 présence.
1599 1702 12 15 #

1170 1731 94 31 Ainsi
1279 1731 116 41 parlait
1410 1730 81 31 celui
1509 1731 56 39 qui
1579 1729 129 41 préside
1723 1740 63 21 aux
1801 1729 84 32 desti-

1129 1774 79 28 nées
1225 1773 41 30 du
1280 1772 143 39 premier
1436 1770 337 39 Théâtre-Français...
1788 1781 39 19 en
1843 1781 40 20 ve-

1129 1817 78 26 nant
1220 1813 40 30 de
1272 1811 267 32 l'Observatoire.

1169 1852 83 32 Mais
1266 1852 77 40 quel
1357 1852 98 30 motif
1466 1852 133 39 pouvait
1613 1851 46 31 lui
1676 1852 125 30 donner
1815 1856 84 27 cette

1130 1903 170 21 assurance
1318 1896 32 26 et
1365 1902 37 20 ce
1416 1896 57 27 ton
1483 1892 217 39 prophétique
1711 1893 17 30 ?

1168 1932 43 31 La
1225 1932 137 39 journée
1377 1931 141 31 s'écoula
1532 1942 72 20 sans
1619 1942 64 30 que
1709 1931 86 31 Mme
1825 1932 58 31 Lui-

1127 1972 243 40 gini-Taillefer,
1385 1972 46 30 M.
1448 1971 116 31 Bisson
1592 1976 33 26 et
1651 1971 47 31 les
1730 1971 169 43 employés

1127 2014 44 28 du
1200 2014 125 30 théâtre
1352 2016 137 35 pussent
1514 2011 89 31 avoir
1630 2011 31 31 le
1690 2016 69 26 mot
1787 2013 40 30 de
1843 2013 45 31 l'é-

1127 2054 122 39 nigme.

1166 2094 85 28 Tout
1274 2104 37 19 ce
1342 2102 61 31 que
1434 2092 65 30 l'on
1527 2093 111 37 savait,
1654 2095 77 27 c'est
1760 2102 69 31 que
1852 2094 45 30 M.

1128 2133 74 31 Flor
1217 2133 148 39 O'Squar
1383 2133 85 30 avait
1498 2141 86 31 reçu,
1603 2133 78 30 dans
1707 2133 30 28 la
1749 2132 149 40 journée,

1126 2184 64 20 une
1204 2174 141 30 certaine
1364 2172 159 31 demande
1553 2173 39 30 de
1620 2172 109 40 places
1757 2183 83 28 pour
1870 2173 30 31 la

1124 2213 260 40 représentation
1401 2213 43 30 du
1460 2212 74 38 soir,
1554 2217 32 26 et
1603 2211 78 41 qu'il
1708 2211 104 32 s'était
1827 2216 54 37 pré-

1124 2254 100 39 cipité
1254 2254 79 30 dans
1363 2252 32 31 le
1423 2252 129 31 cabinet
1579 2252 183 31 directorial
1787 2263 38 20 en
1843 2252 43 31 s'é-

1124 2295 103 28 criant
1243 2302 8 20 :

1219 2334 87 35 Quel
1323 2335 159 35 honneur,
1501 2342 77 21 mon
1606 2334 77 28 cher
1713 2333 162 31 directeur
1887 2343 7 20 :

1123 2383 45 20 un
1183 2374 113 31 ancien
1310 2374 145 30 ministre
1473 2374 53 39 qui
1539 2374 158 31 demande
1710 2383 41 20 un
1762 2374 135 31 fauteuil

1123 2413 200 32 d'orchestre
1338 2424 84 30 pour
1437 2424 38 20 ce
1491 2413 65 31 soir
1567 2415 6 30 !

1162 2453 152 32 Taillefer
1326 2453 69 40 jeta
1415 2464 43 20 un
1488 2464 85 28 coup
1590 2453 90 31 d'œil
1709 2453 110 40 rapide
1844 2464 54 21 sur

1122 2493 32 31 la
1168 2494 98 30 lettre
1281 2498 32 26 et
1336 2493 152 41 répondit
1512 2493 191 31 noblement
1731 2496 17 28 à
1775 2505 59 19 son
1851 2505 32 19 se-

1123 2536 137 30 crétaire
1273 2545 8 20 :

1217 2576 52 30 Un
1284 2575 135 30 fauteuil
1446 2583 83 31 pour
1551 2584 43 20 un
1611 2575 112 30 ancien
1752 2576 144 30 membre

1122 2615 44 31 du
1192 2616 113 30 Grand
1320 2615 181 38 Ministère,
1531 2624 37 20 ce
1597 2614 83 31 n'est
1707 2626 57 27 pas
1793 2626 100 27 assez,

1957 293 207 41 donnez-ltii,
2180 295 19 30 ô
2223 293 76 31 Flor
2326 292 158 41 O'Squar,
2513 295 94 28 notre
2636 293 73 32 meil-

1956 337 92 31 leure
2062 335 215 31 avant-scène.

1998 377 65 31 Dès
2080 380 72 35 sept
2165 376 130 37 heures,
2322 374 24 30 il
2361 373 172 32 ordonnait
2549 376 18 28 à
2581 385 51 20 ses
2653 385 57 21 con-

1957 416 141 32 trôleurs
2112 417 39 30 de
2173 425 34 20 se
2230 418 116 27 mettre
2375 425 41 20 en
2445 418 126 27 cravate
2587 415 139 33 blanche

1959 462 33 26 et
2006 456 164 31 endossait
2183 455 165 32 lui-même
2362 465 45 20 un
2424 455 89 31 habit
2523 455 83 32 noir.

2001 497 27 31 Il
2048 495 167 32 dissimula
2230 506 77 20 sous
2322 495 32 31 le
2369 495 148 31 contrôle
2543 506 45 21 un
2598 497 115 31 s.candé-

1952 537 96 33 'labre
2063 539 19 28 à
2096 537 78 30 trois
2193 536 158 31 branches
2367 539 34 27 et
2426 536 130 40 proféra
2582 547 53 21 ces
2650 537 57 31 sim-

1958 578 72 41 ples
2042 578 129 39 paroles
2185 586 9 21 :

2054 618 38 31 Et
2106 618 211 38 maintenant,
2335 617 171 31 attendons
2518 619 9 30 !

2001 672 86 30 Pour
2100 676 144 35 tromper
2263 681 59 20 son
2348 670 195 40 impatience
2572 671 22 31 il
2622 672 107 31 réunit

1959 722 52 21 ses
2037 712 126 31 artistes
2191 715 32 26 et
2250 710 72 32 leur
2334 710 61 31 tint
2411 712 19 28 à
2443 720 61 30 peu
2522 712 73 39 près
2610 722 38 20 ce
2662 712 51 31 lan-

1961 762 80 31 gage
2056 761 9 21 :

2052 793 85 31 Tout
2152 793 17 30 à
2183 793 136 39 l'heure,
2335 802 43 20 un
2393 791 204 31 ex-ministre
2611 802 40 20 va
2680 803 33 20 oc-

1962 843 99 28 cuper
2087 833 228 31 l'avant-scène
2341 833 39 31 de
2407 833 136 39 gauche.
2575 833 46 31 Ce
2649 836 80 28 n'est

1961 874 93 39 point
2066 873 41 39 là,
2125 872 177 38 croyez-le,
2320 883 43 19 un
2374 873 353 39 faitsansimportance.

1962 913 109 37 Qu'un
2083 913 144 30 ministre
2243 912 207 41 quelconque
2476 913 118 31 vienne
2622 924 107 28 passer

1962 964 52 20 ses
2029 954 120 28 soirées
2179 954 78 28 chez
2294 953 77 38 moi,
2404 953 70 30 cela
2499 952 51 31 n'a
2577 953 69 30 rien
2675 954 54 40 qui

1962 994 109 39 puisse
2085 1003 81 21 vous
2177 996 145 35 étonner,
2328 993 107 40 j'aime
2443 994 17 27 à
2469 993 31 30 le
2510 993 102 30 croire
2621 1003 7 28 ;
2639 994 91 39 mais,

1963 1035 107 39 quand
2086 1038 51 26 cet
2165 1033 202 30 ex-ministre
2395 1037 50 26 est
2459 1043 44 20 un
2532 1035 197 30 ex-ministre

1963 1076 39 28 de
2029 1074 214 32 l'instruction
2263 1074 169 40 publique,
2464 1074 107 39 quand
2600 1080 53 25 cet
2680 1085 33 19 ex-

1961 1115 145 30 ministre
2120 1115 40 31 de
2186 1114 215 31 l'instruction
2430 1113 158 41 publique
2615 1119 50 26 est
2682 1115 46 31 M.

1959 1155 80 30 Paul
2054 1155 77 30 Bert
2194 1165 83 30 pour
2290 1153 157 40 l'appeler
2463 1163 57 30 par
2535 1163 60 21 son
2609 1165 120 20 nom—

1962 1200 33 25 et
2010 1196 109 40 quand
2132 1205 76 20 mon
2223 1194 162 40 spectacle
2394 1204 35 20 se
2446 1204 156 30 compose
2617 1195 40 30 de
2675 1194 54 31 Un

1958 1237 96 39 Lycée
2082 1235 162 40 déjeunes
2261 1233 96 41 filles
2360 1258 8 15 ,
2399 1233 112 41 n'ai-je
2539 1244 57 30 pas
2624 1235 105 31 raison

1961 1276 39 31 de
2028 1276 172 39 prétendre
2237 1274 78 40 qu'il
2342 1285 22 30 y
2393 1284 18 20 a
2445 1274 33 30 là
2512 1278 90 26 autre
2630 1276 96 30 chose

1959 1319 118 38 qu'une
2093 1315 117 40 simple
2226 1319 31 25 et
2272 1315 115 30 banale
2401 1313 234 32 coïncidence?

1998 1367 19 20 »
2031 1356 46 31 M.
2094 1356 79 31 Paul
2189 1356 77 30 Bert
2281 1359 47 25 est
2341 1354 30 30 le
2386 1358 190 34 promoteur
2590 1355 40 30 de
2647 1359 83 27 cette

1957 1396 73 31 idée
2046 1396 57 30 des
2117 1395 109 41 lycées
2242 1395 40 30 de
2309 1394 113 39 jeunes
2450 1394 84 31 filles
2562 1394 78 40 qu'il
2668 1400 61 26 m'a

1958 1437 51 30 été
2026 1436 107 30 donné
2148 1436 40 30 de
2203 1434 133 31 réaliser
2349 1437 94 27 avant
2458 1434 57 31 lui.

2002 1488 12 15 »
2026 1476 27 30 Il
2065 1478 89 30 vient
2169 1475 220 30 évidemment
2398 1474 125 30 étudier
2530 1474 32 30 le
2572 1475 141 31 fonction-

1957 1521 135 26 nement
2119 1517 40 30 de
2186 1519 94 26 notre
2308 1515 92 38 pièce
2417 1524 63 31 que
2493 1513 53 41 j'ai
2563 1515 112 30 élevée

1958 1556 78 32 c'est
2049 1557 32 31 le
2096 1566 51 20 cas
2164 1556 40 31 de
2217 1556 32 31 le
2263 1556 70 30 dire
2402 1556 18 28 à
2435 1554 30 30 la
2478 1554 137 31 hauteur
2629 1556 96 31 d'une

1956 1597 195 31 institution.

1997 1648 19 19 »
2033 1637 104 38 Donc,
2153 1636 40 31 de
2209 1636 32 31 la
2255 1639 109 34 tenue,
2375 1635 289 39 mesdemoiselles,
2678 1636 35 31 de-

1956 1682 77 26 vant
2047 1677 32 30 le
2093 1677 119 39 député
2229 1676 40 30 de
2284 1675 152 38 l'Yonne,
2452 1675 54 38 qui
2536 1677 191 37 poursuivra

1956 1720 167 38 peut-être
2133 1727 43 20 ou
2186 1726 40 20 ne
2238 1716 191 39 poursuivra
2443 1716 73 38 plus
2530 1715 196 32 l'exécution

1957 1759 40 30 de
2013 1768 51 20 ses
2080 1759 98 35 idées,
2197 1756 92 30 selon
2302 1765 64 31 que
2386 1759 92 27 notre
2499 1755 96 39 Lycée
2610 1756 38 28 de
2654 1756 57 41 jeu-

1957 1808 56 20 nes
2026 1798 87 39 filles
2128 1807 74 20 aura
2217 1796 131 40 produit
2362 1805 54 21 sur
2426 1795 43 31 lui
2485 1795 39 31 de
2537 1796 80 30 bons
2634 1807 41 20 ou
2687 1798 40 31 de

1956 1839 144 31 mauvais
2117 1837 102 32 effets.

1997 1892 80 30 Huit
2092 1892 118 30 heures
2225 1890 176 31 sonnèrent
2417 1891 18 28 à
2453 1900 37 19 ce
2505 1894 144 26 moment
2667 1892 14 30 à
2695 1890 33 32 la

1956 1931 111 32 vieille
2081 1932 181 30 Sorbonne.

1996 1974 96 28 —Le
2105 1972 86 30 voici
2204 1974 8 30 !
2242 1971 69 31 vint
2336 1971 67 30 dire
2433 1980 43 21 un
2504 1970 183 31 contrôleur
2709 1974 18 28 à

1957 2013 46 32 M.
2021 2013 161 30 Taillefer.

2052 2052 89 33 C'est
2166 2053 74 31 bien
2251 2052 8 30 !
2288 2052 190 39 passez-moi
2507 2061 77 21 mon
2609 2052 99 31 candé-

1955 2093 102 39 labre,
2074 2093 35 31 fit
2124 2092 207 40 simplement
2346 2091 30 31 le
2392 2091 159 31 directeur
2567 2102 7 27 ;
2602 2094 107 28 contrô-

1956 2133 98 38 leurs,
2069 2133 116 30 veillez
2207 2134 18 28 à
2238 2143 60 20 vos
2315 2137 143 26 cravates
2473 2131 155 32 blanches
2641 2143 8 27 ;
2667 2143 40 20 ou-

1955 2183 145 28 vreuses,
2114 2173 85 40 jetez
2226 2173 57 30 des
2310 2173 83 38 tapis
2424 2181 53 20 sur
2502 2171 159 31 l'escalier
2687 2173 39 30 de

1955 2215 125 39 gauche
2096 2215 6 30 !

1996 2254 47 39 Et,
2061 2264 78 20 avec
2154 2263 60 20 son
2226 2254 72 39 plus
2315 2254 151 39 gracieux
2483 2252 135 38 sourire,
2633 2252 31 30 le
2680 2254 31 30 di-

1955 2297 126 27 recteur
2105 2293 163 32 conduisit
2295 2303 59 20 son
2387 2293 78 31 hôte
2491 2293 124 31 illustre
2647 2293 78 31 dans

1952 2333 235 32 l'avant-scène
2204 2334 181 31 d'honneur
2401 2335 7 30 !

1995 2373 111 31 L'hôte
2132 2374 126 31 illustre
2289 2378 93 35 parut
2412 2373 157 31 enchanté
2597 2373 40 31 de
2653 2372 58 32 l'ac-

1954 2414 85 30 cueil
2066 2414 54 41 qui
2146 2415 45 28 lui
2223 2414 76 30 était
2328 2414 66 37 fait,
2426 2413 78 30 mais
2522 2424 40 19 ne
2590 2414 135 38 pouvait

1952 2454 213 40 s'empêcher,
2184 2454 194 40 cependant,
2393 2453 40 30 de
2448 2453 83 40 jeter
2546 2463 43 20 un
2609 2454 115 39 regard

1954 2496 120 28 étonné
2091 2504 54 20 sur
2159 2494 32 30 le
2207 2494 204 31 candélabre.

1994 2535 103 39 Enfin,
2107 2536 92 39 après
2216 2535 32 30 le
2263 2535 170 30 deuxième
2447 2538 80 33 acte,
2546 2533 46 32 M.
2609 2532 99 31 Taille-

1951 2576 48 28 fer
2013 2574 115 32 s'étant
2147 2575 117 30 excusé
2282 2574 40 31 de
2337 2574 122 31 n'avoir
2474 2583 56 30 pas
2561 2574 159 40 quelques

1952 2615 113 31 chiens
2082 2617 18 28 à
2115 2615 87 31 offrir
2217 2617 17 28 à
2246 2626 59 19 son
2321 2614 132 32 visiteur
2469 2623 83 28 pour
2565 2613 79 32 faire
2661 2614 58 31 des

2784 298 209 40 expériences
3008 300 41 30 de
3064 299 191 32 vivisection
3270 301 144 39 pendant
3425 300 48 31 les
3495 311 39 21 en-

2783 338 125 32 tr'actes
2923 350 8 28 ;
2955 340 129 31 celui-ci
3098 341 131 40 regarda
3253 340 33 31 le
3301 341 162 31 directeur
3476 343 77 32 d'un

2785 379 46 30 air
2843 380 155 40 stupéfait
3012 386 32 26 et
3058 380 111 32 s'écria
3183 392 9 20 :

2876 420 53 31 Ah
2943 423 7 31 !
2961 423 136 38 çà,vous
3112 432 41 20 ne
3168 432 52 20 me
3233 422 223 32 reconnaissez
3469 423 84 31 donc

2784 470 57 30 pas
2852 461 17 30 ?
2877 461 135 43 Voyons
3025 463 47 30 !...
3091 462 79 31 c'est
3183 463 67 31 moi
3267 463 54 41 qui
3338 463 144 32 chantais
3491 465 18 30 à
3523 464 30 31 la

2785 501 90 32 Scala
2889 511 9 21 :

3017 556 32 25 Je
3059 555 58 26 suis
3130 556 26 25 le
3172 556 63 26 cuir

3018 588 32 24 Je
3063 587 59 26 suis
3136 587 27 25 le
3176 587 63 26 cuir

2940 618 32 25 Je
2986 618 59 26 suis
3059 619 27 25 le
3099 619 71 25 beau
3182 619 152 26 cuirassier
3345 619 7 25 !

2880 677 174 32 Comment
3065 676 8 33 !
3102 687 81 21 vous
3200 679 67 30 êtes
3282 678 31 31 le
3330 678 69 31 cuir
3409 680 47 30 !...
3472 689 80 21 vous

2785 715 100 33 n'êtes
2902 728 57 30 pas
2972 719 105 28 même
3091 718 115 30 ancien
3222 718 143 30 ministre
3374 720 7 28 !

2877 758 81 28 Mais
2986 768 65 20 non
3066 759 6 28 !
3093 758 34 40 je
3156 758 65 31 suis
3243 759 80 30 Paul
3344 759 85 39 Bert,
3446 761 106 30 artiste

2785 797 58 30 des
2858 797 345 41 Folies-Dramatiques
3215 800 6 30 !

2881 839 231 38 Contrôleurs,
3150 839 115 31 retirez
3311 849 58 20 vos
3413 846 139 26 cravates

2786 878 167 39 blanches,
2969 880 102 39 gémit
3083 878 162 40 Taillefer,
3263 891 39 19 en
3319 879 182 41 s'enfuyant
3515 881 38 31 de

2786 918 246 39 l'avant-scène;
3048 930 187 27 ouvreuses,
3249 920 133 30 enlevez
3391 920 47 30 les
3456 922 97 39 tapis:

2787 970 37 19 ce
2838 958 83 31 n'est
2934 970 56 28 pas
3005 959 31 30 le
3051 960 66 30 vrai
3131 959 79 30 Paul
3228 960 73 30 Bert
3312 963 7 27 !

2828 999 37 30 Et
2877 999 22 30 il
2915 999 99 40 rejeta
3027 1009 79 21 avec
3119 1000 144 30 tristesse
3291 1010 57 20 son
3365 1002 188 32 candélabre

2786 1039 18 30 à
2817 1039 77 30 trois
2910 1041 156 30 branches
3080 1042 6 28 !

2828 1080 41 30 Le
2884 1080 129 31 caissier
3035 1080 71 32 seul
3132 1085 57 34 put
3204 1081 150 31 consoler
3370 1081 183 32 l'infortuné

2786 1120 161 31 directeur
2975 1130 40 21 en
3041 1120 47 32 lui
3113 1126 182 35 annonçant
3321 1122 31 30 la
3377 1127 119 26 recette
3513 1124 40 30 du

2785 1160 77 39 soir,
2878 1161 56 40 qui
2950 1161 76 30 était
3041 1152 194 40 excellente^

3181 1218 126 21 MAURICE
3324 1219 178 20 ORDONNEAU

2848 1311 170 64 ECHOS
3059 1317 100 58 DES
3202 1311 283 66 THEATRES

2820 1455 171 38 Vendredi,
3007 1457 300 37 irrévocablement,
3325 1459 20 28 à
3360 1455 141 40 l'Opéra,
3517 1459 32 30 la

2784 1492 157 34 première
2956 1493 257 35 représentation
3242 1494 43 30 du
3313 1494 99 30 ballet
3441 1495 38 28 de
3507 1495 43 30 M.

2785 1527 91 37 Lalo,
2890 1530 189 28 Namouna.

2822 1563 47 30 La
2883 1564 97 30 chose
3000 1572 20 22 a
3035 1565 51 30 été
3102 1565 129 30 décidée
3259 1566 70 28 hier
3345 1566 77 35 soir,
3438 1566 20 30 à
3474 1573 76 22 onze

2784 1598 129 38 heures,
2929 1600 96 35 après
3039 1602 33 28 la
3087 1602 174 34 répétition
3276 1602 167 35 générale.

2819 1661 129 31 Samedi
2976 1663 46 37 11,
3045 1663 20 30 à
3091 1663 308 37 l'Opéra-Comique,
3429 1664 120 35 reprise

2785 1697 38 28 de
2836 1698 172 30 Philémon
3025 1702 30 25 et
3070 1700 132 34 Baucis,
3219 1700 32 28 et
3274 1700 158 35 première
3448 1700 85 37 repré-

2784 1733 163 31 sentation
2974 1735 39 28 de
3043 1735 237 28 Attendez-moi
3319 1744 76 19 sous
3425 1737 120 34 l'orme,

2785 1769 260 35 opéra-comique
3059 1778 39 21 en
3115 1778 43 21 un
3174 1772 83 35 acte,
3273 1772 125 35 d'après
3409 1772 33 28 la
3450 1772 80 30 comé-

2784 1805 51 28 die
2863 1805 39 31 de
2930 1807 163 34 Regnard,
3123 1806 129 35 paroles
3281 1807 38 28 de
3347 1807 81 30 MM.
3459 1808 90 28 Jules

2783 1840 116 30 Prével
2915 1843 32 27 et
2970 1843 35 28 R.
3022 1843 40 28 de
3084 1843 188 35 Bonnières,
3289 1843 148 35 musique
3452 1843 39 30 do
3507 1844 43 32 M.

2783 1876 138 32 Vincent
2935 1877 122 37 d'lndy.

2817 1949 214 31 Absolument
3046 1949 209 37 controuvée,
3267 1950 198 37 lanouvelle,
3476 1950 53 30 don-

2784 1984 58 28 née
2856 1993 59 27 par
2929 1993 45 21 un
2989 1985 148 28 confrère
3150 1987 43 27 du
3209 1987 115 33 matin,
3335 1987 39 28 de
3390 1984 141 38 l'engage-

2783 2021 87 32 ment
2884 2021 39 28 de
2939 2020 76 31 Mlle
3030 2021 105 30 Marie
3150 2021 170 37 Heilbron,
3339 2021 20 30 à
3373 2021 139 37 l'Opéra.

2817 2056 124 30 Jamais
2956 2057 24 28 il
2995 2057 72 28 n'en
3084 2065 20 20 a
3118 2056 51 30 été
3184 2057 162 34 question.

2817 2092 41 30 Et
2869 2092 33 37 je
2920 2099 40 22 ne
2975 2092 85 30 crois
3077 2099 57 28 pas
3155 2093 73 35 trop
3253 2093 184 30 m'avancer
3451 2100 39 22 en
3507 2094 27 28 af-

2781 2127 131 30 firmant
2936 2135 61 27 que
3021 2128 33 28 ni
3076 2128 41 28 M.
3135 2128 194 28 Vaucorboil
3360 2130 32 27 ni
3413 2128 85 30 Mme
3519 2130 28 30 la

2781 2164 197 30 vicomtesse
2993 2164 39 28 de
3047 2164 33 30 la
3093 2164 155 30 Panouze
3267 2165 90 28 n'ont
3376 2165 113 35 songé,
3506 2172 41 22 un

2783 2199 69 28 seul
2867 2199 136 35 instant,
3019 2199 20 30 à
3052 2200 86 28 cette
3159 2199 128 30 rentrée
3312 2199 20 28 à
3356 2200 191 30 l'Académie

2781 2235 38 28 de
2835 2235 158 34 musique.

2817 2297 45 30 Le
2885 2297 224 37 magnétiseur
3138 2298 129 30 Donato
3296 2306 19 21 a
3344 2297 106 31 donné
3480 2298 67 30 hier

2781 2334 79 28 dans
2874 2341 64 21 une
2962 2334 151 30 brillante
3125 2334 117 37 soirée,
3254 2334 177 28 boulevard
3448 2334 80 30 Haus-

2781 2375 124 25 smann,
2931 2369 77 30 chez
3037 2376 45 22 un
3097 2370 38 28 de
3159 2376 59 22 nos
3248 2368 296 33 administrateurs,

2779 2411 65 22 une
2859 2406 117 27 séance
3004 2406 54 34 qui
3074 2413 20 20 a
3117 2406 119 30 obtenu
3263 2406 32 28 le
3315 2406 105 35 grand
3436 2406 111 30 succès

2780 2440 118 35 auquel
2913 2440 24 30 il
2952 2441 50 28 est
3015 2440 144 31 habitué.

2813 2476 105 35 Après
2947 2478 94 27 avoir
3069 2477 59 28 l'ait
3157 2478 152 34 quelques
3339 2477 208 34 expériences

2779 2517 57 22 sur
2852 2518 58 22 son
2926 2513 86 33 sujet
3026 2511 27 30 si
3070 2513 239 35 sympathique,
3331 2513 77 28 Mlle
3424 2512 123 37 Lucile,

2779 2548 126 28 Donato
2923 2555 20 21 a
2957 2548 182 35 magnétisé
3167 2555 45 21 un
3226 2550 39 26 de
3280 2556 59 20 nos
3356 2549 165 28 confrères
3539 2557 7 21 :

2778 2582 22 30 il
2816 2583 43 28 l'a
2874 2583 107 35 obligé
2996 2583 19 30 à
3031 2583 31 28 le
3076 2584 110 28 suivre
3201 2590 77 22 sans
3294 2584 28 28 le
3351 2583 135 31 toucher
3500 2584 45 37 et,

2778 2624 59 28 par
2852 2619 32 28 la
2898 2620 90 27 seule
3012 2620 87 28 force
3119 2620 38 28 de
3172 2620 32 28 la
3219 2619 143 34 volonté,
3378 2620 22 28 il
3426 2621 41 27 l'a
3484 2627 63 22 em-

3607 302 102 35 péché
3722 302 39 30 de
3775 309 35 24 se
3836 304 128 30 relever
3991 302 90 32 étant
4096 304 20 31 à
4130 311 133 31 genoux
4279 312 43 24 ou
4337 307 34 28 de

3608 339 46 30 lui
3664 340 123 28 donner
3801 346 44 22 un
3860 346 81 28 coup
3957 340 38 32 de
4009 340 111 37 poing,
4137 341 60 30 etc.

3645 374 129 31 Samedi
3788 376 168 35 prochain,
3971 377 150 30 nouvelle
4135 377 117 30 séance
4267 378 41 30 du
4324 378 32 30 cé-

3611 410 89 30 lèbre
3713 411 234 37 magnétiseur,
3964 411 20 30 à
3998 412 33 30 la
4050 413 79 28 salle
4144 413 93 37 Herz,
4254 413 45 38 48,
4315 420 57 25 rue

3611 446 39 30 de
3663 446 33 31 la
3709 446 155 31 Victoire.

3645 509 83 34 Quoi
3739 510 93 35 qu'on
3853 517 39 22 en
3907 511 47 30 ait
3970 511 58 37 dit,
4039 513 86 28 Mme
4140 511 93 32 Judic
4245 519 19 22 a
4279 513 50 30 bel
4345 514 30 30 et

3611 544 73 30 bien
3709 547 142 30 souscrit
3880 554 44 22 un
3952 549 117 27 nouvel
4095 549 219 37 engagement
4338 549 37 30 de

3611 582 86 28 deux
3713 589 59 21 ans
3788 589 79 22 avec
3883 583 43 28 M.
3944 583 169 30 Bertrand.

3646 617 48 30 La
3709 618 76 30 diva
3797 619 159 30 touchera
3981 620 129 30 MILLE
4129 621 109 31 francs
4252 631 60 30 par
4329 632 31 22 re-

3611 653 231 35 présentation.

3647 689 54 38 Or,
3722 696 124 24 comme
3869 691 86 28 deux
3974 692 73 30 cent
4072 693 174 35 cinquante
4272 697 86 34 repré-

3611 725 182 28 sentations
3820 726 46 28 lui
3892 726 73 30 sont
3990 729 161 31 assurées,
4176 731 70 27 cela
4270 732 60 30 fait
4349 733 26 28 le

3612 759 111 31 chiffre
3738 761 169 31 séduisant
3921 763 40 28 de
3980 765 141 34 250,000
4137 765 125 35 francs.

3648 823 151 30 Courrier
3815 824 38 30 de
3868 824 219 32 Monte-Carlo
4107 837 6 19 :

3650 869 11 13 «
3681 859 38 30 Je
3731 867 83 22 vous
3829 861 157 34 complète
4000 868 73 22 mon
4090 863 211 38 télégramme
4337 867 38 28 de

3612 895 124 30 samedi
3752 895 77 30 soir.
3846 895 48 30 La
3908 896 259 35 représentation
4179 901 38 27 de
4231 902 144 27 Dinorah

3612 937 79 22 avec
3724 932 70 28 Van
3815 932 112 35 Zand.t,
3957 933 32 28 la
4020 933 138 38 Scalchi,
4189 937 126 30 Maurel
4345 939 30 28 et

3611 967 163 37 Nouvelli,
3803 967 52 30 n'a
3870 967 50 30 été
3948 969 116 35 qu'une
4084 971 85 30 suite
4198 973 39 27 de
4264 973 93 30 triom-

3611 1002 90 37 phes.

3650 1049 9 14 »
3681 1039 78 27 Mlle
3787 1039 72 30 Van
3887 1039 103 31 Zandt
4004 1048 20 22 a
4039 1041 51 31 été
4114 1043 154 30 adorable
4296 1045 79 28 dans

3611 1074 33 30 la
3657 1084 12 14 «
3683 1075 92 28 valse
3785 1076 38 28 de
3839 1075 138 30 l'Ombre
3994 1087 11 14 »
4016 1085 9 26 ;
4048 1084 41 22 on
4106 1078 45 30 lui
4166 1084 20 22 a
4201 1080 96 31 offert
4313 1087 61 22 une

3611 1109 144 30 moisson
3770 1111 38 27 de
3822 1111 110 28 fleurs.
3957 1111 129 31 Scalchi
4115 1121 20 22 a
4149 1115 130 34 produit
4319 1123 56 21 sur

3611 1152 37 22 ce
3661 1144 106 35 public
3782 1146 142 37 élégant,
3954 1149 149 33 composé
4131 1150 39 28 de
4198 1150 33 28 la
4264 1157 111 28 presse

3611 1181 133 35 niçoise,
3761 1182 56 28 des
3840 1182 73 34 plus
3938 1182 97 37 jolies
4050 1186 190 30 mondaines
4257 1188 32 27 et
4303 1188 72 27 d'un

3611 1218 105 34 grand
3739 1218 132 30 nombre
3900 1219 174 37 d'artistes,
4091 1228 64 20 une
4185 1221 190 35 impression

3609 1252 157 35 profonde
3782 1260 80 21 avec
3876 1261 38 21 sa
3943 1256 81 28 belle
4039 1256 80 30 voix
4137 1257 39 28 de
4192 1259 163 28 contralto
4365 1267 9 27 ;

3611 1289 31 27 le
3669 1287 141 37 baryton
3837 1290 125 30 Maurel
3978 1297 20 22 a
4013 1291 51 28 été
4106 1293 143 28 acclamé
4270 1293 20 28 à
4318 1300 57 24 son

3611 1324 120 35 entrée,
3748 1325 33 28 et
3804 1332 59 21 son
3892 1326 112 28 succès
4033 1333 21 21 a
4068 1326 136 37 dépassé
4218 1330 91 28 toute
4323 1337 35 21 ex-

3609 1359 146 34 pression
3772 1361 93 35 après
3880 1361 149 37 le.grand
4043 1370 152 22 morceau
4226 1372 7 19 :
4264 1376 12 13 <
4306 1365 69 30 Oh!

3608 1395 169 35 puissante
3791 1396 107 35 magie
3912 1397 6 28 !
3956 1408 9 14 »
3993 1397 86 35 Seul,
4108 1398 162 38 Nouvelli,
4290 1401 69 35 quoi-

3609 1437 61 27 que
3685 1430 69 28 très
3781 1431 74 37 bon,
3872 1431 52 30 n'a
3946 1439 59 30 pas
4035 1440 39 22 eu
4102 1434 30 30 le
4160 1435 112 28 succès
4302 1437 73 34 qu'il

3608 1466 145 30 méritait
3764 1476 8 26 ;
3800 1468 22 27 il
3839 1474 98 22 saura
3951 1469 137 34 prendre
4117 1476 37 21 sa
4169 1472 172 30 revanche.

3650 1513 11 13 »
3683 1502 51 28 On
3762 1502 111 30 attend
3902 1511 80 22 avec
4010 1505 197 34 impatience
4225 1507 32 28 la
4273 1508 102 28 soirée

3611 1537 39 30 de
3665 1538 113 30 mardi.
3794 1539 46 28 De
3855 1539 123 28 samedi
4003 1547 39 21 en
4056 1541 83 35 huit,
4168 1541 33 28 la
4224 1544 151 28 Favorite

3611 1579 80 22 avec
3711 1574 136 35 Maurel,
3866 1574 128 31 Scalchi
4009 1576 33 30 et
4062 1576 156 38 Gayarré,
4246 1585 45 21 un
4306 1580 69 28 vrai

3609 1615 151 24 morceau
3776 1610 39 28 de
3829 1611 61 34 roi,
3898 1618 124 21 comme
4036 1618 83 22 vous
4128 1619 113 30 voyez.
4248 1613 38 30 Je
4296 1620 79 24 vous

3607 1651 40 21 en
3663 1645 130 30 rendrai
3809 1646 139 34 compte.
3969 1658 9 13 »

3644 1706 89 37 Hier,
3749 1714 69 24 aux
3846 1709 222 35 Nouveautés,
4089 1710 31 30 S.
4152 1711 43 28 M.
4225 1711 33 28 la
4289 1711 84 31 reine

3608 1743 136 28 Isabelle
3759 1743 150 31 assistait
3922 1744 21 28 à
3963 1746 33 28 la
4023 1747 66 28 105°
4117 1746 255 37 représentation

3607 1779 43 28 du
3664 1779 80 27 Jour
3763 1782 31 25 et
3810 1782 33 26 la
3857 1781 93 27 Nuit.

3644 1814 46 27 La
3709 1815 122 28 recette
3849 1815 39 30 de
3904 1817 123 30 samedi
4056 1819 32 28 et
4110 1818 38 28 de
4172 1818 170 31 dimanche
4358 1827 14 21 a

3607 1847 51 30 été
3673 1850 38 28 de
3724 1851 102 35 10,500
3840 1851 120 37 francs,
3977 1859 91 21 assez
4091 1853 61 35 joli
4166 1854 113 28 chiffre
4293 1861 79 28 pour

3606 1886 138 33 pouvoir
3757 1887 128 39 prédire
3899 1893 65 22 une
3974 1889 257 37 deux-centième
4244 1897 66 22 aux
4326 1898 31 22 ar-

3606 1919 97 31 tistes
3719 1928 54 30 qui
3789 1922 172 31 rivalisent
3972 1924 39 28 de
4026 1924 67 28 zèle
4108 1926 32 27 et
4169 1926 203 31 soutiennent

3607 1963 80 21 avec
3703 1958 130 30 entrain
3848 1958 31 30 le
3892 1961 105 34 grand
4022 1959 113 30 succès
4165 1961 41 30 du
4234 1964 138 27 maestro

3609 1991 135 35 Lecocq.

3643 2054 50 31 On
3709 2062 19 22 a
3743 2056 77 35 fcté,
3835 2057 71 28 hier
3921 2057 78 37 soir;
4016 2057 21 30 à
4063 2059 32 30 la
4121 2059 235 32 Comédie-Pari-

3606 2091 123 37 sienne,
3745 2092 33 30 la
3791 2094 50 28 50°
3856 2093 39 30 de
3909 2094 33 28 la
3958 2100 99 24 revue
4076 2095 84 27 Tant
4174 2098 113 27 mieux
4290 2105 85 26 pour

3606 2127 60 26 elle
3680 2127 5 38 !
3723 2128 92 35 mais,
3846 2130 126 35 malgré
3989 2130 28 28 le
4046 2131 113 28 succès
4174 2131 39 28 de
4233 2132 142 31 Thérésa

3606 2161 81 28 dans
3704 2170 38 21 sa
3756 2165 151 28 nouvelle
3938 2164 106 38 scène,
4074 2166 83 30 celui
4186 2167 38 28 de
4252 2167 123 30 Paulus

3605 2197 80 28 dans
3703 2198 27 30 le
3745 2200 133 34 parodie
3894 2199 39 30 de
3947 2202 97 33 Serge
4069 2202 142 35 Panine,
4226 2203 84 30 celui
4338 2205 37 28 de

3605 2232 77 30 Mlle
3698 2233 128 32 Franck
3842 2236 81 28 dans
3953 2238 28 26 le
4000 2237 89 27 Petit
4116 2238 169 37 Parisien,
4302 2241 31 27 et
4348 2239 27 28 le

3605 2270 106 34 grand
3726 2271 76 30 effet
3817 2272 38 28 de
3870 2272 110 34 Dailly
3996 2272 32 28 et
4043 2272 39 28 de
4110 2274 32 27 la
4157 2274 99 37 pièce,
4287 2275 22 28 il
4324 2276 51 34 n'y

3606 2310 81 22 aura
3700 2314 59 27 pas
3771 2307 39 30 de
3822 2307 158 30 centième
3992 2316 7 19 :
4017 2314 56 24 car
4087 2308 30 30 le
4137 2309 97 30 traité
4250 2310 39 28 de
4300 2311 74 28 Mlle

3606 2340 185 32 Chaumont
3807 2343 32 28 et
3854 2343 39 28 de
3907 2343 44 28 M.
3970 2342 260 31 Saint-Germain
4254 2346 50 28 est
4332 2346 28 30 in-

3606 2375 133 31 flexible
3756 2386 7 19 :
3778 2379 33 28 la
3827 2385 99 22 revue
3943 2379 69 30 doit
4025 2379 96 30 céder
4135 2380 30 30 le
4187 2387 72 31 pas,
4276 2381 54 30 dès
4346 2383 28 28 le

3602 2411 259 39 15,decemois,
3885 2414 21 28 à
3919 2415 243 28 Mademoiselle
4192 2418 124 34 Joseph,
4344 2418 31 31 la

3605 2451 155 28 nouvelle
3776 2450 89 35 pièce
3880 2451 39 28 de
3933 2451 79 30 MM.
4043 2451 167 30 Crisafulli
4239 2454 33 27 et
4299 2453 57 30 Boc-

3606 2493 93 27 cage.

3641 2548 47 30 La
3717 2555 99 22 revue
3859 2548 56 30 des
3956 2549 417 38 Fantaisies-Parisiennes,

3604 2584 113 27 Allons
3735 2585 72 26 voir
3821 2588 57 32 ça!
3900 2584 119 30 touche
4035 2584 20 30 à
4076 2593 38 21 sa
4137 2587 235 34 cinquantième

3605 2622 32 27 et
3652 2620 131 30 marche
3798 2620 215 35 allègrement
4029 2627 74 22 vers
4119 2621 33 30 la
4172 2622 168 31 centième.

4441 315 6 6 •
4466 308 87 30 Tous
4569 315 60 24 nos
4643 308 223 39 compliments
4894 309 20 28 à
4942 308 45 31 M.
5006 305 151 37 Gaspari,
5172 306 32 28 le

4433 350 149 25 nouveau
4597 346 162 30 directeur
4773 357 9 26 ;
4799 346 19 30 à
4833 346 44 28 M.
4896 343 149 32 Monrêal
5060 343 33 28 et
5109 341 20 28 à
5144 347 61 22 son

4431 380 249 39 collaborateur,
4696 383 96 30 notre
4820 380 148 31 confrère
4993 378 138 35 Grisier,
5150 377 56 37 qui

4431 417 50 28 est
4498 423 38 22 en
4552 418 86 28 train
4655 419 38 27 de
4707 418 81 28 faire
4804 424 52 24 ses
4870 417 182 38 vingt-huit
5062 415 102 39 jours
5187 413 18 31 à

4431 452 206 31 l'état-major
4648 454 39 30 de
4701 454 105 30 Paris.

4467 519 48 32 La
4537 527 113 30 presse
4684 522 185 35 parisienne
4897 527 74 24 sera
4995 520 154 31 conviée.*
5164 520 41 26 au

4433 556 83 28 mois
4532 557 38 27 de
4585 557 181 34 septembre
4779 557 167 37 prochain,
4962 556 20 30 à
5000 556 33 28 la
5047 556 139 30 réouver-

4430 592 74 28 ture
4518 592 43 30 du
4570 592 129 30 théâtre
4714 594 56 27 des
4783 594 77 28 Arts
4877 594 38 27 de
4930 589 123 39 Rouèn,
5070 599 59 30 par
5154 587 51 34 AL

4433 627 146 35 Pezzani,
4596 628 30 30 le
4639 634 151 25 nouveau
4806 628 175 31 directeur.

4468 690 50 30 On
4558 697 148 24 annonce
4739 692 33 28 là
4799 692 85 28 mort
4913 691 204 37 d'Hippolyte
5144 690 40 30 Co-

4433 726 126 34 gniard,
4576 726 20 28 à
4609 726 85 37 l'âge
4714 726 39 30 de
4780 728 320 37 soixante-quatorze
5130 732 73 22 ans-

4433 762 65 28 Son
4514 761 84 31 frère
4611 763 169 30 Théodore
4794 764 113 28 l'avait
4922 763 133 35 précédé
5069 763 83 28 dans
5166 762 37 30 la

4433 797 118 35 tombe,
4567 797 22 28 il
4605 804 21 30 y
4642 804 20 22 a
4676 800 155 34 quelques
4845 801 131 27 années.

4468 831 50 31 On
4535 833 63 31 sait
4618 834 104 35 quelle
4737 835 119 32 .active
4886 834 235 30 collaboration
5151 833 52 31 fut

4434 868 78 28 celle
4527 869 56 27 des
4603 869 85 30 deux
4704 869 174 37 Cogniard,
4894 870 66 37 qui,
4976 870 142 35 pendant
5134 869 69 30 très

4433 904 194 38 longtemps,
4642 905 106 30 furent
4763 907 46 27 les
4817 906 219 28 fournisseurs
5052 906 151 28 heureux

4433 940 57 27 des
4506 940 347 37 Folies-Dramatiques
4870 943 33 30 et
4916 941 56 30 des
4987 941 159 30 Variétés.

4468 974 48 30 En
4544 977 81 35 -1840,
4655 976 175 38 Hippolyte
4858 977 165 37 Cogniard
5039 977 66 37 prit
5119 983 84 24 avec

4435 1017 59 22 son
4524 1011 84 28 frère
4637 1012 32 28 la
4697 1013 158 28 direction
4870 1013 39 27 de
4922 1013 34 28 la
4984 1012 219 31 Porte-Saint-

4433 1046 137 35 Martin;
4585 1048 71 28 leur
4670 1045 263 33 administration
4948 1049 85 30 dura
5046 1048 73 37 cinq
5131 1054 72 31 ans,

4433 1089 43 22 au
4488 1083 80 28 bout
4578 1083 149 34 desquels
4752 1084 169 28 Théodore
4935 1085 92 28 resta
5059 1084 71 28 seul
5159 1083 30 30 di-

4433 1117 139 35 recteur,
4592 1119 142 35 pendant
4759 1119 227 38 qu'Hippolyte
5013 1119 131 37 prenait
5170 1119 33 30 la

4433 1153 158 30 direction
4607 1155 40 27 du
4664 1155 201 34 Vaudeville,
4883 1155 43 35 et,
4942 1163 40 20 en
5011 1156 81 34 1854,
5124 1155 79 28 celle

4433 1189 54 28 des
4502 1189 159 35 Variétés,
4680 1191 76 34 qu'il
4779 1192 105 35 garda
4893 1191 12 37 j
4912 1191 131 37 usqu'en
5059 1192 84 28 1869.

4470 1224 65 31 Son
4551 1226 220 28 enterrement
4786 1233 83 21 aura
4886 1227 77 35 lieu,
4991 1226 211 37 aujourd'hui

4433 1261 170 35 mercredi,
4619 1267 19 31 q
4654 1261 89 32 midi.
4760 1261 51 30 On
4827 1269 35 22 se
4890 1263 133 30 réunira
5040 1263 20 30 à
5074 1263 33 30 la
5124 1261 60 30 mai-

4433 1303 60 22 son
4508 1296 191 37 mortuaire,
4715 1298 46 35 40,
4779 1305 58 21 rue
4847 1299 39 27 de
4897 1296 125 38 Bondyl

4897 1354 118 21 ARTHUR
5034 1355 116 20 CANTEt

4468 1499 213 37 Programme
4709 1501 43 28 du
4779 1499 235 32 dîner-concert
5042 1501 43 30 du
5114 1501 17 27 8
5160 1500 28 30 fé-

4434 1535 89 30 vrier
4537 1534 72 31 1882
4623 1543 8 22 :

4433 1587 189 32 Ouverture
4667 1590 41 30 du
4740 1590 139 28 Barbier
4915 1592 40 26 de

4472 1626 116 26 Séville
4987 1626 131 28 Rossini

4433 1661 85 30 Tout
4533 1659 20 31 à
4567 1668 93 28 vous,
4675 1661 92 31 valse
4991 1662 196 30 Waldteufel

4433 1697 110 34 Jocus,
4559 1697 131 28 marche
4994 1697 67 30 Jos.
5070 1697 131 31 Strauss

4434 1730 157 31 Cavatine
4605 1739 81 35 pour
4707 1733 111 30 violon
4998 1733 73 30 Raff

4470 1767 174 35 (Exécutée
4659 1775 59 28 par
4733 1769 43 27 M.
4785 1769 172 35 Nsegelin.)

4433 1802 184 31 Ouverture
4633 1804 38 30 de
4685 1805 67 27 Fra
4766 1805 143 34 Diavolç.
4922 1826 25 6 ..
4988 1805 109 30 Auber

4433 1838 130 30 Grande
4585 1839 154 28 fantaisie
4767 1847 57 21 sur
4847 1840 92 34 l'Afri-

4467 1874 96 28 caine
4743 1874 4 37 ,
4994 1876 189 35 Meyerbcer

4433 1910 113 35 Marie,
4564 1912 157 27 mazurka
4989 1913 30 27 J.
5036 1913 117 34 Gung'l

4436 1945 87 28 Time
4540 1948 28 26 is
4585 1955 124 28 money,
4733 1946 98 37 galop
4994 1948 39 30 H.
5046 1946 112 32 .Strohl

4468 1995 174 30 Orchestre
4656 1996 40 28 de
4711 1997 43 28 M.
4772 1997 221 35 Desgranges.

3158 4700 327 67 Programme
3523 4700 86 52 des
3648 4696 287 70 Spectacles
3973 4698 70 51 du
4080 4700 241 53 Mercredi
4361 4702 32 52 8
4430 4702 203 54 Février
4672 4704 131 52 1882

2835 4827 123 34 OPÉRA
2972 4845 32 6 -
3017 4832 15 25 7
3047 4832 27 26 h.
3090 4832 45 30 3/4

2802 4884 143 25 ROBERT
2966 4884 46 25 LE
3033 4884 133 25 DIABLE

2754 4917 61 31 0p.5
2822 4917 85 28 actes,
2915 4916 100 25 Scribe
3022 4918 26 22 et
3054 4915 162 33 Delàvigne,

2836 4954 72 19 mus.
2924 4946 34 25 de
2973 4948 164 32 Meyerbecr

2756 4976 106 26 Robert
3004 4977 155 26 Lamarche

2756 5009 129 25 Bcrtram
2999 5008 217 33 Boudouresque

2756 5040 158 25 Raimbaud
3004 5040 124 26 Laurent

2756 5070 244 26 Héraultd'armcs
3006 5072 89 32 Sapin

2756 5101 111 25 Alberti
3004 5101 130 33 Gaspard

2756 5132 81 26 Alieo
3004 5134 40 24 Du
3048 5133 79 25 franc

2756 5164 120 25 Isabelle
3002 5164 139 26 Lacombe

2757 5194 244 26 Damed'hoaneur
3008 5196 119 26 Granier

2757 5225 107 26 Hélèna
3005 5226 129 32 Righotti

2812 5288 178 33 FRANÇAIS
3051 5283 17 25 8
3080 5284 27 25 h.
3125 5284 40 31 »/•

2872 5333 224 25 PHILIBERTE

2770 5373 71 19 com.
2849 5367 13 24 3
2872 5373 38 24 a.,
2924 5373 33 18 en
2967 5372 76 21 vers,
3057 5366 31 25 E.
3097 5363 109 33 Augier

2756 5399 38 25 Le
2809 5398 53 25 due
3005 5396 105 24 Tbiron

2756 5430 57 27 Rat
2820 5427 83 25 mond
3002 5427 125 25 Laroche

2756 5454 119 37 Taimay
3005 5458 107 26 Baillet

2756 5490 149 27 D'Ollivon
3004 5490 32 25 P.
3054 5490 99 32 Reney

2756 5523 39 24 La
2805 5520 144 33 marquise
3037 5520 151 25 Jouassain

2756 5552 72 26 Julie
3002 5552 116 24 Baretta

2756 5583 156 26 Philiberte
3005 5583 31 25 E.
3051 5582 116 26 Broisat

2754 5624 47 24 ON
2822 5623 48 24 NE
2891 5622 132 25 BADINE
3046 5622 66 25 PAS
3126 5622 90 24 AVEC

2906 5654 162 32 L'AMOUR

2784 5701 71 19 com.
2865 5694 14 25 3
2890 5695 87 30 actes,
2987 5695 34 24 A.
3034 5694 33 25 de
3078 5693 111 26 Musset

2753 5726 142 25 Perdican
3002 5725 149 32 Delaunay

2753 5756 38 27 Le
2807 5756 125 33 marquis
3004 5756 107 25 Thiron

2754 5787 115 26 Blasius
3002 5785 90 26 Barré

2753 5817 135 27 Bridaine
3004 5817 129 26 Garraud

2753 5851 43 25 Un
2811 5849 129 26 vieillard
3004 5849 125 26 Richard

2754 5882 40 25 Un
2799 5882 83 31 jeune
2888 5881 237 25 hommeTruffier

2751 5914 90 24 Dame
2851 5911 107 26 Pluche
3050 5910 151 26 Jouassain

2752 5944 118 24 Rosette
3001 5941 206 32 Reichemberg

2752 5973 120 28 Camille
3001 5974 99 25 Bartet

2751 6032 306 32 OPÉRA-COMIQUE
3069 6045 30 6 -
3107 6032 15 25 7
3133 6032 26 25 h.
3172 6033 43 31 1/4

2885 6081 41 22 LE
2948 6080 139 24 CHALET

2751 6120 84 27 op.-c.
2845 6113 13 24 1
2872 6119 35 24 a.,
2924 6112 110 30 Scribe,
3046 6111 167 31 Mélesville,

2851 6151 70 18 mus.
2937 6143 61 26 d'A.
3022 6143 87 25 Adam

2750 6184 65 26 LES
2828 6183 133 25 CONTES
2974 6175 239 33 D'HOFFMANN

2750 6224 45 25 op.
2806 6216 115 24 fantast.
2931 6215 15 25 4
2961 6222 38 22 a.,
3014 6214 24 25 .T.
3054 6214 118 25 Barbier
3187 6215 26 25 et

2791 6247 94 30 Carré,
2902 6254 73 19 mus.
2991 6244 182 26 d'Offenbach

2751 6280 151 24 Hoffmann
2996 6275 124 26 Talazac

2750 6309 128 25 Lindorff
2998 6306 107 26 Taskin

2750 6339 117 33 Crespel
2996 6338 163 26 Belhomme

2748 6371 111 26 Andrès
2996 6369 99 26 Grivot

2748 6402 155 34 Spalazani
2996 6399 135 26 Gourdon

2751 6432 122 25 Wilhem
2996 6430 92 26 Collin

2748 6462 151 27 Nathaniel
2994 6461 168 27 Chenevière

2748 6495 141 26 Wolfram
2996 6493 158 32 Piccaluga

2747 6526 106 26 Luther
2994 6524 76 31 Troy

2748 6559 143 24 Hermann
2994 6555 85 25 Teste

2748 6587 91 26 Stella
2995 6586 87 25 Adèle
3099 6586 80 25 Isaae

2746 6618 171 27 Nicklausse
2996 6615 146 26 Chevalier

2746 6651 41 25 La
2802 6651 83 24 Muse
2993 6647 76 25 Molé

2748 6683 58 24 Une
2820 6680 66 25 voix
2994 6677 110 33 Dupuis

2829 6736 122 32 ODÈON
2967 6737 58 25 -7
3039 6738 30 24 h.
3081 6736 46 31 1/2

2784 6790 47 25 LE
2844 6782 109 33 DÉPIT
2966 6788 206 26 AMOUREUX

2745 6829 72 18 com.
2828 6822 15 25 2
2857 6824 87 27 actes,
2957 6828 32 18 en
3004 6827 73 24 vers,
3092 6821 119 26 Molière

2744 6854 214 32 L'HONNEUR
2973 6860 45 25 ET
3033 6853 177 32 L'ARGENT

2744 6901 71 18 com.
2825 6894 13 25 3
2849 6901 37 21 a.,
2896 6900 34 19 en
2939 6899 73 20 vers.
3025 6893 45 24 Fr.
3081 6893 128 25 Ponsard

2744 6925 149 33 Rodolphe
2993 6922 85 26 Porel

2746 6957 109 33 George
2996 6954 111 26 Chelles

2744 6987 123 25 Mercier
2993 6984 136 32 François

2744 7017 97 26 Lucile
2915 7018 69 26 M™'
2993 7017 92 32 Raph.
3096 7016 81 27 Sisos

2743 7050 92 22 Laure
2992 7049 25 24 J.
3031 7048 115 25 Malvau

3339 4827 110 33 GAITÉ
3462 4845 31 6 -
3503 4832 15 25 8
3531 4832 28 26 h.
3576 4832 41 31 »/»

3270 4883 417 28 QUATRE-VINGT-TREIZE

3247 4915 59 25 dr.s
3312 4916 128 30 a.ct121.,
3446 4917 87 31 d'apr.
3541 4915 27 25 le
3574 4922 97 18 roman
3678 4915 13 25 d

3293 4945 198 33 V.Hugo,par
3503 4945 163 26 P.Meurice

3248 4975 163 27 Cimourdin
3496 4976 137 26 Dumaino

3250 5008 118 25 Radoub
3497 5007 194 27 PaulinMénie

3250 5037 157 26 L'lsmanus
3495 5039 129 25 Taillado

3248 5069 143 25 Lantenac
3498 5069 126 26 Clément
3634 5069 57 25 Just

3249 5101 37 24 Le
3301 5101 115 24 Caïman
3494 5100 100 25 Talien

3250 5132 130 26 Gauvain
3498 5132 122 26 Romain

3249 5163 112 24 Danton
3497 5164 92 31 Laray

3249 5192 187 33 Robespierre
3497 5193 128 32 Villeray

3249 5225 94 24 Marat
3497 5224 120 25 Lacroix

3249 5256 201 25 LaFlécharde
3531 5256 39 26 M.
3581 5256 110 25 Laureni

3249 5287 150 25 Houzardo
3494 5288 71 25 Gab.
3576 5285 115 27 Gauthie

3249 5317 139 26 Dorothée
3493 5319 115 31 Eugène
3621 5316 70 26 Petit

3304 5400 176 27 GYMNASE
3494 5412 31 6 -
3539 5399 17 25 8
3569 5399 27 25 h.
3609 5399 46 31 1/4

3348 5451 111 25 SERGE
3472 5451 138 25 PANINE

3320 5484 77 26 pièce
3411 5484 14 24 5
3441 5484 87 28 actes,
3546 5483 92 26 Ohnet

3249 5513 87 31 Serge
3353 5512 106 27 Panine
3495 5512 109 26 Marais

3249 5543 102 32 Cayrol
3493 5544 124 25 Landrol

3249 5575 112 33 Ilerzog
3493 5576 149 32 Lagrange

3249 5607 96 25 Pierre
3356 5606 123 27 Delarue
3495 5607 93 25 Maur.
3599 5608 92 32 Lugue

3248 5637 133 25 Savimen
3494 5637 107 25 Bernés

3248 5667 146 26 Maréchal
3495 5668 103 25 Corbin

3247 5699 40 26 La
3301 5699 91 26 Brède
3496 5699 195 33 Beauchamps

3248 5732 43 24 Du
3306 5730 154 32 Tremblay
3495 5731 89 25 Revel

3249 5763 37 22 Le
3296 5761 150 32 magistrat
3496 5758 117 28 Blondol

3247 5792 104 25 Jeanne
3493 5793 30 24 L.
3536 5792 122 26 Leblanc

3516 5824 91 25 Pasca

3248 5854 150 26 Miehelino
3493 5856 144 25 Brindeau

3247 5885 66 25 Suz.
3328 5887 112 28 Herzog
3493 5885 154 28 Vrignault

3246 5972 273 27 PALAIS-ROYAL
3541 5982 31 6 -
3592 5970 15 25 8
3621 5970 28 25 h.
3663 5970 28 31 1/

3244 6022 76 25 UNE
3334 6022 129 25 FEMME
3477 6022 64 28 QUI
3555 6022 70 25 BAT
3641 6024 50 24 SOB

3402 6063 148 25 GENDRE

3243 6093 81 25 vaud.
3337 6096 12 24 1
3361 6102 38 24 a.,
3410 6093 89 26 Varin
3514 6096 27 24 et
3555 6094 136 32 Delaporti

3289 6135 45 24 LE
3348 6135 94 24 MARI
3458 6136 24 21 A
3497 6133 164 25 BABETTE

3243 6172 69 18 com.
3317 6167 13 24 3
3335 6172 37 22 a.,
3379 6165 162 25 H.Meilhac
3547 6169 26 21 et
3578 6165 52 25 Ph.
3634 6164 57 28 Gilli

3244 6196 150 25 Gévaudan
3493 6196 131 31 Geoffroy

3243 6227 100 26 Brûlot
3491 6227 157 32 Hyacinthe

3242 6257 76 26 Petit
3335 6260 92 25 Preux
3491 6259 148 25 Montbars

3242 6289 106 25 Gaston
3490 6288 141 26 Raimond

3240 6319 141 26 Brindille
3489 6319 106 26 Numès

3241 6351 141 26 Nitouche
3493 6351 141 35 Galipaux

3241 6383 117 25 Babette
3489 6383 90 25 Marié
3589 6383 92 31 Bergé

3240 6412 138 26 Marcelle
3488 6412 165 33 Raymonde

3239 6443 151 32 Joséphine
3489 6444 80 26 Alice
3581 6443 110 32 I.avignc

3240 6475 110 26 Andrée
3487 6475 124 26 Bcrthou

3272 6555 299 31 VAUDEVILLE-8
3585 6555 27 25 h.
3627 6555 44 31 1/2

3398 6608 139 25 ODETTE

3270 6641 105 25 coméd.
3387 6641 14 24 4
3415 6643 86 28 actes,
3511 6640 37 24 V.
3557 6638 111 28 Sardou

3240 6673 38 25 Le
3291 6676 92 22 comte
3484 6671 111 32 Dupuis

3240 6704 38 25 Le
3291 6703 113 33 général
3483 6703 111 26 Parade

3240 6735 87 26 Ph.de
3337 6733 130 27 Lahoche
3484 6733 105 25 Berton

3240 6765 151 26 Béchamel
3484 6764 162 25 Dieudonné

3239 6800 157 24 Frontenac
3485 6796 33 25 E.
3531 6795 71 26 Vois

3237 6830 38 24 Le
3291 6828 116 26 docteur
3484 6827 73 25 And.
3563 6827 105 25 Michel

3237 6860 135 26 Narcisse
3482 6854 151 34 Colombey

3237 6892 148 28 Valançon
3484 6888 85 25 Carré

3239 6922 102 26 Odette
3483 6919 152 26 B.Pierson

3237 6952 159 32 Bérangère
3483 6951 119 30 Lcgault

3237 6985 40 25 La
3291 6984 124 25 baronne
3483 6977 106 37 Réfane

3237 7015 113 26 Juliette
3485 7012 46 25 Al.
3544 7012 78 31 Lody

3237 7046 90 25 Sareb
3487 7044 172 25 Saint-Mars

3795 4825 182 35 VARIÉTÉS
3991 4844 31 6 -
4036 4831 14 25 8
4065 4831 27 25 h.
4109 4832 41 30 »/.

3813 4881 46 25 LE
3873 4881 149 26 RENARD
4035 4883 97 25 BLEU

3692 4915 19 25 le
3771 4920 71 18 com.
3853 4915 18 25 1
3878 4917 72 26 acte,
3961 4916 34 22 A.
4009 4915 165 32 Ilennequin

3933 4952 76 25 LILI

3741 4990 64 18 c.-v.
3813 4984 13 24 3
3833 4990 35 24 a.,
3876 4984 164 33 Hennequin
4049 4987 27 24 et
4084 4985 98 26 Millau

3692 5014 21 19 îr
3741 5015 66 26 Ant.
3815 5014 152 27 Plinehard
3993 5016 110 32 Dupuis

3741 5047 129 34 Bonpain
3989 5047 109 26 Léonce

3692 5076 5 27 *
3741 5076 40 26 Le
3794 5076 118 27 vicomte
3989 5079 97 25 Baron

3741 5108 39 25 Le
3794 5107 87 27 baron
3990 5109 162 26 Lassouche

3742 5139 78 25 Rêne
3989 5139 97 26 Didier

3741 5170 194 27 Bouzincourt
3990 5172 84 25 Roux

3741 5202 111 25 Jérôme
3986 5202 146 27 Dumesnil

3741 5232 109 25 Amélie
3989 5233 83 25 Judic

3692 5257 11 22 t
3741 5262 367 27 M-'BouzincourtMaurel

3741 5294 144 27 Victorino
3990 5296 117 25 Bernier

3692 5326 5 33 >
3722 5335 6 19 i
3741 5326 27 24 M
3772 5330 27 11 m,
3806 5327 148 25 Andcrson
3985 5327 174 32 Marguerite

3739 5357 28 24 M
3771 5361 26 12 n,
3798 5357 181 26 deGrandsec
3986 5357 94 26 Véran

3756 5418 256 27 RENAISSANCE
4071 5418 15 22 8
4100 5418 30 22 h.
4146 5399 37 48 î/4

3777 5466 65 25 LES
3861 5467 91 25 BONS
3973 5467 190 25 PRINCIPES

3785 5499 92 26 com.l
3888 5499 125 31 acte,W.
4023 5499 133 25 Busnach

3898 5548 46 25 LE
3966 5539 74 32 SAÏS

3737 5581 83 24 conte
3828 5578 87 25 arabe
3930 5580 14 24 4
3953 5581 87 28 actes,
4050 5580 115 31 paroles
4173 5588 9 18 e

3692 5608 18 25 3t
3769 5609 129 32 musique
3908 5610 33 25 de
3950 5611 74 24 Mme
4033 5610 137 32 Olagnier

3737 5641 115 32 Naghib
3984 5641 109 31 Capoul

3739 5673 104 25 Serour
3984 5670 77 37 Jolly

3692 5702 2 26 i
3738 5704 37 24 Le
3790 5702 115 26 Khalife
3983 5704 105 25 Valero

3738 5733 171 26 Aboubakre
3983 5733 162 27 Alexandre

3738 5764 124 27 Reschid
3979 5765 144 26 Duchosal

3737 5796 98 25 Téflda
3861 5824 11 6 _
3981 5797 116 25 Landau

3736 5826 90 32 Nesly
3861 5824 11 6 *
3893 5825 9 5 '
3981 5828 172 25 Desclauzas

3738 5857 109 25 Fatime
3986 5859 31 24 C.
4033 5858 119 26 Linville

3737 5888 109 33 Hendjé
3984 5888 162 33 Boulanger

3692 5934 7 11 .
3738 5920 106 25 Sadika
3983 5920 130 26 Berthier

3694 5970 14 24 4
3781 5994 196 28 CHATELET
3993 5993 59 24 -7
4067 5992 27 26 h.
4108 5993 45 30 3/4

3692 6024 17 25 N
3735 6045 65 26 LES
3815 6045 115 26 MILLE
3944 6045 45 26 ET
3999 6045 74 26 UNE
4088 6045 94 26 NUITf

3736 6084 44 25 gr.
3789 6077 69 26 féer.
3868 6084 81 19 nouv.
3965 6078 13 25 3
3993 6084 26 19 a.
4032 6078 27 24 et
4074 6077 30 25 31
4116 6077 66 26 tabl.

3692 6103 15 17 ,e
3765 6109 56 25 Ad.
3833 6109 130 31 Dennery
3977 6110 27 22 et
4015 6109 31 24 P.
4057 6107 111 26 Ferrier

3735 6138 137 26 Schariar
3981 6138 144 26 Christian

3692 6167 15 25 le
3733 6169 142 26 Ali-Baba
3983 6169 132 26 Germain

3735 6201 162 27 Noureddin
3981 6201 94 25 Allart

3735 6233 96 25 Salem
3979 6233 172 30 Bourgeott»

3735 6262 130 26 Bachour
3983 6262 94 26 Vivier

3735 6294 141 25 Hammon
3980 6294 110 25 Donato

3733 6325 133 26 Nardoun
3870 6324 106 27 Arsouf
3983 6325 119 25 Romani

3735 6357 100 25 Cassin
3984 6356 103 38 Valéry

3732 6387 219 30 Abou-Hassan,
3963 6386 118 25 Simbaa
4094 6386 27 25 le
4130 6385 35 25 Ma-

3763 6417 54 32 rin,
3827 6419 53 24 etc.
3902 6417 41 26 M*
3944 6423 6 9 1
3979 6417 203 26 Zulmaßouffai

3692 6451 11 18 a
3732 6449 151 32 Cléopàtre
3980 6449 33 25 P.
4024 6449 148 32 Deshayes

3732 6480 177 26 Scherazade
3979 6480 93 25 Farna

3692 6527 8 7 -
3731 6511 159 25 Dinarzade
3980 6509 113 26 Benatti

3731 6542 87 25 Génie
3823 6542 48 25 des
3878 6541 98 26 contes
3981 6541 126 26 Marckcl

3731 6574 39 25 Le
3780 6573 70 32 petit
3859 6574 92 25 Bossu
3978 6573 87 32 petite
4074 6573 41 25 M.
4124 6572 58 25 Ton;

3793 6646 158 27 NATIONS
4010 6645 15 24 8
4038 6645 30 24 h.
4083 6644 43 31 »/»

3807 6696 92 26 JEAN
3914 6696 47 25 LE
3974 6694 139 25 COCHER

3774 6730 43 24 dr.
3823 6730 14 24 7
3846 6730 87 28 aotes,
3943 6729 25 25 J.
3976 6726 170 32 Bouchardy

3728 6758 195 28 Jean-Claude
3976 6759 92 24 Maur.
4080 6757 98 26 Simon

3728 6790 190 27 Petit-Pierre
3977 6789 117 25 Mondet

3728 6821 92 33 Luidji
3976 6821 73 25 Riva

3729 6853 123 27 Général
3862 6853 94 31 Roger
3976 6852 118 25 Dalbert

3728 6883 117 28 Colonel
3854 6883 96 31 Roger
3976 6881 118 26 Pouctal

3728 6915 92 26 Morel
3976 6912 98 26 Crevol

3729 6948 98 24 Simon
3976 6945 90 25 Jalian

3728 6978 100 26 Benoît
3974 6976 56 26 Léo

3728 7009 157 27 Geneviève
3976 7005 107 27 Weber

3728 7043 105 25 Jeanne
4018 7039 128 27 Bernage

4307 4835 142 28 AMBIGU
4465 4846 30 7 -
4509 4845 12 13 >
4538 4833 27 27 h.
4583 4835 41 30 »/»

4201 4987 4 25 l

4380 5091 172 27 RELACHE

4233 5391 325 28 PORTE-S'-MARTIN
4567 5391 111 32 —»h.»/;

4201 5582 1 25 t

4374 5647 172 26 RELACHE

4245 5941 246 34 NOUVEAUTÉS
4506 5959 31 8 -
4550 5946 15 25 7
4578 5946 30 26 h.
4622 5947 46 32 3/4

4426 5998 65 25 LES

4201 6037 1 32 ;
4226 6037 190 26 TERREURS
4426 6038 48 25 DE
4485 6038 194 31 DOMINIQUI

4271 6069 84 25 vaud.
4365 6070 15 24 1
4389 6071 73 30 acte,
4474 6071 35 24 A.
4520 6071 124 26 Dumont

4264 6119 46 26 LE
4324 6120 93 25 JOUR
4435 6122 46 25 ET
4498 6122 48 26 LA
4560 6122 92 26 NUIT

4225 6152 85 31 op.-b.
4319 6152 14 24 3
4342 6159 39 24 a.,
4388 6152 110 26 Vanloo
4506 6156 28 22 et
4541 6155 137 26 Letemer,

4322 6189 72 20 mus.
4408 6184 35 25 de
4456 6183 142 26 Leterrier

4226 6214 41 24 De
4277 6214 158 27 Calabazas
4472 6215 142 26 Brasseur

4225 6244 132 26 Braseiro
4472 6247 158 25 Berthelier

4225 6274 106 32 Miguel
4472 6278 33 25 E.
4517 6278 162 31 Montaubry

4224 6306 61 25 Don
4300 6306 141 32 Dégomez
4473 6307 118 32 Scipion

4224 6337 143 26 Cristoval
4473 6339 110 25 Matrat

4224 6367 117 26 Manola
4394 6369 67 26 M"*'
4474 6370 93 32 Marg.
4579 6370 99 32 Ugaldfl

4224 6398 117 26 Béatrix
4473 6400 25 24 J.
4514 6402 141 26 Darcourt

4224 6430 152 26 Sanchotte
4470 6431 116 25 Piccolo

4224 6459 119 27 Lizarda
4467 6462 149 26 Mauriane

4224 6573 300 28 BOUFFES-PARIS.
4533 6574 56 25 -8
4603 6574 76 32 h.»/»

4324 6632 48 26 LA
4394 6632 188 27 MASCOTTE

4235 6664 92 33 op.-b.
4341 6665 15 26 S
4371 6671 38 26 a.,
4422 6666 79 25 Duru
4517 6669 27 22 et
4559 6666 110 33 Chivot,

4298 6703 73 20 mus.
4384 6697 35 25 de
4436 6697 41 25 M.
4491 6697 118 26 Audran

4221 6728 90 32 Pippo
4465 6728 105 26 Morlet

4220 6758 122 25 Laurent
4467 6759 161 26 Hittemans

4220 6788 141 26 Fritellini
4463 6789 137 27 Marcelin

4220 6821 96 25 Rocco
4466 6821 148 26 Raucourt

4219 6850 152 26 Parafante
4467 6852 142 34 Larroqua

4218 6881 117 26 Mathéo
4468 6882 146 28 Desmont*

4219 6912 142 38 Cypriano
4465 6913 120 27 Dartaut

4219 6944 113 25 Bettin»
4468 6945 169 26 Montbazon

4218 6976 139 26 Fiamett»
4465 6977 34 24 B.
4511 6977 125 30 Legrand

4219 7006 117 25 Rafaële
4466 7006 77 35 Lilly

4220 7037 81 25 Carlo
4466 7038 98 24 Tusmi

4729 4837 309 31 FOLIES-DRAMAT.
5046 4838 91 31 —Bjh.
5145 4841 43 28 »/*

4924 4877 65 26 LES

4727 4913 193 28 ANGOISSES
4936 4917 48 26 DE
4998 4917 189 27 RIVAUDON

4865 4948 79 32 pièce
4957 4949 14 25 1
4988 4951 63 24 acte

4779 4985 45 25 LE
4844 4987 105 27 PETIT
4963 4988 171 26 PARISIEN

4726 5022 86 26 op.-c.
4824 5017 13 24 3
4846 5026 38 24 s.,
4896 5021 106 25 Burani
5017 5021 28 25 et
5059 5021 111 25 Bouche-

4788 5054 60 25 ron,
4864 5056 71 19 mus.
4950 5053 35 22 do
5000 5052 126 25 Vasseur

4728 5108 89 26 Ch.du
4822 5113 67 28 guet
4897 5113 178 32 MM.Maugé

4727 5139 123 27 Cottinet
4972 5144 184 27 Simon-Max

4726 5171 240 33 Duodeßagnoux
4974 5176 74 24 Luco

4726 5204 59 24 San
4799 5204 107 26 Bricoli
4969 5205 98 25 Bartel

4726 5232 39 25 Le
4778 5235 110 26 vidame
4974 5236 148 27 Ambroise

4726 5263 59 26 Dir.
4796 5264 34 26 de
4844 5265 97 27 loterie
4974 5269 81 32 Sujol

4726 5295 143 33 L'exempt
4971 5298 93 32 Speck

4696 5326 1 32 .
4724 5326 229 32 M'dejournaux
4969 5329 94 26 Jeault

4728 5357 34 25 Le
4778 5357 110 27 colonel
4974 5360 142 26 Bourïelle

4696 5387 1 38 i
4726 5387 85 27 Flora
4893 5391 28 24 M
4926 5396 14 9 m
4972 5393 74 25 Rose
5059 5393 111 32 MerySS

4724 5419 130 26 Princ.de
4861 5420 102 26 Parme
4971 5424 107 25 Burton

4724 5451 27 24 M
4756 5451 4 28 l
4760 5451 156 26 "'do-nèfles
4971 5454 99 25 Sohlia

4724 5481 74 25 Petit
4812 5484 126 32 marquis
4971 5485 96 32 Roger

4723 5512 76 26 Potit
4812 5513 72 26 abbô
4969 5517 66 26 Fais
5039 5523 35 19 on

4755 5556 85 51 TH.
4926 5556 28 51 »

4867 5627 174 27 RRLACHB

4721 5687 280 35 ATHÉNÈE-COM.
5015 5707 31 7 -
5062 5696 15 24 8
5094 5696 28 24 h.
5139 5698 47 30 1/2

4721 5731 51 25 UN
4787 5732 135 25 HOMME
4936 5733 103 31 FORT,
5057 5735 30 22 S.
5098 5735 34 24 V.
5150 5737 35 26 P.

4721 5770 26 17 v.
4754 5764 12 24 1
4776 5764 71 30 acte,
4854 5764 125 26 Richard
4988 5767 27 22 et
5023 5766 34 25 O.
5065 5767 120 33 Monroy

4869 5803 45 25 LE
4928 5804 111 26 LAPIN

4720 5832 71 25 e.-b.
4802 5833 14 22 S
4828 5839 38 21 a..
4883 5835 123 25 Bataille
5020 5837 27 25 et
5061 5837 124 28 Fougère

4721 5889 343 34 COMÉDIE-PARIS.—
5073 5897 18 24 b
5104 5896 79 32 h../.

4720 5939 96 26 TANT
4831 5940 118 25 MIEUX
4964 5942 97 25 POUR
5072 5943 91 28 ELLE
5172 5941 9 31 !

4766 5978 44 25 gr.
4818 5979 58 18 rev.
4883 5972 13 25 3
4906 5974 78 25 actes
4994 5976 27 22 et
5031 5974 14 25 7
5054 5975 81 31 tabl.,

4752 6001 116 31 Burani,
4883 6002 112 33 Buguet
5009 6007 28 24 ot
5052 6006 100 26 Brault

4720 6044 246 47 CHAÏËXÛ-DTÎ
4969 6065 22 26 A
4995 6065 20 26 U
5027 6077 31 5 -
5070 6046 111 51 BhT^

4817 6107 270 28 CASSE-MUSEAU

4719 6138 41 26 dr.
4769 6139 15 25 5
4794 6142 77 27 actes
4883 6143 26 22 et
4918 6142 15 24 7
4943 6142 79 32 tabl.,
5034 6143 33 26 G.
5078 6144 47 26 Ma

4817 6170 131 33 Philippe
4962 6177 27 21 et
5006 6174 83 26 Marx

4799 6230 123 26 CLUNY
4981 6230 14 24 8
5010 6230 28 25 h.
5054 6233 44 27 »/»

4757 6267 51 26 UN
4821 6267 133 26 HOMME
4967 6269 47 24 DE
5026 6270 116 26 GLACE

4824 6299 14 26 1
4853 6301 71 28 acte,
4941 6300 31 25 E.
4987 6302 91 26 Morel

4922 6338 50 26 UN

4715 6370 116 32 LYCÉE
4844 6378 46 25 DE
4903 6378 136 26 JEUNES
5054 6380 126 28 FILLES

4747 6416 83 25 v.-op.
4837 6410 14 24 5
4860 6416 37 24 a.,
4907 6410 113 31 Bisson,
5031 6418 71 20 mus.
5112 6415 37 25 de

4847 6441 87 25 Louis
4949 6442 94 32 Gregh

4716 6500 417 32 FANTAISIES-PARIS.-8
5144 6502 32 30 h.

4786 6541 141 28 ALLONS
4941 6543 87 27 VOIR
5040 6546 45 30 ÇA
5096 6541 8 30 !

4714 6580 58 19 rev.
4778 6573 14 26 3
4800 6575 77 24 actes
4889 6578 26 21 et
4923 6574 15 25 8
4948 6576 79 31 tabl.,
5036 6578 142 28 Montréal

4870 6606 27 25 et
4911 6606 109 26 Grisier

4736 6651 419 37 ELYSÉE-MONTMARTRE

4714 6689 54 26 Bal
4780 6690 37 25 de
4830 6690 63 26 nuit
4911 6691 43 25 les
4972 6691 163 28 dimanches
5150 6697 27 25 et

4892 6720 104 31 jeudis.

4795 6768 133 28 CIRQUE
4948 6769 144 27 D'HIVER
5165 6757 8 12 '

4713 6800 77 25 Tous
4798 6800 41 25 les
4846 6801 83 31 soirs,
4938 6802 17 25 à
4962 6802 15 24 8
4985 6801 38 32 h.,
5031 6804 144 26 exercices

4742 6830 143 35 équestres
4894 6831 133 25 variés.—
5037 6834 93 26 Début
5139 6835 34 26 de

4742 6867 69 19 miss
4820 6861 216 27 Nouma-Hawa
5046 6867 28 24 et
5083 6867 34 24 de
5127 6873 46 20 ses

4743 6892 80 26 lions.
4873 6894 39 25 Le
4928 6894 120 32 Pavage,
5065 6904 53 25 par
5131 6898 43 27 les

4742 6925 104 25 Bozza.

4819 6976 240 28 HIPPODROME

4713 7009 113 27 Clôture
4839 7010 138 27 annue'le.
5028 7011 125 28 Réouver-

4818 7044 61 25 ture
4893 7043 27 26 le
4982 7044 83 27 avril.

357 157 30 44 4

2134 161 69 41 LE
2230 162 246 40 GAULOIS,
2578 163 286 44 MERCREDI
2883 162 30 41 8
2948 167 236 40 FEVRIER
3213 164 103 41 1882

4624 2509 43 27 Le
4684 2509 155 34 cogérant
4852 2517 12 19 :
4886 2509 104 31 Louis
5009 2510 155 30 JEANNIN.

4507 2564 175 32 Imprimerie
4697 2568 38 24 du
4754 2568 129 25 Gaulois.
4946 2568 25 26 J.
4990 2568 132 26 LUCOTTB

4433 2595 21 24 9,
4467 2594 137 24 boulevard
4622 2596 46 22 des
4689 2597 109 22 Italien».
4853 2598 57 21 Tiré
4929 2604 44 21 par
4989 2600 27 20 G.
5033 2600 159 21 KXIOKI.UA**

4513 2636 150 22 Caiaotira*
4677 2636 32 22 de
4722 2636 26 22 la
4761 2639 117 21 foadtri*
4894 2640 125 25 Wmrnary
5035 2640 79 20 frsirea

287 2739 37 30 Ht
333 2738 72 31 110
411 2738 63 31 AHf
489 2735 19 25 à
517 2726 213 40 ASNIÈRES,
739 2740 124 19 avenue
870 2734 143 31 Pereire,
1019 2733 40 26 50

287 2759 184 37 iIIAIJjUII
488 2766 107 32 (ancien
602 2766 47 31 32),
658 2770 26 20 et
696 2767 86 24 MAISON
794 2765 266 30 àßois-Colombcs,

287 2761 183 34 IIIAIiSUII
488 2766 196 32 (ancien32),et
696 2767 86 24 MAISON
794 2765 266 30 àßois-Colombcs,

286 2798 106 25 ruedcs
399 2798 183 30 Carbonnots,
588 2798 39 24 41.
635 2798 13 24 A
658 2798 113 28 ADJUGER,
778 2804 13 17 s
793 2803 7 8 r
807 2804 52 18 une
866 2796 91 30 ench.,
964 2804 34 17 en
1004 2796 56 25 l'êt.

286 2828 515 31 deM'DEHEßPE.not.àColombcsJo
810 2826 149 26 dimanche
967 2828 31 24 12
1006 2826 53 26 fév.

283 2858 776 33 1882,àmidi.M.àp.ch.lot,8,000'.S'ad.aud.M°Dehcrpo

330 2926 92 26 Etude
436 2926 34 25 de
539 2927 99 31 JOBEY,
652 2926 111 25 notaire
777 2926 18 24 à
808 2924 92 32 Crépy
915 2923 96 32 (Oise).

291 2960 18 33 |
318 2961 32 21 n
363 2957 248 31 lUDICATION,
627 2956 27 25 le
667 2956 148 25 dimanche
829 2956 31 24 12
875 2954 100 26 février
987 2954 71 32 1882,

283 2981 32 37 A
320 2981 58 35 11(1
399 2995 33 18 on
448 2987 103 26 l'ctudo
563 2988 34 25 do
667 2988 98 30 JOBEY,
788 2987 111 25 notaire
914 2987 18 24 à
948 2987 91 31 Crépy
1052 2993 6 17 :

282 3021 165 58 FEKIHE
465 3021 63 58 DE
543 3021 152 58 LESSA
702 3019 294 60 RT-L'ABBES
1002 3019 58 59 SE

282 3083 92 25 entre
399 3080 102 32 Crépy
524 3084 33 24 et
581 3080 217 31 Pierrefonds,
820 3079 35 25 de
876 3079 47 25 164
943 3078 27 26 h.
985 3079 30 25 41
1031 3086 27 18 a.

282 3111 32 26 55
328 3118 35 24 c.,
380 3111 65 26 d'un
459 3111 63 26 seul
535 3113 106 28 tenant,
656 3113 19 24 à
689 3112 46 25 300
755 3112 103 25 mètres
880 3111 34 24 de
938 3110 30 25 la
990 3117 70 24 gare

283 3144 44 30 (en
341 3143 213 32 construction),
570 3145 78 24 entre
663 3143 43 25 les
719 3143 86 25 forêts
821 3143 34 24 de
869 3141 174 27 Villers-Cot-

282 3176 87 24 terets
384 3176 28 24 et
426 3175 180 31 Compiègne,
621 3182 56 18 une
691 3174 87 26 heure
791 3174 33 24 de
840 3171 93 26 Paris.

439 3207 116 25 Revenu
569 3207 48 24 net
764 3204 87 31 17,000
867 3204 34 24 fr.

438 3236 73 25 Mise
527 3239 18 24 à
560 3236 65 32 prix
749 3236 104 30 520,000
868 3235 33 25 fr.

314 3267 161 26 S'adresser
490 3274 35 19 au
540 3267 119 30 notaire,
674 3267 50 33 qui
748 3274 117 19 enverra
888 3272 38 19 un
950 3265 69 31 plan
1041 3266 18 24 à

282 3300 79 25 toute
374 3306 139 24 personne
527 3299 50 32 qui
589 3306 34 18 en
639 3299 60 25 fora
713 3299 30 24 la
755 3296 148 26 demande.

359 3365 91 26 Etude
464 3366 34 25 de
568 3366 25 25 J.
609 3366 123 30 TISSIER,
750 3365 89 26 avoué
854 3365 19 24 à
889 3363 90 30 Paris,

509 3398 38 30 50,
563 3404 50 19 rue
628 3397 206 25 Sainte-Anne.

280 3431 158 32 liniTr
458 3437 37 17 au
511 3428 107 30 Palais,
637 3430 18 22 à
670 3428 94 30 Paris,
780 3428 26 24 le
821 3425 139 26 mercredi
974 3425 32 25 22
1022 3424 37 26 fé-

288 3457 17 33 I
314 3454 57 35 Ill\
381 3464 19 25 1
412 3454 27 35 lil
506 3459 76 26 vrier
595 3459 71 30 1882,
681 3461 19 24 à
713 3459 76 24 deux
804 3457 111 31 heures,
932 3456 81 26 d'une

287 3450 152 40 ÏMIW
506 3459 76 25 vrier
595 3459 71 30 1882,
681 3461 19 24 à
713 3459 76 24 deux
804 3457 111 31 heures,
932 3456 81 26 d'une

280 3494 190 58 MAISON
510 3494 110 58 SISE
660 3494 27 58 A
722 3489 338 60 PARIS-PASSY

280 3561 58 19 rue
366 3554 57 25 des
445 3554 231 30 Marronniers,
702 3553 17 25 1
743 3554 27 22 et
783 3553 28 30 3,
827 3554 17 21 à
857 3550 105 31 l'angle
977 3550 35 24 de
1028 3550 30 24 la

280 3593 52 18 rue
347 3585 183 31 Raynouard.
546 3583 177 32 (Jouissance
738 3581 182 31 immédiate.)

493 3614 73 25 Mise
579 3617 18 22 à
613 3614 66 32 prix
691 3621 6 18 :
713 3614 87 31 50,000
816 3614 34 24 fr.

311 3646 180 31 S'adresser,-
504 3653 73 21 pour
602 3645 41 26 les
667 3645 249 32 renseignements,
940 3644 17 24 à
978 3644 13 33 M
1004 3644 14 33 0
1031 3644 27 33 J.

281 3678 125 30 TISSIER,
423 3685 89 18 avoue
523 3685 7 21 ;
547 3678 17 25 à
580 3678 40 24 M'
632 3678 151 28 Lemaître,
798 3676 120 28 notaire,
935 3676 35 28 et,
987 3681 71 25 pour

278 3709 110 30 visiter,
403 3710 18 25 à
436 3710 40 24 M.
493 3709 128 28 Milsant,
633 3706 148 33 jardinier,
794 3707 41 30 13,
850 3713 52 18 rue
915 3704 50 26 des
980 3706 59 25 Mar-

281 3739 138 31 ronniers,
437 3739 34 25 de
487 3746 56 18 une
555 3739 87 25 heure
657 3739 18 24 à
689 3737 71 26 trois
776 3733 112 30 heures.

288 3813 59 30 AII
360 3810 17 32 l
380 3815 33 18 on
419 3827 6 11 '
436 3815 33 18 en
482 3808 102 26 l'étude
599 3807 35 25 de
700 3807 129 28 GARCET,
840 3807 57 22 not.
911 3806 18 22 à
940 3804 119 25 Provins

281 3831 93 38 AUtl
387 3839 150 31 (S.-et-M.),
547 3846 34 17 en
589 3837 137 32 présence
737 3836 34 25 de
780 3837 40 24 M*
828 3837 139 27 MANDRE,
977 3837 58 22 not.
1043 3836 17 24 à

280 3869 120 32 Nangis,
412 3869 27 25 le
449 3868 150 26 dimanche
609 3869 14 24 5
643 3869 77 28 RUE
737 3870 51 31 l?!,
789 3870 6 14 1
801 3870 27 32 !)
835 3870 65 30 AÏII
946 3867 39 24 de
1000 3867 32 25 la

280 3908 77 19 mars
367 3900 71 31 1882,
450 3901 18 25 à
478 3900 14 25 2
503 3900 38 32 h.,
550 3900 34 25 de
594 3900 30 25 la
644 3885 31 43 15
737 3893 15 34 1
771 3885 96 41 LISiVI
875 3885 25 41 Sli
919 3896 139 32 POSTE,

280 3939 100 19 comm.
387 3932 34 25 de
432 3931 235 31 Maison-Rouge,
674 3938 58 17 arr.
739 3930 34 24 de
782 3930 129 24 Provins.
918 3928 104 24 Vastes
1033 3931 26 21 et

281 3965 92 25 beaux
383 3963 154 25 bâtiments
546 3965 28 22 et
583 3963 46 24 214
640 3961 74 24 hect.
729 3967 60 18 env.
801 3960 34 25 de
844 3961 102 27 terres,
957 3959 65 32 prés
1032 3960 27 24 et

279 3994 72 26 bois.
361 3994 137 30 Fermage
509 3996 46 22 net
565 3992 132 32 d'impôts
706 3991 131 33 jusqu'au
893 3998 76 17 mars
979 3991 63 24 1900
1052 3998 6 17 :

280 4025 87 31 20,500
379 4024 307 31 fr.—Maison-Rouge
697 4024 43 25 est
752 4024 18 24 à
781 4023 31 24 78
821 4022 99 25 kilom.
932 4020 34 25 de
976 4022 83 24 Paris

280 4061 27 21 et
321 4058 18 24 à
352 4056 15 26 2
380 4056 98 26 kilom.
490 4056 34 25 de
535 4056 28 25 la
573 4054 107 27 station
694 4055 38 25 du
749 4055 89 24 même
853 4059 74 22 nom,
940 4051 76 31 ligne
1026 4052 33 24 de

279 4089 84 26 Paris
377 4089 19 24 à
410 4087 150 26 Belfort.—
569 4085 163 26 S'adresser
743 4084 115 25 auxdits
931 4083 128 25 MANDRE

276 4121 28 24 et
321 4120 131 28 GARCET,
469 4117 172 32 dépositaire
657 4116 35 25 de
707 4115 150 26 l'enchère.

356 4200 92 25 Etude
462 4199 35 25 do
567 4199 132 31 Auguste
713 4198 144 28 TRICAUD,
881 4194 99 31 avoué,

531 4237 51 18 rue
595 4230 35 24 de
646 4227 106 31 Rivoli,
769 4227 39 25 84.

278 4265 158 31 IJFIVTI?
465 4267 37 19 au
526 4260 96 32 palais
645 4259 35 25 de
704 4258 118 30 Justice,
850 4257 26 26 le
900 4258 30 26 25
957 4257 103 25 février

286 4296 15 27 I
314 4285 54 37 Ij|\
380 4285 19 37 1
409 4285 28 37 |lj
465 4292 72 30 1882,
553 4292 18 25 à
585 4291 77 26 deux
677 4291 103 25 heures
795 4290 35 24 de
843 4287 118 30 relevée,
978 4287 81 25 d'une

278 4325 188 60 MAISON
482 4324 34 25 SI
517 4324 20 54 f
542 4324 21 24 E
580 4324 150 58 PARIS
745 4351 28 31 7,
787 4352 33 24 et
830 4358 25 18 r.
866 4350 130 32 Castex,
1011 4337 47 39 34'.

373 4387 178 24 Contenance
568 4383 113 26 environ
789 4382 47 25 760
850 4382 113 25 mètres.

340 4419 116 24 Revenu
471 4416 66 25 brut
552 4415 117 26 environ
857 4413 90 31 16,300
963 4413 33 25 fr.

451 4447 74 25 Mise
537 4448 18 24 à
567 4446 129 33 prix....
732 4444 105 31 150,000
850 4444 35 24 fr.

390 4479 66 26 Prêt
471 4478 37 26 du
526 4476 96 27 Crédit
637 4475 137 26 foncier..
811 4475 87 31 50,000
915 4475 33 25 fr.

311 4511 102 28 S'adr.,
436 4517 73 25 pour
530 4509 43 25 les
592 4508 243 31 renseignements
848 4513 6 17 :
909 4506 19 25 à
943 4506 30 25 M
974 4509 8 12 e
999 4507 40 24 Au-

279 4545 83 30 guste
374 4541 135 27 TRICAUD
524 4543 26 22 et
567 4540 17 25 à
657 4538 150 28 Foucault,
828 4537 113 30 aveués,
958 4538 30 24 et
1042 4539 18 22 à

341 4571 158 32 Augouard
516 4572 27 25 et
557 4570 117 31 Théret,
690 4569 133 26 notaires.

1127 2738 13 20 i
1153 2738 30 32 Jk
1196 2738 81 32 |on,s
1279 2739 9 9 r
1293 2733 389 31 uncench.,enlach.dcsnot.
1695 2732 196 33 ïmAHUIÉTÉ

1119 2756 93 38 AUJ
1225 2765 34 25 do
1267 2764 91 31 Paris,
1368 2764 27 26 le
1404 2765 31 25 14
1446 2764 69 26 févr.
1524 2765 71 30 1882,
1604 2764 80 26 d'une
1691 2756 17 39 I
1723 2756 86 39 IIUI
1848 2767 18 24 à

1115 2796 137 32 PARIS,
1261 2797 87 25 boul.
1355 2797 254 31 Montparnasse,
1618 2797 19 25 9
1812 2797 79 26 Cont.

1116 2828 90 25 totale
1215 2826 90 26 d'env.
1316 2828 45 24 378
1371 2835 35 17 m.
1457 2826 83 25 Libre
1557 2828 34 24 do
1604 2828 133 25 location.
1748 2828 102 25 Entrée
1859 2836 32 17 en

1114 2858 163 32 jouissance
1291 2857 171 26 immédiate.
1522 2857 74 26 Mise
1617 2859 18 22 à
1655 2858 64 31 prix
1731 2857 5 33 :
1754 2859 87 28 50,000
1858 2859 33 24 fr.

1117 2889 91 25 S'adr.
1225 2890 18 24 à
1313 2890 144 30 RIGAULT,
1473 2890 67 28 not.,
1557 2890 39 30 31,
1613 2889 76 25 boul.
1707 2889 182 33 Sébastopol.

1403 2957 247 58 poiOTr
1652 2957 12 24 s
1668 2960 174 56 -fjusT
1846 2959 45 24 AUX

1116 3018 122 25 Prél'ect.
1261 3018 64 31 près
1350 3017 92 25 Paris.
1460 3018 54 24 Aiï.
1530 3019 89 28 45,000
1632 3018 33 26 fr.
1682 3019 94 24 Bénél'.
1793 3019 31 24 40
1838 3019 53 31 0/0.

1119 3047 272 33 Loyer2,Boofr.Bail
1396 3048 495 32 10ans.Magnif.install.PrixlO,000

1116 3079 67 25 fr.—
1191 3079 156 25 S'adr.àM.
1354 3079 273 31 Nouctte-Delorme,
1633 3080 40 30 24,
1681 3080 91 25 ruede
1778 3081 111 31 Bond.y.

1277 3146 223 26 COMPAGNIE
1522 3146 214 33 FRANÇAISE

1121 3182 109 61 DES
1284 3183 176 58 MINES
1512 3183 70 58 DU
1637 3183 250 60 LAURIUM

1147 3254 40 25 Le
1207 3253 107 25 conseil
1337 3253 254 26 d'administration
1613 3254 34 25 de
1669 3254 31 25 la
1721 3254 170 32 Compagnie

1116 3285 142 31 française
1272 3285 50 24 des
1337 3283 91 25 Mines
1443 3285 37 24 du
1499 3283 132 26 Laurium
1648 3286 128 31 rappelle
1787 3287 19 24 à.
1819 3287 72 25 MM.

1116 3315 43 25 les
1174 3314 190 26 actionnaires
1387 3322 54 24 que
1462 3314 175 26 l'assemblée
1658 3317 142 31 générale,
1814 3319 18 22 à
1848 3318 28 25 la-

1115 3346 96 32 quelle
1225 3345 37 26 ils
1277 3347 64 24 sont
1350 3345 169 32 convoqués,
1532 3354 71 17 aura
1612 3346 56 25 lieu
1681 3348 17 24 à
1708 3346 70 26 trois
1789 3347 102 26 heures

1116 3379 28 24 et
1159 3377 99 31 demie,
1271 3377 78 33 jeudi
1374 3377 139 33 prochain
1535 3378 17 24 9
1576 3377 100 26 février
1700 3380 126 30 courant,
1852 3387 37 17 au

1116 3409 79 32 siège
1209 3409 98 30 social,
1324 3409 39 30 63,
1380 3416 50 18 rue
1444 3409 143 26 Taitbout.

1120 3477 282 89 BANQUE
1460 3477 430 80 PARISIENNE

1365 3581 116 25 SOCIÉTÉ
1506 3588 136 19 ANONYME

1198 3643 207 28 CAPITAL
1431 3651 9 20 :
1481 3644 51 27 70
1574 3644 231 30 MILLIONS

1239 3703 67 28 Rue
1325 3703 164 27 Chauchat
1507 3703 132 33 (ancien
1656 3703 115 35 Opéra)

1121 3815 60 28 LA
1206 3815 185 32 BANQUE
1415 3816 272 26 PARISIENNE
1711 3822 34 22 so
1770 3815 120 38 charge

1226 3850 236 37 gratuitement
1478 3850 143 35 d'opérer
1630 3852 33 27 la
1674 3852 217 34 souscription

1226 3886 20 28 à
1273 3883 91 31 toute
1394 3886 154 28 émission
1577 3886 167 37 d'actions,
1774 3887 100 35 obliga-

1226 3922 98 34 tions,
1341 3922 76 27 bons
1431 3922 33 28 et
1479 3922 167 28 annuités.

1119 3984 61 26 LA
1206 3984 185 31 BANQUE
1416 3984 272 26 PARISIENNE
1711 3991 34 20 se
1769 3984 122 37 charge

1226 4018 184 30 d'effectuer
1437 4019 76 28 tous
1540 4019 210 35 placements,
1778 4020 113 28 achats

1226 4055 32 27 et
1272 4055 124 34 ventes,
1408 4061 79 22 sans
1499 4056 146 33 prélever
1661 4056 124 27 d'autre
1800 4062 72 22 cour-

1225 4089 78 37 tage
1317 4096 61 28 que
1394 4090 28 28 le
1439 4090 157 35 courtage
1610 4089 86 37 légal
1717 4096 98 31 perçu
1832 4098 58 28 par

1225 4126 47 28 les
1287 4126 117 35 agents
1420 4126 39 28 de
1474 4126 136 35 change.

1117 4188 63 27 LA
1200 4188 184 31 BANQUE
1406 4188 270 27 PARISIENNE
1697 4188 104 30 donne
1817 4195 56 30 gra-

1222 4224 172 28 tuitement
1423 4224 20 28 à
1470 4231 52 21 ses
1552 4225 270 39 correspondants
1847 4232 43 22 ou

1222 4258 155 31 visiteurs
1406 4259 48 28 les
1487 4259 138 28 conseils
1661 4259 137 37 inspirés
1831 4267 59 30 par

1224 4300 64 22 une
1311 4294 144 28 sérieuse
1480 4294 33 28 et
1535 4296 172 28 constante
1728 4296 96 28 étude
1847 4297 43 28 du

1224 4330 131 30 marché
1369 4330 167 30 financier.

1116 4393 61 28 LA
1213 4393 184 31 BANQUE
1434 4394 274 27 PARISIENNE
1741 4394 149 28 encaisse

1221 4427 236 37 gratuitement
1480 4428 77 28 tous
1578 4434 142 30 coupons
1735 4428 97 30 remis
1848 4436 40 21 en

1221 4463 163 35 paiement
1390 4463 144 30 d'achats
1541 4465 175 28 devaleurs
1726 4465 163 28 déboursé

1222 4499 31 28 et
1270 4499 136 28 accorde
1430 4499 20 28 à
1473 4506 51 21 ses
1545 4499 115 30 clients
1676 4500 54 27 des
1747 4506 141 24 avances

1222 4540 56 24 sur
1292 4534 106 35 titres,
1411 4535 198 28 notamment
1626 4541 57 22 sur
1694 4535 46 28 les
1754 4535 132 30 valeurs

1222 4570 21 28 à
1258 4571 73 34 lots,
1348 4570 20 28 à
1382 4570 176 35 proximité
1571 4571 57 28 des
1642 4571 137 34 tirages.

2780 2770 371 35 uuanriuin
3203 2770 331 40 u&SfErtMi.

2815 2810 113 38 PARIS,
2936 2812 28 33 9,
2975 2812 162 28 Boulevard
3145 2815 211 35 Poissonnière,
3365 2817 27 35 9,
3402 2818 104 30 PARIS

2793 2863 131 24 HABABIHB
2939 2865 46 21 LEB
3006 2865 63 24 PLUB
3085 2867 93 22 VASTES
3196 2868 32 22 ET
3246 2869 45 22 LES
3311 2870 79 21 VIEUX
3409 2871 117 22 ASSORTIS

2780 2897 181 24 lUNEITEHIB,
2973 2900 129 22 OPTIQUE,
3115 2897 235 28 MATHÉMATIQUE,
3363 2903 176 22 HORLOGERIE

2802 2924 170 22 BIJOUTERIE,
2985 2922 182 26 ORFÈVRERIE,
3177 2928 111 19 ARGENT
3298 2930 17 17 A
3325 2926 97 24 MÉTAL
3429 2931 90 20 BLANO

2781 2950 118 22 BRONZE,
2917 2950 123 24 MARBRE,
3060 2953 158 25 IMITATION,
3242 2956 172 22 SUBPENSION,
3433 2957 105 20 LUSTRE

2940 2978 103 22 LAMPE,
3060 2979 159 21 GARNITURE
3236 2981 37 19 DE
3291 2982 91 19 FOYER

2783 3000 229 70 EBC&
3025 3004 71 66 °/o
3113 3012 167 51 an-flessons
3299 3013 47 51 des
3361 3014 61 51 Prix
3437 3025 99 44 connus

2796 3073 64 28 fani
2867 3079 107 22 FRANCO
2986 3076 38 26 lu
3033 3076 193 26 TAHITI-JLUUH
3242 3084 35 18 m
3292 3078 97 26 «soude
3402 3079 120 28 «ttrueU*.

2774 3142 93 38 Mlf
2874 3142 124 38 ÏI!?1VT
3007 3141 145 26 Véritable
3161 3144 122 30 onguent
3288 3142 252 33 CANET-GIRARD,

2774 3168 187 32 UiluUllll
2972 3168 19 32 1
3007 3171 295 33 guéris-promptedcs
3311 3174 99 32 plaies,
3418 3174 123 32 panaris,

2773 3202 142 24 blessures
2921 3202 278 32 quelconques,etc.2
3206 3204 305 33 fr.FVancop'poste,2o
3516 3214 25 18 c.

2772 3233 167 26 Pharmacie
2953 3231 125 33 Vérité,
3094 3234 24 30 4,
3135 3242 51 18 rue
3200 3235 48 24 des
3265 3235 142 31 Orfèvres,
3418 3239 17 22 à
3446 3236 92 26 Paris.

2826 3265 139 32 Fabrique
2981 3266 17 25 à
3014 3265 346 27 Garcnne-de-Colombcs
3373 3267 112 32 (Seine).

2190 2841 125 31 (FONDÉ
2328 2845 44 21 EN
2389 2846 81 24 I'a63)

2086 2877 137 37 Capital.
2249 2898 6 8 .
2281 2898 8 8 .
2333 2880 81 27 2©o
2437 2877 143 30 Millions

2083 2921 177 31 Réserves.
2281 2943 6 8 .
2359 2923 52 28 80
2434 2921 145 31 Millions

2150 2978 139 31 DÉPOTS
2309 2983 177 22 D'ARGENT
2502 2987 8 19 :

1949 3035 268 31 Remboursables
2235 3037 19 30 à
2267 3037 18 27 2
2300 3044 58 22 ans
2470 3039 18 28 5
2576 3041 17 27 0

2231 3081 19 28 à
2264 3081 35 28 18
2314 3081 116 30 mois..
2470 3084 18 28 4
2576 3085 21 31 0,

2230 3126 20 28 à
2264 3128 15 26 1
2297 3133 41 21 an
2470 3128 19 28 3
2576 3128 21 33 0,

2230 3171 20 28 à
2264 3174 18 26 G
2296 3171 132 28 mois...
2469 3174 18 26 2
2504 3172 53 32 1/2
2575 3172 22 32 0,

2231 3216 20 28 à
2264 3215 18 28 3
2296 3216 132 28 mois...
2469 3217 19 27 2
2575 3217 18 27 0

2230 3731 94 27 (Paraît
2337 3735 57 20 tans
2404 3735 38 20 les
2456 3733 158 26 Dimanches,
2627 3737 60 17 aree
2702 3737 51 17 ma
2769 3732 116 22 «anserlt
2894 3729 142 27 flaacclàre
3048 3735 34 20 du
3094 3733 81 22 Barcs
3187 3735 83 26 Liais)

2167 3837 47 30 LE
2228 3837 97 30 PLUS
2339 3837 176 31 COMPLET
2526 3839 51 30 DE
2590 3837 99 31 TOUS
2704 3836 69 31 LES
2781 3836 206 33 JOURNAUX
3000 3837 85 39 (SEIZE
3096 3846 84 26 PAGES
3187 3846 34 26 DE
3235 3840 96 39 TEXTE)

2041 3900 38 24 TT
2102 3900 25 28 A
2135 3915 60 21 nrt
2206 3917 28 22 n
2243 3917 25 27 P
2474 3888 137 44 générale
2617 3889 34 34 de
2666 3894 89 28 toutes
2764 3888 40 34 les
2813 3888 138 35 Valeurs.
2955 3891 91 33 —La
3056 3889 70 35 Cote
3136 3891 126 44 officielle
3270 3891 70 35 delà
3350 3894 104 35 Hours*

2039 3924 46 32 11
2101 3924 168 32 UUllllc
2285 3932 65 34 Les
2355 3932 176 44 Arbitrages
2537 3933 334 44 avantageux.-Leprix
2874 3933 48 34 des
2926 3933 231 44 Coupons.-Les
3161 3935 176 34 Documents
3343 3938 111 37 inédits.

2078 3986 211 40 Propriété
2304 3986 54 32 du
2372 3980 197 39 CRÉDIT
2583 3989 71 32 DE
2669 3989 236 32 FRANCE.-
2919 3989 131 40 Capital
3064 3998 11 22 :
3085 3989 244 41 75,000,000
3337 3993 41 28 de
3387 3992 53 31 Fr.

2049 4035 168 33 Afcoaaoßionls
2229 4038 58 31 dans
2300 4041 52 28 lOHS
2365 4039 33 30 les
2406 4041 104 30 Bureaux
2522 4041 26 28 de
2558 4041 65 30 Poste
2639 4049 7 21 :
2670 4041 53 31 UN
2737 4041 124 31 FRANC
2875 4041 77 31 PAR
2963 4041 63 38 AN,
3041 4044 21 28 et
3072 4043 13 28 à
3099 4043 73 37 Paris,
3190 4044 48 35 17,
3256 4044 46 30 Sue
3311 4044 28 28 de
3351 4044 98 31 Lmlres

2057 4181 105 78 Les
2203 4183 322 90 Annonces,
2575 4185 305 78 Réclames
2929 4189 60 76 et
3041 4185 158 83 Faits
3239 4189 196 78 divers

2476 4302 146 39 SONT
2657 4302 181 47 REÇUS
2874 4304 143 39 CHEZ

3493 4376 51 48 ifE

2254 4566 65 39 ©„
2368 4569 190 39 i>ïsa«©
2602 4570 83 35 «1®
2726 4572 58 33 I»
2828 4571 287 37 Bourse.
3158 4572 44 35 ©

3630 2824 22 25 Il
3666 2824 77 25 suffît
3757 2824 34 25 de
3801 2824 125 32 justifier
3941 2825 34 24 de
3990 2825 28 25 la
4030 2824 126 33 légitime
4167 2828 142 31 propriété
4320 2828 48 26 des

3598 2855 79 26 vitres
3702 2856 97 24 offerts
3823 2863 33 18 en
3880 2856 203 25 nantissement
4107 2864 71 24 pour
4202 2857 118 31 obtenir,
4337 2867 32 18 en

3596 2887 135 32 quelques
3762 2887 130 31 minutes,
3921 2888 18 25 à
3969 2887 27 26 la
4024 2889 131 28 Banque
4183 2890 185 26 Parisienne

3594 2917 117 32 (capital
3726 2919 46 22 ÎO
3787 2917 135 32 millions)
3941 2919 93 25 toutes
4050 2926 124 19 avances
4191 2920 35 25 de
4235 2920 103 32 fonds.

3627 2949 71 24 Sont
3713 2949 131 31 acceptés
3868 2956 33 17 en
3926 2949 203 28 nantissement
4144 2950 43 25 les
4202 2953 102 28 rentes,
4320 2959 33 19 ac-

3595 2979 84 31 tions,
3696 2979 71 25 bons
3782 2981 28 22 et
3826 2979 170 32 obligations
4012 2980 78 26 cotés
4114 2988 58 18 aux
4195 2981 125 27 Bourses
4337 2983 32 26 de

3596 3011 83 25 Paris
3694 3012 27 24 et
3738 3011 48 25 des
3802 3011 214 32 départements.

3627 3041 207 32 L'importance
3849 3043 48 24 des
3913 3043 77 32 prêts
4005 3043 78 25 varie
4104 3044 77 24 entre
4196 3044 30 25 50
4241 3045 27 24 et
4281 3045 32 24 80
4325 3045 44 32 0/0

3596 3072 37 25 du
3658 3079 83 18 cours
3763 3073 71 25 coté.
3857 3074 53 24 Les
3932 3073 113 25 valeurs
4067 3074 162 32 étrangères
4251 3083 34 18 ne
4307 3079 61 22 sont

3596 3110 52 25 pas
3663 3103 124 25 exclues.

3628 3136 128 24 Avances
3775 3142 50 18 sur
3837 3136 92 25 toutes
3946 3135 113 26 valeurs
4076 3136 17 25 à
4109 3135 64 32 lots,
4189 3137 17 25 à
4220 3137 149 32 proximité

3596 3165 34 25 de
3645 3165 126 32 l'époque
3785 3167 48 24 des
3850 3167 116 31 tirages.

3628 3197 53 24 Les
3696 3196 80 25 titres
3793 3198 65 22 sont
3874 3197 104 25 rendus
3994 3198 18 24 à
4028 3197 208 32 l'emprunteur,
4256 3206 34 19 en
4309 3200 60 26 bloc

3596 3234 37 18 ou
3648 3235 51 24 par
3715 3227 144 31 fractions,
3885 3228 80 25 selon
3980 3228 27 25 le
4023 3231 128 22 montant
4165 3229 47 26 des
4226 3231 125 26 rembour-

3596 3260 124 25 sements
3736 3259 142 26 effectués.

3752 3311 14 18 S
3776 3311 146 19 ADRESSER
3944 3311 39 19 AU
4002 3311 78 19 SIEGE
4098 3311 99 20 SOCIAL
4209 3311 8 20 t

3643 3343 61 26 Rite
3723 3343 155 26 Chauchat
3891 3344 157 32 prolongée
4072 3344 116 32 (ancien
4205 3346 119 32 Opéra).

3800 3404 137 18 BUREAUX
3959 3405 185 19 AUXILIAIRES
4159 3407 6 15 :

3598 3442 38 31 A,
3652 3441 46 31 41,
3715 3448 52 19 rue
3783 3441 35 26 de
3833 3441 113 26 Rennes
3957 3450 9 21 ;
3989 3443 34 31 B,
4041 3443 45 28 10,
4103 3450 53 18 rue
4173 3443 37 25 de
4228 3443 141 33 Turbigo;

3635 3472 33 31 C,
3687 3472 215 31 Grand-Hôtel,
3920 3472 159 26 boulevard
4096 3474 48 26 des
4166 3474 168 32 Capucines.

3601 3559 63 58 ON
3684 3559 159 58 OFFRE
3859 3548 267 70 œ'HAIS"
4148 3552 221 69 MEUBLÉE

3599 3626 37 17 un
3652 3618 151 25 immeuble
3817 3620 34 24 de
3866 3620 194 24 construction
4083 3620 139 25 moderne.
4239 3621 31 25 20
4284 3622 85 31 petits

3598 3652 220 30 appartements.
3837 3650 138 30 .Quartier
3997 3652 18 24 à
4038 3658 165 25 voyageurs.
4221 3651 14 25 2
4252 3653 117 26 entrées.

3599 3683 90 30 Loyer
3704 3681 103 24 annuel
3822 3683 87 27 16,000
3922 3683 33 24 fr.
3976 3681 72 25 Bail.
4107 3683 90 25 S'adr.
4214 3690 50 19 rue
4279 3683 90 26 Saint-

3599 3713 116 30 Lazare,
3730 3712 54 30 100,
3801 3712 34 25 de
3848 3713 15 24 3
3878 3715 17 21 à
3909 3713 13 24 5
3939 3712 111 27 heures.

3618 3798 223 45 MALADIES
3881 3800 57 45 M
3976 3801 208 46 POITRINE
4221 3794 132 63 $=

3617 3852 28 26 et
3660 3853 119 24 certaine
3795 3857 50 25 par
3861 3852 40 26 les
3922 3853 110 31 Sirops
4054 3846 299 40 d'E^rpophosphli»

3647 3881 40 25 de
3704 3882 104 25 Sonde
3823 3888 38 20 ou
3874 3882 39 25 de
3930 3885 117 25 Chaux
4058 3885 37 26 du
4110 3886 34 25 i>
4159 3886 165 26 CHURCHILL.

3615 3911 234 28 Nombreuse»
3880 3914 233 27 attestations
4144 3917 207 27 médicale».

3684 3943 64 26 Prix
3767 3954 6 14 :
3789 3944 14 25 *
3821 3944 32 26 fr,
3868 3944 26 25 le
3909 3944 98 32 flacon,
4025 3952 67 19 avec,
4108 3948 175 27 instruction;

3615 3974 159 27 Pharmacie
3785 3976 169 27 BWAHH,
3969 3976 38 28 12,
4019 3983 48 20 rue
4082 3977 175 30 Oaatigiione.
4267 3978 85 28 Paria.

3706 4117 269 90 Ginnttu
4004 4121 246 80 internes

3823 4214 40 26 AU
3883 4215 138 26 CANNABIS
4043 4217 93 26 INDICA

3657 4248 34 26 de
3706 4250 167 26 GRIMAULT
3885 4252 30 24 et
3922 4250 50 31 Ci»,
3983 4251 194 26 Pharmaciens
4188 4252 15 25 A
4213 4252 86 28 Paris.

3680 4292 21 22 Il
3712 4292 72 22 suffît
3795 4293 122 26 d'aspirer
3927 4293 25 22 la
3963 4294 87 22 fumée
4063 4294 46 24 des
4121 4296 138 26 Cigarettes
4270 4302 33 20 au

3656 4319 135 21 Cannabis
3809 4320 97 24 indica,
3925 4325 66 27 pour
4011 4322 61 21 faire
4093 4322 151 27 disparaître
4265 4323 39 25 les

3654 4349 18 44 F
3673 4345 41 21 lus
3718 4345 111 22 vlolent3
3836 4346 73 21 accès
3918 4343 168 28 d'Asthme.la
4093 4349 65 20 toux
4165 4354 138 20 nerveuse,

3672 4374 180 22 enrouement,
3862 4372 163 21 l'extinction
4033 4374 33 21 do
4075 4374 70 25 voix,
4154 4374 38 24 les
4201 4376 103 21 névral-

3658 4345 57 21 Dlus
3718 4341 90 33 violent
3821 4341 13 33 3
3847 4341 63 33 accès
3918 4341 168 31 d'Asthme.la
4093 4349 65 20 toux
4165 4354 138 20 nerveuse.

3654 4397 57 26 gies
3720 4398 113 24 faciales,
3842 4398 148 21 l'insomnie
3997 4400 27 21 et
4033 4400 142 24 combattre
4183 4401 25 22 la
4217 4402 73 26 phthi-

3653 4426 41 19 ele
3710 4424 137 25 laryngée,
3865 4424 27 22 et
3912 4424 87 22 toutes
4018 4426 133 24 affections
4168 4427 46 22 des
4231 4429 73 22 voies

3653 4450 184 26 respiratoires.
3880 4452 105 25 Chaque
3996 4452 135 26 Cigarette
4139 4456 78 21 porta
4228 4454 27 22 la
4265 4456 24 21 si-

3653 4478 113 26 gnature
3776 4476 33 21 de
3819 4478 176 21 GRIMAULT
4004 4478 20 20 Se
4032 4479 18 20 C
4054 4476 4 30 l
4058 4485 18 14 *.
4115 4481 17 19 2
4141 4478 30 28 fr,
4181 4479 79 25 l'étui.

3707 4513 83 22 PARIS
3803 4520 8 15 :
3824 4514 89 22 DEPOT
3925 4517 71 21 DANS
4011 4517 48 22 LES
4074 4517 176 24 PRINCIPALES
4269 4511 50 31 /£

3702 4552 11 21 \
3891 4548 183 25 PHARMACIES.
4246 4556 9 18 /

4457 2102 230 41 OFFRES
4722 2102 76 40 ET
4834 2105 338 43 DEMANDES

4435 2205 57 40 |TN
4515 2202 180 31 ÉCRIVAIN
4720 2207 216 31 ALLEMAND,
4964 2211 85 30 ayant
5073 2210 58 31 pris
5156 2215 44 20 Bon

4436 2233 26 32 01
4481 2237 103 31 grades
4610 2238 198 32 académiques
4834 2239 17 25 à
4880 2239 96 25 Berlin
5006 2242 27 22 et
5060 2243 139 30 occupant

4433 2268 99 32 depuis
4547 2269 74 25 deux
4635 2276 53 19 ans
4701 2277 54 18 une
4778 2269 124 33 position
4916 2270 157 33 distinguée
5088 2272 70 24 dans
5174 2271 25 25 le

4430 2297 185 32 journalisme
4633 2300 133 32 parisien,
4783 2302 132 31 enseigne
4929 2309 32 18 sa
4975 2303 104 31 langue
5095 2304 87 24 mater-

4433 2329 73 26 nelle
4521 2335 7 20 :
4556 2330 203 31 conversation,
4791 2333 241 31 correspondance
5059 2335 27 22 et
5117 2340 83 20 cours

4433 2361 144 26 d'histoire
4590 2362 145 26 littéraire.
4746 2362 169 26 Références
4926 2363 34 26 do
4976 2363 122 33 premier
5107 2365 92 25 ordre.

4463 2392 97 25 Ecrire
4587 2400 35 19 au
4652 2394 106 26 bureau
4783 2394 37 26 du
4846 2394 122 32 journal,
4994 2402 58 18 aux
5074 2395 125 26 initiales

4433 2422 35 25 R.
4485 2422 25 25 J.
4525 2424 56 24 101.

4761 2955 60 69 H»

4538 3035 111 63 102,
4662 3054 100 35 Boni*
4773 3057 214 45 Sébastopol,
5011 3041 92 52 102

4664 3105 30 20 U
4703 3106 84 20 MDAM
4795 3109 40 17 SU
4844 3105 193 24 AKtS-n-HtaXM

4721 3143 189 37 PARIS

4429 3292 762 90 EMHBâ

4431 3383 171 26 Bronchite,
4607 3385 136 25 Asthme,
4753 3384 98 25 guéràon
4859 3385 194 26 sûre,rapide,par
5063 3385 128 22 Traitement

4430 3410 90 24 Aubrée,
4533 3410 256 27 médecin-pharmacien.
4807 3410 40 21 Pas
4858 3411 103 26 coûteux,
4976 3411 87 27 prescrit
5076 3411 76 26 depuis
5164 3411 27 21 20

4431 3441 39 15 ans
4482 3441 39 22 par
4532 3436 107 21 célébrités
4656 3436 113 21 médicales
4787 3437 26 21 de
4831 3438 47 20 tons
4893 3444 63 20 pays,
4976 3437 91 22 milliers
5082 3437 26 21 do
5127 3443 64 15 cures

4430 3461 67 22 môme
4506 3462 25 21 de
4538 3462 107 21 vieillards
4652 3463 26 20 de
4684 3463 26 20 90
4717 3469 46 15 ans.
4773 3463 92 21 Prouves
4872 3465 21 20 et
4904 3463 177 24 rensoiincmeuts
5089 3463 100 27 gratuits.

4431 3483 759 33 ldrssserlettresàGUlLL£M&lN-ADBBEll,î'erté-Vidame(inre-et-hoii^

4871 3587 308 89 m*™

4470 3685 81 21 Guéries
4563 3691 34 20 par
4606 3686 18 21 la
4632 3686 126 21 GRAINE
4768 3687 25 21 de
4802 3687 187 21 MOUTARDE
5001 3690 155 21 BLANCHE

4456 3716 24 21 de
4500 3718 148 25 3DXBXKR,
4665 3718 34 24 20,
4719 3719 113 22 Boulevard
4850 3719 155 24 Poissonnière,
5022 3719 31 20 F*
5053 3719 28 21 A.
5087 3719 52 21 JRI
5144 3718 25 21 S

4430 3827 240 43 n&arv^i&
4682 3830 19 26 ï
4701 3830 20 39 i
4721 3829 229 30 i,soußcE
4977 3830 24 30 s
5002 3830 13 18 l
5021 3831 58 30 -M
5088 3831 98 31 art

4695 3857 33 30 &
4750 3865 60 28 dite
4825 3866 138 28 Fontaine
4975 3868 51 26 des
5040 3868 146 30 Goutteux

4431 3898 248 35 Goutte,Rhumat.,
4688 3902 133 32 Grctvellc;
4826 3912 52 18 une
4883 3905 17 24 h
4902 3905 14 18 1
4917 3909 11 13 1»
4930 3912 47 25 par
4978 3906 63 28 jour
5043 3913 52 19 aux
5100 3913 85 25 repas.

4559 4234 237 22 PASTILLES
4828 4237 255 21 DIGESTIVES

4506 4264 131 26 Fabriquées
4650 4265 13 20 à
4675 4265 73 26 Vichy,
4763 4272 50 14 avec
4832 4266 31 20 les
4877 4267 45 19 Sels
4937 4267 87 19 extraits
5039 4269 38 19 des
5089 4270 69 19 Eaux.

4480 4290 59 21 Elles
4552 4291 51 19 sont
4617 4290 50 21 d'un
4682 4291 56 20 Goût
4750 4291 102 27 agréable
4865 4294 21 18 et
4898 4294 48 18 sont
4961 4293 112 25 prescrites
5087 4297 71 19 contre

4480 4317 33 20 les
4525 4316 99 26 aigreurs
4637 4318 20 19 et
4669 4318 31 19 les
4713 4318 125 26 Digestions
4851 4318 105 21 difficiles.

4668 4343 84 21 BOÎTES
4767 4350 27 14 DE
4811 4345 18 25 I,
4845 4346 11 18 2
4871 4350 26 14 ET
4911 4348 12 18 5
4938 4351 34 14 rn.

4481 4376 110 26 SELS
4613 4377 57 25 DE
4691 4377 146 26 VICHY
4865 4380 123 25 POUR
5011 4381 146 26 BAINS

4580 4409 30 19 LE
4624 4409 111 19 ROULEAU
4752 4415 56 14 POUR
4825 4411 33 19 UN
4874 4411 63 24 BAIN,
4955 4413 8 19 1
4981 4417 34 14 RN.
5029 4413 25 19 25

4509 4442 149 26 SUCRE
4690 4443 169 25 D'ORGE
4891 4444 59 25 DE
4980 4446 146 25 VICHY

4479 4474 131 21 EXCELLENT
4623 4474 92 20 BONBON
4729 4475 115 20 DIGESTIF.
4858 4475 84 20 BOITES
4955 4481 27 15 DE
5000 4478 19 25 I,
5031 4478 11 19 2
5055 4482 27 15 ET
5095 4478 11 20 3
5120 4482 37 17 FR.

4478 4509 20 20 A
4508 4507 67 27 Paris,
4589 4509 32 24 22,
4631 4508 110 21 boulevart
4753 4511 139 20 Montmartre
4900 4507 5 28 ;
4922 4512 33 24 28,
4965 4517 38 15 rue
5013 4511 39 21 des
5063 4513 93 20 Francs-

4478 4534 125 26 Bourgeois,
4611 4535 22 19 et
4641 4535 44 25 187,
4695 4540 37 15 rue
4739 4535 126 26 St-Honoré,
4874 4535 27 20 où
4910 4543 22 14 se
4941 4539 97 19 trouvent
5047 4538 13 20 à
5068 4538 47 26 prix
5122 4538 24 21 ré-

4478 4560 58 21 duits
4541 4561 72 20 toutes
4623 4561 31 20 les
4663 4566 56 15 eaux
4728 4561 115 21 minérales
4851 4563 113 20 naturelles
4976 4569 48 15 sans
5034 4564 120 25 exception.
